{"gold_per_floor":[118,118,118,129,144,144,27,127,173,173,199,212,223,241,241,241],"floor_reached":16,"playtime":972,"items_purged":[],"score":102,"play_id":"afc6ad19-0872-4f1d-839e-59b70c06216e","local_time":"20210405232852","is_ascension_mode":false,"campfire_choices":[{"floor":6,"key":"REST"},{"floor":10,"key":"REST"},{"floor":15,"key":"REST"}],"neow_cost":"PERCENT_DAMAGE","seed_source_timestamp":1401822906477800,"circlet_count":0,"master_deck":["Strike_G+1","Strike_G","Strike_G","Strike_G","Strike_G","Defend_G","Defend_G","Defend_G+1","Defend_G","Defend_G","Survivor","Neutralize","Tools of the Trade","Skewer","Prepared","Flying Knee","Mind Blast","Escape Plan","Unload","Dagger Spray","Bouncing Flask","Distraction"],"relics":["Ring of the Snake","Bronze Scales","Blood Vial"],"potions_floor_usage":[],"damage_taken":[{"damage":0,"enemies":"Jaw Worm","floor":1,"turns":4},{"damage":2,"enemies":"Small Slimes","floor":4,"turns":5},{"damage":0,"enemies":"2 Louse","floor":5,"turns":2},{"damage":27,"enemies":"3 Sentries","floor":11,"turns":9},{"damage":18,"enemies":"Lots of Slimes","floor":12,"turns":4},{"damage":11,"enemies":"Exordium Wildlife","floor":13,"turns":4},{"damage":0,"enemies":"Red Slaver","floor":14,"turns":3},{"damage":48,"enemies":"Slime Boss","floor":16,"turns":7}],"seed_played":"4046445918533684282","potions_obtained":[{"floor":5,"key":"LiquidMemories"},{"floor":11,"key":"DuplicationPotion"},{"floor":14,"key":"Ancient Potion"}],"is_trial":false,"path_per_floor":["M","?","?","M","M","R","$","?","T","R","E","M","M","M","R","B"],"character_chosen":"THE_SILENT","items_purchased":["Mind Blast","Escape Plan"],"campfire_rested":3,"item_purchase_floors":[7,7],"current_hp_per_floor":[49,35,35,33,33,54,54,54,54,70,43,27,18,20,41,0],"gold":241,"neow_bonus":"THREE_RARE_CARDS","is_prod":false,"is_daily":false,"chose_seed":false,"campfire_upgraded":0,"win_rate":0.0,"timestamp":1617679732,"path_taken":["M","?","?","M","M","R","$","?","T","R","E","M","?","M","R","BOSS"],"build_version":"2020-12-22","purchased_purges":0,"victory":false,"max_hp_per_floor":[70,70,70,70,70,70,70,70,70,70,70,70,70,70,70,70],"card_choices":[{"not_picked":["Malaise","Bullet Time"],"picked":"Tools of the Trade","floor":0},{"not_picked":["PiercingWail","Masterful Stab"],"picked":"Skewer","floor":1},{"not_picked":["Sucker Punch","Deflect"],"picked":"Prepared","floor":4},{"not_picked":["Deflect","Dodge and Roll"],"picked":"Flying Knee","floor":5},{"not_picked":["Reflex","Blur"],"picked":"Unload","floor":11},{"not_picked":["Dagger Throw","Bouncing Flask"],"picked":"Dagger Spray","floor":12},{"not_picked":["Flying Knee","Heel Hook"],"picked":"Bouncing Flask","floor":13},{"not_picked":["Flying Knee","Slice"],"picked":"Distraction","floor":14}],"player_experience":15425,"relics_obtained":[{"floor":9,"key":"Bronze Scales"},{"floor":11,"key":"Blood Vial"}],"event_choices":[{"damage_healed":0,"gold_gain":0,"player_choice":"Entered Light","damage_taken":14,"max_hp_gain":0,"max_hp_loss":0,"event_name":"Shining Light","floor":2,"gold_loss":0,"cards_upgraded":["Strike_G","Defend_G"]},{"damage_healed":0,"gold_gain":0,"player_choice":"Ignored","damage_taken":0,"max_hp_gain":0,"max_hp_loss":0,"event_name":"Liars Game","floor":3,"gold_loss":0},{"damage_healed":0,"gold_gain":100,"player_choice":"Pray","damage_taken":0,"max_hp_gain":0,"max_hp_loss":0,"event_name":"Golden Shrine","floor":8,"gold_loss":0}],"is_beta":false,"boss_relics":[],"items_purged_floors":[],"is_endless":false,"potions_floor_spawned":[5,11,14],"killed_by":"Slime Boss","ascension_level":0}