{"gold_per_floor":[110,185,185,197,17,17,30,30,53,68,83,8,8,21,21,121,121,141,159,172,172,187,187,187,214,214,214,239,239,256,27,27,124,124,143,143,161,177,177,177,211,229,229,260,260,260,111,1,1,1],"floor_reached":51,"playtime":3302,"items_purged":["Defend_G","Strike_G"],"score":760,"play_id":"59b583d0-9559-4ea5-bd28-a807d91e23ac","local_time":"20210406170859","is_ascension_mode":false,"campfire_choices":[{"data":"Bane","floor":6,"key":"SMITH"},{"data":"Deflect","floor":13,"key":"SMITH"},{"data":"Neutralize","floor":15,"key":"SMITH"},{"floor":23,"key":"REST"},{"floor":27,"key":"REST"},{"floor":29,"key":"REST"},{"data":"Tactician","floor":32,"key":"SMITH"},{"data":"Defend_G","floor":40,"key":"SMITH"},{"data":"Good Instincts","floor":49,"key":"SMITH"}],"neow_cost":"NONE","seed_source_timestamp":10643975715900,"circlet_count":0,"master_deck":["Defend_G+1","Defend_G","Defend_G","Defend_G","Survivor+1","Neutralize+1","Terror+1","Bane+1","Slice","Dagger Throw","Deflect+1","Dash","Flying Knee","Burst","Underhanded Strike+1","Underhanded Strike+1","Malaise+1","Dagger Throw+1","Deflect","Acrobatics","Tactician+1","Distraction+1","Underhanded Strike+1","PiercingWail","Deadly Poison","Distraction","Wraith Form v2+1","PiercingWail+1","Poisoned Stab+1","Bouncing Flask+1","Noxious Fumes+1","Outmaneuver+1","Acrobatics","Good Instincts+1","Finisher"],"relics":["Ring of the Snake","Omamori","Snake Skull","Astrolabe","WarpedTongs","Necronomicon","Mummified Hand","Happy Flower","Bag of Marbles","Philosopher\u0027s Stone","Frozen Egg 2","Paper Crane","Dream Catcher","Membership Card","Lee\u0027s Waffle"],"potions_floor_usage":[20,33,41,50],"damage_taken":[{"damage":9,"enemies":"Jaw Worm","floor":1,"turns":5},{"damage":0,"enemies":"2 Louse","floor":4,"turns":2},{"damage":0,"enemies":"Small Slimes","floor":7,"turns":3},{"damage":8,"enemies":"Red Slaver","floor":10,"turns":5},{"damage":3,"enemies":"Large Slime","floor":11,"turns":4},{"damage":2,"enemies":"Looter","floor":14,"turns":3},{"damage":31,"enemies":"The Guardian","floor":16,"turns":11},{"damage":0,"enemies":"Chosen","floor":18,"turns":4},{"damage":2,"enemies":"Shell Parasite","floor":19,"turns":4},{"damage":35,"enemies":"Snecko","floor":20,"turns":7},{"damage":1,"enemies":"Snake Plant","floor":22,"turns":3},{"damage":23,"enemies":"Gremlin Leader","floor":25,"turns":5},{"damage":10,"enemies":"Slavers","floor":28,"turns":5},{"damage":5,"enemies":"Centurion and Healer","floor":30,"turns":4},{"damage":49,"enemies":"Champ","floor":33,"turns":9},{"damage":0,"enemies":"Orb Walker","floor":35,"turns":1},{"damage":18,"enemies":"3 Shapes","floor":37,"turns":2},{"damage":2,"enemies":"Jaw Worm Horde","floor":38,"turns":3},{"damage":1,"enemies":"Giant Head","floor":41,"turns":7},{"damage":0,"enemies":"Transient","floor":42,"turns":5},{"damage":58,"enemies":"Nemesis","floor":44,"turns":7},{"damage":61,"enemies":"Donu and Deca","floor":50,"turns":9}],"seed_played":"-213476869253137909","potions_obtained":[{"floor":4,"key":"Weak Potion"},{"floor":10,"key":"SkillPotion"},{"floor":14,"key":"SpeedPotion"},{"floor":22,"key":"Swift Potion"},{"floor":33,"key":"LiquidBronze"},{"floor":37,"key":"ColorlessPotion"},{"floor":41,"key":"Fruit Juice"}],"is_trial":false,"path_per_floor":["M","?","?","M","$","R","M","?","T","M","M","$","R","M","R","B",null,"M","M","M","?","M","R","?","E","T","R","E","R","M","$","R","B",null,"M","?","M","M","?","R","E","M","T","E","?","?","$","$","R","B",null],"character_chosen":"THE_SILENT","items_purchased":["Omamori","Slice","Deadly Poison","Distraction","Membership Card","Lee\u0027s Waffle","Finisher"],"campfire_rested":3,"item_purchase_floors":[5,5,31,31,47,48,48],"current_hp_per_floor":[68,57,57,57,57,57,57,57,57,49,46,46,46,44,44,13,77,77,75,40,40,39,62,46,23,23,46,36,59,54,54,54,5,77,77,77,59,57,57,57,61,61,61,3,3,3,3,89,89,28],"gold":1,"neow_bonus":"TEN_PERCENT_HP_BONUS","is_prod":false,"is_daily":false,"chose_seed":false,"campfire_upgraded":6,"win_rate":0.0,"timestamp":1617743339,"path_taken":["M","?","?","M","$","R","M","?","T","M","?","$","R","M","R","BOSS","M","M","M","?","?","R","?","E","T","R","E","R","M","$","R","BOSS","M","?","?","M","?","R","E","M","T","E","?","?","?","$","R","BOSS"],"build_version":"2020-12-22","purchased_purges":2,"victory":true,"max_hp_per_floor":[77,77,77,77,77,77,77,77,77,77,77,77,77,77,77,77,77,77,77,77,77,77,77,77,77,77,77,77,77,77,77,77,77,77,77,77,77,77,77,77,82,82,82,82,82,82,82,89,89,89],"card_choices":[{"not_picked":["Dagger Throw","Predator"],"picked":"Terror","floor":1},{"not_picked":["Riddle With Holes","Poisoned Stab"],"picked":"Bane","floor":4},{"not_picked":["Distraction","Dodge and Roll"],"picked":"Dagger Throw","floor":7},{"not_picked":["Outmaneuver","Backstab"],"picked":"Deflect","floor":10},{"not_picked":["Outmaneuver","Sucker Punch"],"picked":"Dash","floor":11},{"not_picked":["Outmaneuver","Malaise"],"picked":"Flying Knee","floor":14},{"not_picked":["Malaise","Doppelganger"],"picked":"Burst","floor":16},{"not_picked":["PiercingWail","Deadly Poison"],"picked":"Dagger Throw+1","floor":18},{"not_picked":["Quick Slash","Dagger Throw"],"picked":"Deflect","floor":19},{"not_picked":["Dagger Spray","Quick Slash+1"],"picked":"Acrobatics","floor":20},{"not_picked":["Backflip","Underhanded Strike"],"picked":"Tactician","floor":22},{"not_picked":["Bane","Tools of the Trade"],"picked":"Distraction+1","floor":25},{"not_picked":["Catalyst","Caltrops"],"picked":"Underhanded Strike+1","floor":28},{"not_picked":["Quick Slash","Deflect+1"],"picked":"PiercingWail","floor":30},{"not_picked":["Unload","Venomology"],"picked":"Wraith Form v2","floor":33},{"not_picked":["Flechettes+1","Blade Dance"],"picked":"PiercingWail+1","floor":35},{"not_picked":["Deadly Poison","PiercingWail"],"picked":"Poisoned Stab+1","floor":37},{"not_picked":["Flying Knee+1","Backflip"],"picked":"Bouncing Flask+1","floor":38},{"not_picked":["Night Terror","Deflect+1"],"picked":"Noxious Fumes+1","floor":41},{"not_picked":["PiercingWail","Dagger Spray+1"],"picked":"Outmaneuver+1","floor":42},{"not_picked":["Prepared+1","Riddle With Holes+1"],"picked":"Acrobatics","floor":44},{"not_picked":["Finesse","Mind Blast"],"picked":"Good Instincts","floor":45}],"player_experience":36125,"relics_obtained":[{"floor":9,"key":"Snake Skull"},{"floor":24,"key":"Necronomicon"},{"floor":25,"key":"Mummified Hand"},{"floor":26,"key":"Happy Flower"},{"floor":28,"key":"Bag of Marbles"},{"floor":41,"key":"Frozen Egg 2"},{"floor":43,"key":"Paper Crane"},{"floor":44,"key":"Dream Catcher"}],"event_choices":[{"damage_healed":0,"gold_gain":75,"player_choice":"Gather Gold","damage_taken":11,"max_hp_gain":0,"max_hp_loss":0,"event_name":"World of Goop","floor":2,"gold_loss":0},{"damage_healed":0,"gold_gain":0,"player_choice":"Grow","damage_taken":0,"max_hp_gain":0,"max_hp_loss":0,"event_name":"Living Wall","floor":3,"gold_loss":0,"cards_upgraded":["Terror"]},{"damage_healed":0,"gold_gain":0,"player_choice":"Upgraded","damage_taken":0,"max_hp_gain":0,"max_hp_loss":0,"event_name":"Upgrade Shrine","floor":8,"gold_loss":0,"cards_upgraded":["Survivor"]},{"damage_healed":0,"gold_gain":0,"player_choice":"Rummage","damage_taken":0,"relics_obtained":["WarpedTongs"],"max_hp_gain":0,"max_hp_loss":0,"event_name":"Accursed Blacksmith","floor":21,"gold_loss":0,"cards_obtained":["Pain"]},{"damage_healed":0,"gold_gain":0,"player_choice":"Obtained Book","damage_taken":16,"max_hp_gain":0,"max_hp_loss":0,"event_name":"Cursed Tome","floor":24,"gold_loss":0},{"damage_healed":0,"gold_gain":0,"player_choice":"Upgraded","damage_taken":0,"max_hp_gain":0,"max_hp_loss":0,"event_name":"Upgrade Shrine","floor":36,"gold_loss":0,"cards_upgraded":["Wraith Form v2"]},{"cards_removed":["Strike_G"],"damage_healed":0,"gold_gain":0,"player_choice":"Removed Attack","damage_taken":0,"max_hp_gain":0,"max_hp_loss":0,"event_name":"Falling","floor":39,"gold_loss":0},{"damage_healed":0,"gold_gain":0,"player_choice":"Memory 1","damage_taken":0,"max_hp_gain":0,"max_hp_loss":0,"event_name":"SensoryStone","floor":45,"gold_loss":0},{"damage_healed":0,"gold_gain":0,"player_choice":"Ignored","damage_taken":0,"max_hp_gain":0,"max_hp_loss":0,"event_name":"Mysterious Sphere","floor":46,"gold_loss":0}],"is_beta":false,"boss_relics":[{"not_picked":["Ring of the Serpent","Snecko Eye"],"picked":"Astrolabe"},{"not_picked":["Sozu","Coffee Dripper"],"picked":"Philosopher\u0027s Stone"}],"items_purged_floors":[12,31],"is_endless":false,"potions_floor_spawned":[4,10,14,19,22,25,28,33,37,41],"ascension_level":0}