{"gold_per_floor":[210,225,240,240,14,34,34,49,101,114,114,152,152,152,152,272,272,286,310,310,310,310,63,63,77,102,118,136,235,235,12,12,112,112,132,148,148,108,120,120],"floor_reached":40,"playtime":2398,"items_purged":["Strike_G"],"score":413,"play_id":"65ead731-3d8f-4b48-88f9-2d489795725e","local_time":"20210406000912","is_ascension_mode":false,"campfire_choices":[{"data":"Crippling Poison","floor":7,"key":"SMITH"},{"floor":11,"key":"REST"},{"floor":13,"key":"REST"},{"floor":15,"key":"REST"},{"floor":24,"key":"REST"},{"floor":30,"key":"REST"},{"data":"Venomology","floor":32,"key":"SMITH"}],"neow_cost":"NONE","seed_source_timestamp":1402816013076500,"circlet_count":0,"master_deck":["Strike_G+1","Defend_G","Defend_G","Defend_G","Defend_G","Defend_G","Survivor","Neutralize","Dagger Throw","Backstab","Dagger Spray","Injury","Deadly Poison","Dagger Throw+1","Crippling Poison+1","Underhanded Strike","Quick Slash","Sucker Punch","Venomology+1","Expertise+1","Die Die Die+1","Calculated Gamble+1","Dodge and Roll","Backflip","Necronomicurse","Dramatic Entrance","Dodge and Roll","Acrobatics","Dodge and Roll+1","Venomology","After Image","Backstab","Deadly Poison","Madness","Madness","Caltrops","Backstab+1"],"relics":["Ring of the Snake","Bloody Idol","TwistedFunnel","Oddly Smooth Stone","Bottled Flame","Astrolabe","Necronomicon","Toolbox","Anchor","DollysMirror","HoveringKite"],"potions_floor_usage":[18,19,25,27,28,33,33,33,33,33,35,36,36,36,36,39,39,40,40],"damage_taken":[{"damage":0,"enemies":"2 Louse","floor":1,"turns":3},{"damage":2,"enemies":"Small Slimes","floor":2,"turns":3},{"damage":0,"enemies":"Jaw Worm","floor":3,"turns":3},{"damage":22,"enemies":"Large Slime","floor":6,"turns":6},{"damage":10,"enemies":"Exordium Wildlife","floor":8,"turns":3},{"damage":0,"enemies":"Looter","floor":10,"turns":2},{"damage":16,"enemies":"Gremlin Nob","floor":12,"turns":4},{"damage":35,"enemies":"The Guardian","floor":16,"turns":11},{"damage":13,"enemies":"Spheric Guardian","floor":18,"turns":5},{"damage":0,"enemies":"Chosen","floor":19,"turns":4},{"damage":6,"enemies":"3 Cultists","floor":25,"turns":4},{"damage":18,"enemies":"Snake Plant","floor":27,"turns":4},{"damage":16,"enemies":"Chosen and Byrds","floor":28,"turns":5},{"damage":43,"enemies":"Collector","floor":33,"turns":7},{"damage":19,"enemies":"3 Darklings","floor":35,"turns":3},{"damage":3,"enemies":"Orb Walker","floor":36,"turns":3},{"damage":1,"enemies":"Jaw Worm Horde","floor":39,"turns":3},{"damage":53,"enemies":"Nemesis","floor":40,"turns":5}],"seed_played":"5724113927632831724","potions_obtained":[{"floor":6,"key":"Dexterity Potion"},{"floor":8,"key":"EntropicBrew"},{"floor":10,"key":"Poison Potion"},{"floor":33,"key":"Poison Potion"},{"floor":35,"key":"Energy Potion"},{"floor":39,"key":"PowerPotion"}],"is_trial":false,"path_per_floor":["M","M","M","?","$","M","R","M","T","M","R","E","R","?","R","B",null,"M","M","?","?","?","$","R","M","T","M","M","?","R","$","R","B",null,"M","M","?","$","M","E"],"character_chosen":"THE_SILENT","items_purchased":["TwistedFunnel","Deadly Poison","Dagger Throw","Toolbox","Dramatic Entrance","DollysMirror","Caltrops"],"campfire_rested":5,"item_purchase_floors":[5,5,5,23,23,31,38],"current_hp_per_floor":[70,68,68,68,68,46,46,36,36,36,57,41,62,48,69,34,70,57,57,41,41,41,41,62,61,66,53,42,47,68,68,68,30,70,56,58,49,49,53,0],"gold":120,"neow_bonus":"HUNDRED_GOLD","is_prod":false,"is_daily":false,"chose_seed":false,"campfire_upgraded":2,"win_rate":0.0,"timestamp":1617682152,"path_taken":["M","M","M","?","$","M","R","M","T","M","R","E","R","?","R","BOSS","M","M","?","?","?","$","R","M","T","M","M","?","R","$","R","BOSS","M","M","?","$","M","E"],"build_version":"2020-12-22","purchased_purges":1,"victory":false,"max_hp_per_floor":[70,70,70,70,70,70,70,70,70,70,70,70,70,70,70,70,70,70,70,70,70,70,70,70,70,70,70,70,70,70,70,70,70,70,70,70,70,70,70,70],"card_choices":[{"not_picked":["Prepared","Deadly Poison"],"picked":"Dagger Throw","floor":1},{"not_picked":["Quick Slash","Choke"],"picked":"Backstab","floor":2},{"not_picked":["Well Laid Plans","Wraith Form v2"],"picked":"Dagger Spray","floor":3},{"not_picked":["Underhanded Strike","Infinite Blades"],"picked":"Crippling Poison","floor":6},{"not_picked":["Slice","Heel Hook"],"picked":"Underhanded Strike","floor":8},{"not_picked":["Deflect","PiercingWail"],"picked":"Quick Slash","floor":10},{"not_picked":["Outmaneuver","Flechettes"],"picked":"Sucker Punch","floor":12},{"not_picked":["A Thousand Cuts","Envenom"],"picked":"Venomology","floor":16},{"not_picked":["Riddle With Holes","Heel Hook"],"picked":"Dodge and Roll","floor":18},{"not_picked":["Riddle With Holes","Leg Sweep+1"],"picked":"Backflip","floor":19},{"not_picked":["Dagger Spray","Heel Hook+1"],"picked":"Dodge and Roll","floor":25},{"not_picked":["Dash+1","Skewer"],"picked":"Acrobatics","floor":27},{"not_picked":["Flying Knee","Flechettes"],"picked":"Dodge and Roll+1","floor":28},{"not_picked":["Tools of the Trade","Burst"],"picked":"After Image","floor":33},{"not_picked":["Sucker Punch","Prepared+1"],"picked":"Backstab","floor":35},{"not_picked":["Backflip+1","Dodge and Roll+1"],"picked":"Deadly Poison","floor":36},{"not_picked":["Riddle With Holes+1","Flying Knee+1"],"picked":"Backstab+1","floor":39}],"player_experience":16397,"relics_obtained":[{"floor":9,"key":"Oddly Smooth Stone"},{"floor":12,"key":"Bottled Flame"},{"floor":20,"key":"Necronomicon"},{"floor":26,"key":"Anchor"}],"event_choices":[{"damage_healed":0,"gold_gain":0,"player_choice":"Take Wound","damage_taken":0,"relics_obtained":["Golden Idol"],"max_hp_gain":0,"max_hp_loss":0,"event_name":"Golden Idol","floor":4,"gold_loss":0,"cards_obtained":["Injury"]},{"damage_healed":0,"gold_gain":0,"player_choice":"Entered Light","damage_taken":14,"max_hp_gain":0,"max_hp_loss":0,"event_name":"Shining Light","floor":14,"gold_loss":0,"cards_upgraded":["Dagger Throw","Strike_G"]},{"damage_healed":0,"gold_gain":0,"player_choice":"Obtained Book","damage_taken":16,"max_hp_gain":0,"max_hp_loss":0,"event_name":"Cursed Tome","floor":20,"gold_loss":0},{"damage_healed":0,"gold_gain":0,"player_choice":"Gave Idol","damage_taken":0,"relics_obtained":["Bloody Idol"],"max_hp_gain":0,"max_hp_loss":0,"event_name":"Forgotten Altar","floor":21,"relics_lost":["Golden Idol"],"gold_loss":0},{"damage_healed":0,"gold_gain":0,"player_choice":"Ignored","damage_taken":0,"max_hp_gain":0,"max_hp_loss":0,"event_name":"Ghosts","floor":22,"gold_loss":0},{"damage_healed":0,"gold_gain":99,"player_choice":"Stole From Cult","damage_taken":0,"max_hp_gain":0,"max_hp_loss":0,"event_name":"Nest","floor":29,"gold_loss":0},{"damage_healed":0,"gold_gain":0,"player_choice":"Embrace Madness","damage_taken":9,"max_hp_gain":0,"max_hp_loss":0,"event_name":"Winding Halls","floor":37,"gold_loss":0,"cards_obtained":["Madness","Madness"]}],"is_beta":false,"boss_relics":[{"not_picked":["Black Star","Snecko Eye"],"picked":"Astrolabe"},{"not_picked":["Philosopher\u0027s Stone","Ring of the Serpent"],"picked":"HoveringKite"}],"items_purged_floors":[31],"is_endless":false,"potions_floor_spawned":[6,8,10,16,25,33,35,39],"killed_by":"Nemesis","ascension_level":0}