{"gold_per_floor":[114,130,305,87,101,101,121,121,121,140,201,1,1,1,1,96,96,106,21,37,37,55,55],"floor_reached":23,"playtime":1852,"items_purged":[],"score":181,"play_id":"8277da18-eef8-4a13-bd76-cb41a663dbe1","local_time":"20210405213105","is_ascension_mode":false,"campfire_choices":[{"data":"Metamorphosis","floor":6,"key":"SMITH"},{"data":"Deadly Poison","floor":8,"key":"SMITH"},{"data":"Deadly Poison","floor":15,"key":"SMITH"}],"neow_cost":"NONE","seed_source_timestamp":1393875180588800,"circlet_count":0,"master_deck":["Strike_G","Strike_G","Defend_G","Defend_G","Defend_G","Defend_G","Defend_G","Survivor","Neutralize","Deadly Poison+1","Blade Dance","Doubt","Metamorphosis+1","Poisoned Stab","Blur","Quick Slash","Terror+1","Eviscerate","Deadly Poison+1","A Thousand Cuts","Bouncing Flask+1","Burst+1","Dodge and Roll+1","Deadly Poison","Swift Strike","Prepared","Infinite Blades+1"],"relics":["Ring of the Snake","Ninja Scroll","Chemical X","Astrolabe","Nloth\u0027s Gift"],"potions_floor_usage":[],"damage_taken":[{"damage":0,"enemies":"Small Slimes","floor":1,"turns":3},{"damage":0,"enemies":"Jaw Worm","floor":2,"turns":4},{"damage":4,"enemies":"2 Louse","floor":5,"turns":4},{"damage":2,"enemies":"Looter","floor":7,"turns":4},{"damage":0,"enemies":"Lots of Slimes","floor":10,"turns":2},{"damage":5,"enemies":"Gremlin Nob","floor":11,"turns":4},{"damage":35,"enemies":"Slime Boss","floor":16,"turns":5},{"damage":16,"enemies":"Spheric Guardian","floor":18,"turns":4},{"damage":5,"enemies":"Chosen","floor":20,"turns":4},{"damage":35,"enemies":"Centurion and Healer","floor":22,"turns":5},{"damage":22,"enemies":"Chosen and Byrds","floor":23,"turns":4}],"seed_played":"-5290586791616591326","potions_obtained":[{"floor":2,"key":"Strength Potion"},{"floor":16,"key":"SkillPotion"},{"floor":18,"key":"Block Potion"},{"floor":20,"key":"CunningPotion"},{"floor":22,"key":"ColorlessPotion"}],"is_trial":false,"path_per_floor":["M","M","?","$","M","R","M","R","T","M","?","$","?","?","R","B",null,"M","$","M","?","M","M"],"character_chosen":"THE_SILENT","items_purchased":["Metamorphosis","Poisoned Stab","Chemical X","Deadly Poison","Swift Strike"],"campfire_rested":0,"item_purchase_floors":[4,4,12,12,19],"current_hp_per_floor":[77,77,77,77,73,73,71,71,71,71,66,66,66,66,66,31,77,61,61,56,56,21,0],"gold":55,"neow_bonus":"TEN_PERCENT_HP_BONUS","is_prod":false,"is_daily":false,"chose_seed":false,"campfire_upgraded":3,"win_rate":0.0,"timestamp":1617672665,"path_taken":["M","M","?","$","M","R","M","R","T","M","?","$","?","?","R","BOSS","M","$","M","?","M","M"],"build_version":"2020-12-22","purchased_purges":0,"victory":false,"max_hp_per_floor":[77,77,77,77,77,77,77,77,77,77,77,77,77,77,77,77,77,77,77,77,77,77,77],"card_choices":[{"not_picked":["Sucker Punch","Skewer"],"picked":"Deadly Poison","floor":1},{"not_picked":["Dodge and Roll","Dagger Throw"],"picked":"Blade Dance","floor":2},{"not_picked":["Caltrops","Poisoned Stab"],"picked":"Blur","floor":5},{"not_picked":["Backstab","Wraith Form v2"],"picked":"Quick Slash","floor":7},{"not_picked":["Blade Dance","Flechettes"],"picked":"Terror","floor":10},{"not_picked":["Dash","Underhanded Strike"],"picked":"Eviscerate","floor":11},{"not_picked":["Die Die Die","Adrenaline"],"picked":"A Thousand Cuts","floor":16},{"not_picked":["Predator+1","Quick Slash"],"picked":"Deadly Poison","floor":18},{"not_picked":["Blade Dance","Underhanded Strike+1"],"picked":"Prepared","floor":20},{"not_picked":["Blade Dance+1","Dodge and Roll"],"picked":"Infinite Blades+1","floor":22}],"player_experience":7568,"relics_obtained":[{"floor":9,"key":"Ninja Scroll"},{"floor":11,"key":"Kunai"}],"event_choices":[{"damage_healed":0,"gold_gain":175,"player_choice":"AGREE","damage_taken":0,"max_hp_gain":0,"max_hp_loss":0,"event_name":"Liars Game","floor":3,"gold_loss":0,"cards_obtained":["Doubt"]},{"damage_healed":0,"gold_gain":0,"player_choice":"Searched \u00271\u0027 times","damage_taken":0,"max_hp_gain":0,"max_hp_loss":0,"event_name":"Dead Adventurer","floor":11,"gold_loss":0},{"damage_healed":0,"gold_gain":0,"player_choice":"Grow","damage_taken":0,"max_hp_gain":0,"max_hp_loss":0,"event_name":"Living Wall","floor":13,"gold_loss":0,"cards_upgraded":["Terror"]},{"damage_healed":0,"gold_gain":0,"player_choice":"Ignored","damage_taken":0,"max_hp_gain":0,"max_hp_loss":0,"event_name":"Golden Wing","floor":14,"gold_loss":0},{"damage_healed":0,"gold_gain":0,"player_choice":"Traded Relic","damage_taken":0,"relics_obtained":["Nloth\u0027s Gift"],"max_hp_gain":0,"max_hp_loss":0,"event_name":"N\u0027loth","floor":21,"relics_lost":["Kunai"],"gold_loss":0}],"is_beta":false,"boss_relics":[{"not_picked":["Philosopher\u0027s Stone","Fusion Hammer"],"picked":"Astrolabe"}],"items_purged_floors":[],"is_endless":false,"potions_floor_spawned":[2,16,18,20,22],"killed_by":"Chosen and Byrds","ascension_level":0}