{"gold_per_floor":[119,131,81,81,94,94,121,121,167,205,217,248,34,45,45,144,144,160,160,173,73,85,85,85,100,126,47,47,79,79,104,104,209,209,220,12,32,48,59,59,88,103,103,103,103,103,0,15,15,15],"floor_reached":51,"playtime":1925,"items_purged":["Strike_G","Strike_G","Defend_G"],"score":811,"play_id":"bae88781-0065-4e8e-817c-26022ef86e7c","local_time":"20210412195827","is_ascension_mode":true,"campfire_choices":[{"data":"Deadly Poison","floor":6,"key":"SMITH"},{"data":"Bouncing Flask","floor":8,"key":"SMITH"},{"floor":11,"key":"REST"},{"data":"Crippling Poison","floor":15,"key":"SMITH"},{"data":"Defend_G","floor":23,"key":"SMITH"},{"data":"Catalyst","floor":28,"key":"SMITH"},{"floor":32,"key":"REST"},{"data":"Good Instincts","floor":40,"key":"SMITH"},{"data":"Burst","floor":45,"key":"SMITH"},{"floor":49,"key":"REST"}],"neow_cost":"NONE","seed_source_timestamp":310769557670100,"circlet_count":0,"master_deck":["Defend_G","Defend_G","Defend_G","Defend_G+1","Survivor","Neutralize","Deadly Poison+1","Bane","Flying Knee","Bouncing Flask+1","Crippling Poison+1","Bane","Bullet Time","PiercingWail","Bouncing Flask","Deadly Poison+1","Backflip","Catalyst+1","Noxious Fumes+1","Burst+1","Noxious Fumes","Good Instincts+1","Noxious Fumes+1","Deflect+1","Dodge and Roll"],"relics":["Ring of the Snake","Happy Flower","MawBank","TwistedFunnel","SlaversCollar","Nloth\u0027s Gift","Snake Skull","Unceasing Top","Ninja Scroll","Empty Cage","Boot","Red Mask"],"potions_floor_usage":[7,42],"damage_taken":[{"damage":0,"enemies":"Cultist","floor":1,"turns":3},{"damage":3,"enemies":"Jaw Worm","floor":2,"turns":2},{"damage":0,"enemies":"Small Slimes","floor":5,"turns":3},{"damage":33,"enemies":"3 Sentries","floor":7,"turns":14},{"damage":21,"enemies":"Lagavulin","floor":10,"turns":5},{"damage":8,"enemies":"3 Louse","floor":12,"turns":3},{"damage":2,"enemies":"Looter","floor":14,"turns":2},{"damage":20,"enemies":"Hexaghost","floor":16,"turns":6},{"damage":25,"enemies":"2 Thieves","floor":18,"turns":4},{"damage":0,"enemies":"Spheric Guardian","floor":20,"turns":3},{"damage":5,"enemies":"3 Cultists","floor":22,"turns":4},{"damage":16,"enemies":"Sentry and Sphere","floor":25,"turns":4},{"damage":19,"enemies":"Book of Stabbing","floor":29,"turns":4},{"damage":0,"enemies":"Gremlin Leader","floor":31,"turns":4},{"damage":24,"enemies":"Automaton","floor":33,"turns":6},{"damage":10,"enemies":"3 Darklings","floor":35,"turns":4},{"damage":10,"enemies":"3 Shapes","floor":37,"turns":3},{"damage":0,"enemies":"Maw","floor":38,"turns":4},{"damage":25,"enemies":"Writhing Mass","floor":39,"turns":3},{"damage":12,"enemies":"Reptomancer","floor":41,"turns":3},{"damage":11,"enemies":"Spire Growth","floor":42,"turns":4},{"damage":23,"enemies":"Jaw Worm Horde","floor":48,"turns":3},{"damage":14,"enemies":"Donu and Deca","floor":50,"turns":6}],"seed_played":"4976717554325538031","potions_obtained":[{"floor":2,"key":"GhostInAJar"},{"floor":7,"key":"Fruit Juice"},{"floor":10,"key":"SneckoOil"},{"floor":14,"key":"Dexterity Potion"},{"floor":31,"key":"EntropicBrew"},{"floor":42,"key":"Strength Potion"}],"is_trial":false,"path_per_floor":["M","M","?","?","M","R","E","R","T","E","R","M","$","M","R","B",null,"M","?","M","$","M","R","?","M","T","$","R","E","?","E","R","B",null,"M","$","M","M","M","R","E","M","T","?","R","$","?","M","R","B",null],"character_chosen":"THE_SILENT","items_purchased":["TwistedFunnel","Catalyst","Good Instincts"],"campfire_rested":3,"item_purchase_floors":[13,27,36],"current_hp_per_floor":[70,67,67,67,67,67,39,39,39,32,58,50,50,48,48,28,89,64,64,64,64,59,59,59,43,43,43,43,24,24,24,50,26,89,79,79,69,69,44,44,32,21,21,78,78,78,78,55,78,64],"gold":15,"neow_bonus":"THREE_CARDS","is_prod":false,"is_daily":false,"chose_seed":false,"campfire_upgraded":7,"win_rate":0,"timestamp":1618271907,"path_taken":["M","M","?","?","?","R","E","R","T","E","R","M","$","M","R","BOSS","M","?","?","$","M","R","?","?","T","$","R","E","?","E","R","BOSS","M","$","M","M","M","R","E","M","T","?","R","$","?","M","R","BOSS"],"build_version":"2020-12-22","purchased_purges":3,"victory":true,"max_hp_per_floor":[70,70,70,70,70,70,75,75,75,89,89,89,89,89,89,89,89,89,89,89,89,89,89,89,89,89,89,89,89,89,89,89,89,89,89,89,89,89,89,89,89,89,89,78,78,78,78,78,78,78],"card_choices":[{"not_picked":["Poisoned Stab","PiercingWail"],"picked":"Deadly Poison","floor":0},{"not_picked":["Underhanded Strike","Deflect"],"picked":"Bane","floor":1},{"not_picked":["Finisher","Choke"],"picked":"Flying Knee","floor":2},{"not_picked":["Prepared","PiercingWail","Well Laid Plans"],"picked":"SKIP","floor":5},{"not_picked":["Underhanded Strike","All Out Attack"],"picked":"Bouncing Flask","floor":7},{"not_picked":["Choke","Dagger Spray"],"picked":"Crippling Poison","floor":10},{"not_picked":["Dagger Throw","Flechettes"],"picked":"Bane","floor":12},{"not_picked":["Dagger Throw","Choke","Flechettes"],"picked":"SKIP","floor":14},{"not_picked":["Burst","Adrenaline"],"picked":"Bullet Time","floor":16},{"not_picked":["Poisoned Stab","Underhanded Strike"],"picked":"PiercingWail","floor":18},{"not_picked":["Dodge and Roll","Choke"],"picked":"Bouncing Flask","floor":20},{"not_picked":["Backflip","Venomology"],"picked":"Deadly Poison+1","floor":22},{"not_picked":["Slice","Tactician+1"],"picked":"Backflip","floor":25},{"not_picked":["Leg Sweep","Bullet Time"],"picked":"Noxious Fumes+1","floor":29},{"not_picked":["Die Die Die","Masterful Stab","Deadly Poison"],"picked":"SKIP","floor":31},{"not_picked":["A Thousand Cuts","Unload"],"picked":"Burst","floor":33},{"not_picked":["Riddle With Holes","PiercingWail+1"],"picked":"Noxious Fumes","floor":35},{"not_picked":["Masterful Stab","Dagger Throw+1"],"picked":"Noxious Fumes+1","floor":37},{"not_picked":["Quick Slash+1","Choke","Calculated Gamble+1"],"picked":"SKIP","floor":38},{"not_picked":["Footwork","Prepared+1"],"picked":"Deflect+1","floor":39},{"not_picked":["Expertise","Escape Plan","Endless Agony+1"],"picked":"SKIP","floor":41},{"not_picked":["Prepared+1","Dagger Spray"],"picked":"Dodge and Roll","floor":42},{"not_picked":["Outmaneuver","Bane+1","Escape Plan+1"],"picked":"SKIP","floor":48}],"player_experience":110039,"relics_obtained":[{"floor":7,"key":"Happy Flower"},{"floor":9,"key":"MawBank"},{"floor":10,"key":"Mango"},{"floor":26,"key":"Snake Skull"},{"floor":29,"key":"Unceasing Top"},{"floor":31,"key":"Ninja Scroll"},{"floor":41,"key":"Boot"}],"event_choices":[{"cards_removed":["Strike_G"],"damage_healed":0,"gold_gain":0,"player_choice":"Card Removal","damage_taken":0,"max_hp_gain":0,"max_hp_loss":0,"event_name":"The Cleric","floor":3,"gold_loss":50},{"damage_healed":0,"gold_gain":0,"player_choice":"Bought 0 Potions","damage_taken":0,"max_hp_gain":0,"max_hp_loss":0,"event_name":"The Woman in Blue","floor":4,"gold_loss":0},{"damage_healed":0,"gold_gain":0,"player_choice":"Traded Relic","damage_taken":0,"relics_obtained":["Nloth\u0027s Gift"],"max_hp_gain":0,"max_hp_loss":0,"event_name":"N\u0027loth","floor":19,"relics_lost":["Mango"],"gold_loss":0},{"damage_healed":0,"gold_gain":0,"player_choice":"Ignored","damage_taken":0,"max_hp_gain":0,"max_hp_loss":0,"event_name":"WeMeetAgain","floor":24,"gold_loss":0},{"damage_healed":0,"gold_gain":0,"player_choice":"Ignored","damage_taken":0,"max_hp_gain":0,"max_hp_loss":0,"event_name":"Ghosts","floor":30,"gold_loss":0},{"damage_healed":78,"gold_gain":0,"player_choice":"Heal","damage_taken":0,"max_hp_gain":0,"max_hp_loss":11,"event_name":"The Moai Head","floor":44,"gold_loss":0},{"damage_healed":0,"gold_gain":0,"player_choice":"Paid","damage_taken":0,"relics_obtained":["Red Mask"],"max_hp_gain":0,"max_hp_loss":0,"event_name":"Tomb of Lord Red Mask","floor":47,"gold_loss":103}],"is_beta":false,"boss_relics":[{"not_picked":["Velvet Choker","Ring of the Serpent"],"picked":"SlaversCollar"},{"not_picked":["Coffee Dripper","Tiny House"],"picked":"Empty Cage"}],"items_purged_floors":[13,21,36],"is_endless":false,"potions_floor_spawned":[2,7,10,14,25,29,31,33,37,38,42],"ascension_level":1}