{"gold_per_floor":[114,127,146,159,2,2,33,46,70,70,87,104,122,151,151,252,252,262,275,72,72,88,106,0,0,0,14,14],"floor_reached":28,"playtime":1452,"items_purged":["Strike_G"],"score":248,"play_id":"b9b2b65a-fa92-43aa-9c84-462cf2589b5a","local_time":"20210412192556","is_ascension_mode":true,"campfire_choices":[{"floor":6,"key":"REST"},{"floor":10,"key":"REST"},{"floor":15,"key":"REST"}],"neow_cost":"NONE","seed_source_timestamp":309303882594900,"circlet_count":0,"master_deck":["Strike_G","Strike_G","Strike_G","Strike_G+1","Defend_G","Defend_G","Defend_G","Survivor","Neutralize+1","Bane","Infinite Blades","Poisoned Stab","Deadly Poison","Noxious Fumes","Infinite Blades","Discovery","Footwork","Bouncing Flask","Envenom","Bouncing Flask+1","Dodge and Roll","Crippling Poison","Adrenaline","Poisoned Stab","Blur","Noxious Fumes","Predator","Blur+1","Deflect"],"relics":["Ring of the Snake","Whetstone","Orichalcum","HoveringKite","War Paint","Ancient Tea Set"],"potions_floor_usage":[12,14,14,14,23,27],"damage_taken":[{"damage":0,"enemies":"Cultist","floor":1,"turns":5},{"damage":10,"enemies":"Jaw Worm","floor":2,"turns":4},{"damage":4,"enemies":"2 Louse","floor":3,"turns":3},{"damage":12,"enemies":"Blue Slaver","floor":4,"turns":3},{"damage":23,"enemies":"Gremlin Nob","floor":7,"turns":5},{"damage":13,"enemies":"Lots of Slimes","floor":8,"turns":2},{"damage":9,"enemies":"3 Louse","floor":11,"turns":5},{"damage":7,"enemies":"Exordium Thugs","floor":12,"turns":5},{"damage":5,"enemies":"Blue Slaver","floor":13,"turns":4},{"damage":5,"enemies":"3 Sentries","floor":14,"turns":5},{"damage":19,"enemies":"The Guardian","floor":16,"turns":8},{"damage":8,"enemies":"Chosen","floor":18,"turns":5},{"damage":17,"enemies":"3 Byrds","floor":19,"turns":5},{"damage":30,"enemies":"Snake Plant","floor":22,"turns":5},{"damage":2,"enemies":"Snecko","floor":23,"turns":4},{"damage":12,"enemies":"Centurion and Healer","floor":27,"turns":5},{"damage":3,"enemies":"Sentry and Sphere","floor":28,"turns":2}],"seed_played":"-2133541350173939330","potions_obtained":[{"floor":2,"key":"Block Potion"},{"floor":3,"key":"Strength Potion"},{"floor":7,"key":"PowerPotion"},{"floor":11,"key":"AttackPotion"},{"floor":13,"key":"Explosive Potion"},{"floor":16,"key":"Swift Potion"},{"floor":19,"key":"DuplicationPotion"},{"floor":23,"key":"GamblersBrew"}],"is_trial":false,"path_per_floor":["M","M","M","M","$","R","E","M","T","R","M","M","M","E","R","B",null,"M","M","$","?","M","M","?","T","T","M","M"],"character_chosen":"THE_SILENT","items_purchased":["Infinite Blades","Discovery","Noxious Fumes","Block Potion"],"campfire_rested":3,"item_purchase_floors":[5,5,20,20],"current_hp_per_floor":[70,60,56,44,44,65,42,29,29,50,41,34,29,24,45,26,70,62,45,45,45,15,13,13,13,13,1,0],"gold":14,"neow_bonus":"THREE_CARDS","is_prod":false,"is_daily":false,"chose_seed":false,"campfire_upgraded":0,"win_rate":0,"timestamp":1618269956,"path_taken":["M","?","M","M","$","R","E","M","T","R","M","M","M","E","R","BOSS","M","M","$","?","M","M","?","?","T","?","M"],"build_version":"2020-12-22","purchased_purges":1,"victory":false,"max_hp_per_floor":[70,70,70,70,70,70,70,70,70,70,70,70,70,70,70,70,70,70,70,70,70,70,70,70,70,70,70,70],"card_choices":[{"not_picked":["Backflip","Flying Knee"],"picked":"Bane","floor":0},{"not_picked":["Slice","Calculated Gamble"],"picked":"Infinite Blades","floor":1},{"not_picked":["Bane","Backstab"],"picked":"Poisoned Stab","floor":2},{"not_picked":["Sucker Punch","Backflip"],"picked":"Deadly Poison","floor":3},{"not_picked":["Masterful Stab","Caltrops"],"picked":"Noxious Fumes","floor":4},{"not_picked":["Flying Knee","Acrobatics"],"picked":"Footwork","floor":7},{"not_picked":["Deadly Poison","Dagger Spray"],"picked":"Bouncing Flask","floor":8},{"not_picked":["Flying Knee","Bane"],"picked":"Envenom","floor":11},{"not_picked":["Dagger Throw","Underhanded Strike"],"picked":"Bouncing Flask","floor":12},{"not_picked":["Flying Knee","Dagger Throw"],"picked":"Dodge and Roll","floor":13},{"not_picked":["Dash","Tactician"],"picked":"Crippling Poison","floor":14},{"not_picked":["Doppelganger","Glass Knife"],"picked":"Adrenaline","floor":16},{"not_picked":["Tactician","Flying Knee"],"picked":"Poisoned Stab","floor":18},{"not_picked":["Dagger Spray","Infinite Blades"],"picked":"Blur","floor":19},{"not_picked":["Poisoned Stab+1","Flying Knee+1","Blade Dance"],"picked":"SKIP","floor":22},{"not_picked":["Dash","All Out Attack","Slice"],"picked":"SKIP","floor":23},{"not_picked":["Quick Slash","Outmaneuver"],"picked":"Deflect","floor":27}],"player_experience":108587,"relics_obtained":[{"floor":7,"key":"Whetstone"},{"floor":14,"key":"Orichalcum"},{"floor":25,"key":"War Paint"},{"floor":26,"key":"Ancient Tea Set"}],"event_choices":[{"damage_healed":0,"gold_gain":0,"cards_transformed":["Defend_G","Defend_G"],"player_choice":"Became Test Subject","damage_taken":0,"max_hp_gain":0,"max_hp_loss":0,"event_name":"Drug Dealer","floor":21,"gold_loss":0,"cards_obtained":["Predator","Blur"]},{"damage_healed":0,"gold_gain":0,"player_choice":"Paid Fearfully","damage_taken":0,"max_hp_gain":0,"max_hp_loss":0,"event_name":"Masked Bandits","floor":24,"gold_loss":106}],"is_beta":false,"boss_relics":[{"not_picked":["Cursed Key","Velvet Choker"],"picked":"HoveringKite"}],"items_purged_floors":[20],"is_endless":false,"potions_floor_spawned":[2,3,7,11,13,16,19,22,23],"killed_by":"Sentry and Sphere","ascension_level":1}