{"gold_per_floor":[109,122,136,205,84,84,98,123,123,134,134,162,162,178,178,178],"floor_reached":16,"playtime":2904,"items_purged":["Strike_G"],"score":129,"play_id":"944038c8-23b1-4e26-88f3-f87fbe7f4064","local_time":"20210428215858","is_ascension_mode":true,"campfire_choices":[{"data":"All Out Attack","floor":6,"key":"SMITH"},{"data":"Backflip","floor":11,"key":"SMITH"},{"data":"Neutralize","floor":15,"key":"SMITH"}],"neow_cost":"NONE","seed_source_timestamp":789979120039100,"circlet_count":0,"master_deck":["Strike_G","Strike_G","Strike_G","Strike_G","Defend_G","Defend_G","Defend_G","Defend_G","Defend_G","Survivor","Neutralize+1","All Out Attack+1","Backstab","Slice","Backflip+1","Deflect","PiercingWail","Escape Plan","Terror","PiercingWail"],"relics":["HoveringKite","Centennial Puzzle","Anchor","Molten Egg 2"],"potions_floor_usage":[8,12,12,16,16,16],"damage_taken":[{"damage":1,"enemies":"Cultist","floor":1,"turns":4},{"damage":2,"enemies":"2 Louse","floor":2,"turns":3},{"damage":0,"enemies":"Jaw Worm","floor":3,"turns":5},{"damage":0,"enemies":"Red Slaver","floor":7,"turns":2},{"damage":27,"enemies":"Gremlin Nob","floor":8,"turns":5},{"damage":0,"enemies":"Large Slime","floor":10,"turns":5},{"damage":9,"enemies":"Lagavulin","floor":12,"turns":6},{"damage":0,"enemies":"3 Louse","floor":14,"turns":4},{"damage":33,"enemies":"Hexaghost","floor":16,"turns":16}],"seed_played":"-5611656299544722281","potions_obtained":[{"floor":3,"key":"Poison Potion"},{"floor":7,"key":"BlessingOfTheForge"},{"floor":8,"key":"EntropicBrew"},{"floor":10,"key":"AttackPotion"},{"floor":13,"key":"SteroidPotion"},{"floor":13,"key":"EssenceOfSteel"}],"is_trial":false,"path_per_floor":["M","M","M","?","$","R","M","E","T","M","R","E","?","M","R","B"],"character_chosen":"THE_SILENT","items_purchased":["Backflip"],"campfire_rested":0,"item_purchase_floors":[5],"current_hp_per_floor":[69,67,67,67,67,67,67,40,40,40,40,31,31,31,31,0],"gold":178,"neow_bonus":"BOSS_RELIC","is_prod":false,"is_daily":false,"chose_seed":false,"campfire_upgraded":3,"win_rate":0,"timestamp":1619661538,"path_taken":["M","?","M","?","$","R","M","E","T","M","R","E","?","M","R","BOSS"],"build_version":"2020-12-22","purchased_purges":1,"victory":false,"max_hp_per_floor":[70,70,70,70,70,70,70,70,70,70,70,70,70,70,70,70],"card_choices":[{"not_picked":["Flying Knee","Outmaneuver"],"picked":"All Out Attack","floor":1},{"not_picked":["Dagger Spray","Distraction"],"picked":"Backstab","floor":2},{"not_picked":["Catalyst","Prepared"],"picked":"Slice","floor":3},{"not_picked":["Backflip","Prepared"],"picked":"Deflect","floor":7},{"not_picked":["Dagger Throw","Poisoned Stab"],"picked":"PiercingWail","floor":8},{"not_picked":["Quick Slash","Blur"],"picked":"Escape Plan","floor":10},{"not_picked":["Deadly Poison","Deflect"],"picked":"Terror","floor":12},{"not_picked":["Expertise","Outmaneuver"],"picked":"PiercingWail","floor":14}],"player_experience":237283,"relics_obtained":[{"floor":8,"key":"Centennial Puzzle"},{"floor":9,"key":"Anchor"},{"floor":12,"key":"Molten Egg 2"}],"event_choices":[{"damage_healed":0,"gold_gain":69,"player_choice":"Gained Gold","damage_taken":0,"max_hp_gain":0,"max_hp_loss":0,"event_name":"Golden Wing","floor":4,"gold_loss":0},{"damage_healed":0,"gold_gain":0,"player_choice":"Got Potions","damage_taken":0,"max_hp_gain":0,"max_hp_loss":0,"event_name":"Lab","floor":13,"gold_loss":0}],"is_beta":false,"boss_relics":[],"items_purged_floors":[5],"is_endless":false,"potions_floor_spawned":[3,7,8,10],"killed_by":"Hexaghost","ascension_level":3}