{"gold_per_floor":[114,134,134,96,96,96,127,142,169,207,207,230,40,55,55,184,184,199,218,218,234,248,248,289,289,289,325,341,341,372,471,471,602,602,617,336,351,414,414,414,414,458,458,458,458,471,59,397,397,397],"floor_reached":51,"playtime":4738,"items_purged":["Normality","Infinite Blades"],"score":898,"play_id":"61bbfb2b-892a-48d1-b576-c897198beb2a","local_time":"20210428023745","is_ascension_mode":true,"campfire_choices":[{"data":"Quick Slash","floor":6,"key":"SMITH"},{"data":"Infinite Blades","floor":11,"key":"SMITH"},{"data":"Accuracy","floor":15,"key":"SMITH"},{"floor":23,"key":"REST"},{"floor":25,"key":"REST"},{"data":"Footwork","floor":29,"key":"SMITH"},{"data":"Calculated Gamble","floor":32,"key":"SMITH"},{"data":"Envenom","floor":41,"key":"SMITH"},{"data":"Blade Dance","floor":44,"key":"SMITH"},{"data":"Survivor","floor":45,"key":"SMITH"},{"data":"Footwork","floor":49,"key":"SMITH"}],"neow_cost":"NONE","seed_source_timestamp":718462165788700,"circlet_count":0,"master_deck":["Strike_G","Strike_G","Strike_G","Strike_G","Defend_G","Defend_G","Defend_G","Defend_G","Survivor+1","Neutralize","Masterful Stab","Quick Slash+1","Footwork+1","Infinite Blades","Infinite Blades+1","Blade Dance+1","Dodge and Roll","Accuracy+1","Tools of the Trade","Calculated Gamble+1","Deflect+1","Backflip+1","PiercingWail","Leg Sweep","Leg Sweep","Envenom+1","Outmaneuver","Outmaneuver","Cloak And Dagger","Bandage Up","Bandage Up","Normality","Footwork+1"],"relics":["Ring of the Snake","Golden Idol","Bronze Scales","Happy Flower","Sundial","Lee\u0027s Waffle","Cursed Key","Nilry\u0027s Codex","Regal Pillow","Meat on the Bone","Shuriken","Pear","Runic Pyramid","ClockworkSouvenir","WingedGreaves","Dream Catcher","Paper Crane","Gambling Chip","Old Coin"],"potions_floor_usage":[10,30,48],"damage_taken":[{"damage":0,"enemies":"Small Slimes","floor":1,"turns":4},{"damage":0,"enemies":"2 Louse","floor":2,"turns":2},{"damage":38,"enemies":"3 Sentries","floor":7,"turns":14},{"damage":1,"enemies":"Cultist","floor":8,"turns":3},{"damage":18,"enemies":"Gremlin Nob","floor":10,"turns":4},{"damage":0,"enemies":"Exordium Wildlife","floor":12,"turns":3},{"damage":2,"enemies":"Looter","floor":14,"turns":3},{"damage":0,"enemies":"Slime Boss","floor":16,"turns":6},{"damage":1,"enemies":"Shell Parasite","floor":18,"turns":4},{"damage":2,"enemies":"Chosen","floor":19,"turns":3},{"damage":22,"enemies":"Sentry and Sphere","floor":21,"turns":6},{"damage":29,"enemies":"Chosen and Byrds","floor":22,"turns":5},{"damage":52,"enemies":"Gremlin Leader","floor":24,"turns":6},{"damage":24,"enemies":"Book of Stabbing","floor":27,"turns":4},{"damage":7,"enemies":"Centurion and Healer","floor":28,"turns":5},{"damage":16,"enemies":"Slavers","floor":30,"turns":6},{"damage":2,"enemies":"Champ","floor":33,"turns":9},{"damage":14,"enemies":"Orb Walker","floor":35,"turns":5},{"damage":0,"enemies":"3 Shapes","floor":37,"turns":6},{"damage":0,"enemies":"Mind Bloom Boss Battle","floor":38,"turns":5},{"damage":64,"enemies":"Reptomancer","floor":42,"turns":7},{"damage":5,"enemies":"Sphere and 2 Shapes","floor":46,"turns":7},{"damage":3,"enemies":"Giant Head","floor":48,"turns":8},{"damage":33,"enemies":"Donu and Deca","floor":50,"turns":8}],"seed_played":"9023583853939037392","potions_obtained":[{"floor":1,"key":"DuplicationPotion"},{"floor":2,"key":"FairyPotion"},{"floor":7,"key":"Explosive Potion"},{"floor":14,"key":"FairyPotion"},{"floor":24,"key":"LiquidBronze"},{"floor":27,"key":"Dexterity Potion"},{"floor":37,"key":"Regen Potion"},{"floor":48,"key":"ColorlessPotion"}],"is_trial":false,"path_per_floor":["M","M","?","$","?","R","E","M","T","E","R","M","$","M","R","B",null,"M","M","?","M","M","R","E","R","T","E","M","R","E","?","R","B",null,"M","$","M","?","?","?","R","E","T","R","R","M","$","E","R","B",null],"character_chosen":"THE_SILENT","items_purchased":["Footwork","Lee\u0027s Waffle","Infinite Blades","Outmaneuver","ClockworkSouvenir","Gambling Chip"],"campfire_rested":2,"item_purchase_floors":[4,13,13,36,36,47],"current_hp_per_floor":[77,77,58,58,58,58,20,19,19,1,1,1,84,82,82,82,84,83,81,65,43,14,39,16,56,56,44,49,49,55,55,55,53,94,80,80,80,80,80,70,70,26,26,26,26,41,41,61,61,48],"gold":397,"neow_bonus":"TEN_PERCENT_HP_BONUS","is_prod":false,"is_daily":false,"chose_seed":false,"campfire_upgraded":9,"win_rate":0,"timestamp":1619591865,"path_taken":["M","M","?","$","?","R","E","M","T","E","R","?","$","M","R","BOSS","M","M","?","M","M","R","E","R","T","E","M","R","E","?","R","BOSS","M","$","M","?","?","?","R","E","T","R","R","M","$","E","R","BOSS"],"build_version":"2020-12-22","purchased_purges":2,"victory":true,"max_hp_per_floor":[77,77,77,77,77,77,77,77,77,77,77,77,84,84,84,84,84,84,84,84,84,84,84,84,84,84,84,84,84,94,94,94,94,94,94,94,94,94,94,94,94,94,94,94,94,94,94,94,94,94],"card_choices":[{"not_picked":["Heel Hook","Poisoned Stab"],"picked":"Masterful Stab","floor":1},{"not_picked":["Deadly Poison","Well Laid Plans"],"picked":"Quick Slash","floor":2},{"not_picked":["Cloak And Dagger","Prepared"],"picked":"Infinite Blades","floor":7},{"not_picked":["Poisoned Stab","Outmaneuver"],"picked":"Infinite Blades","floor":8},{"not_picked":["Tactician","Dash"],"picked":"Blade Dance","floor":10},{"not_picked":["Noxious Fumes","Reflex"],"picked":"Dodge and Roll","floor":12},{"not_picked":["Tactician","Catalyst"],"picked":"Accuracy","floor":14},{"not_picked":["Glass Knife","A Thousand Cuts"],"picked":"Tools of the Trade","floor":16},{"not_picked":["Bane","Distraction+1"],"picked":"Calculated Gamble","floor":18},{"not_picked":["Slice","Riddle With Holes+1","Underhanded Strike"],"picked":"SKIP","floor":19},{"not_picked":["Reflex","Quick Slash","Skewer"],"picked":"SKIP","floor":21},{"not_picked":["Reflex","Quick Slash","Skewer"],"picked":"SKIP","floor":21},{"not_picked":["Acrobatics+1","Deadly Poison"],"picked":"Deflect+1","floor":22},{"not_picked":["Blade Dance","Escape Plan"],"picked":"Backflip+1","floor":24},{"not_picked":["Deflect","Skewer"],"picked":"PiercingWail","floor":27},{"not_picked":["Backflip","Blade Dance+1"],"picked":"Leg Sweep","floor":28},{"not_picked":["Predator","Choke"],"picked":"Leg Sweep","floor":30},{"not_picked":["After Image","Venomology"],"picked":"Envenom","floor":33},{"not_picked":["Quick Slash","Sucker Punch"],"picked":"Outmaneuver","floor":35},{"not_picked":["Underhanded Strike+1","Acrobatics"],"picked":"Cloak And Dagger","floor":37},{"not_picked":["Jack Of All Trades","PanicButton"],"picked":"Bandage Up","floor":40},{"not_picked":["Apotheosis","Purity"],"picked":"Bandage Up","floor":40},{"not_picked":["Poisoned Stab","Underhanded Strike+1","A Thousand Cuts"],"picked":"SKIP","floor":42},{"not_picked":["Bane","Slice"],"picked":"Footwork","floor":46},{"not_picked":["Eviscerate","Deadly Poison","Tools of the Trade"],"picked":"SKIP","floor":48}],"player_experience":215526,"relics_obtained":[{"floor":7,"key":"Bronze Scales"},{"floor":9,"key":"Happy Flower"},{"floor":10,"key":"Sundial"},{"floor":20,"key":"Nilry\u0027s Codex"},{"floor":24,"key":"Regal Pillow"},{"floor":26,"key":"Meat on the Bone"},{"floor":27,"key":"Shuriken"},{"floor":30,"key":"Pear"},{"floor":38,"key":"WingedGreaves"},{"floor":42,"key":"Dream Catcher"},{"floor":43,"key":"Paper Crane"},{"floor":48,"key":"Old Coin"}],"event_choices":[{"damage_healed":0,"gold_gain":0,"player_choice":"Take Damage","damage_taken":19,"relics_obtained":["Golden Idol"],"max_hp_gain":0,"max_hp_loss":0,"event_name":"Golden Idol","floor":3,"gold_loss":0},{"cards_removed":["Strike_G"],"damage_healed":0,"gold_gain":0,"player_choice":"Offered Basic","damage_taken":0,"max_hp_gain":0,"max_hp_loss":0,"event_name":"Bonfire Elementals","floor":5,"gold_loss":0},{"damage_healed":0,"gold_gain":0,"player_choice":"Obtained Book","damage_taken":16,"max_hp_gain":0,"max_hp_loss":0,"event_name":"Cursed Tome","floor":20,"gold_loss":0},{"damage_healed":0,"gold_gain":99,"player_choice":"Stole From Cult","damage_taken":0,"max_hp_gain":0,"max_hp_loss":0,"event_name":"Nest","floor":31,"gold_loss":0},{"damage_healed":0,"gold_gain":0,"player_choice":"Fight","damage_taken":0,"max_hp_gain":0,"max_hp_loss":0,"event_name":"MindBloom","floor":38,"gold_loss":0},{"cards_removed":["Defend_G"],"damage_healed":0,"gold_gain":0,"player_choice":"Removed Skill","damage_taken":0,"max_hp_gain":0,"max_hp_loss":0,"event_name":"Falling","floor":39,"gold_loss":0},{"damage_healed":0,"gold_gain":0,"player_choice":"Memory 3","damage_taken":10,"max_hp_gain":0,"max_hp_loss":0,"event_name":"SensoryStone","floor":40,"gold_loss":0}],"is_beta":false,"boss_relics":[{"not_picked":["Empty Cage","Runic Dome"],"picked":"Cursed Key"},{"not_picked":["Philosopher\u0027s Stone","Astrolabe"],"picked":"Runic Pyramid"}],"items_purged_floors":[36,47],"is_endless":false,"potions_floor_spawned":[1,2,7,14,18,19,24,27,37,48],"ascension_level":2}