{"gold_per_floor":[118,118,118,49,94,94,2,30,80,80,5,21,48,59,59,160,160,171,122,132,150,150,150,168,203,282,282,294,41,41,53,53,158,158,169,181,194,212,57,86,101,112,191,204,204,204,234,254,254,254],"floor_reached":50,"playtime":3866,"items_purged":["Strike_G"],"score":685,"play_id":"54996303-f8bb-49c8-ba75-8c2123a50ae5","local_time":"20210428230335","is_ascension_mode":true,"campfire_choices":[{"data":"Quick Slash","floor":6,"key":"SMITH"},{"data":"Accuracy","floor":10,"key":"SMITH"},{"data":"Accuracy","floor":15,"key":"SMITH"},{"data":"Footwork","floor":23,"key":"SMITH"},{"data":"Blade Dance","floor":27,"key":"SMITH"},{"floor":32,"key":"REST"},{"floor":49,"key":"REST"}],"neow_cost":"NONE","seed_source_timestamp":792892640555500,"circlet_count":0,"master_deck":["Strike_G+1","Strike_G","Strike_G+1","Defend_G","Defend_G","Defend_G","Defend_G","Defend_G+1","Survivor","Neutralize","Quick Slash+1","Accuracy+1","Blade Dance+1","Cloak And Dagger","Dodge and Roll","Accuracy+1","After Image","Blur+1","Footwork+1","Accuracy+1","Dagger Spray","Footwork+1","PiercingWail","Storm of Steel","Deflect+1","Accuracy","Well Laid Plans","Dash+1","PiercingWail+1","Burst"],"relics":["Ring of the Snake","Tiny Chest","Paper Crane","Bag of Preparation","Bag of Marbles","Whetstone","Juzu Bracelet","WristBlade","HornCleat","Calipers","Ninja Scroll","Vajra","Sozu","Lee\u0027s Waffle","Art of War","Blood Vial"],"potions_floor_usage":[16,16,21,25,31,50,50],"damage_taken":[{"damage":2,"enemies":"Small Slimes","floor":1,"turns":4},{"damage":14,"enemies":"Gremlin Nob","floor":8,"turns":3},{"damage":0,"enemies":"Jaw Worm","floor":12,"turns":2},{"damage":0,"enemies":"Cultist","floor":14,"turns":1},{"damage":12,"enemies":"Slime Boss","floor":16,"turns":11},{"damage":1,"enemies":"3 Byrds","floor":18,"turns":6},{"damage":9,"enemies":"Spheric Guardian","floor":20,"turns":5},{"damage":2,"enemies":"Cultist and Chosen","floor":21,"turns":6},{"damage":12,"enemies":"Centurion and Healer","floor":24,"turns":5},{"damage":24,"enemies":"Book of Stabbing","floor":25,"turns":5},{"damage":0,"enemies":"3 Cultists","floor":28,"turns":2},{"damage":0,"enemies":"Chosen and Byrds","floor":31,"turns":6},{"damage":0,"enemies":"Automaton","floor":33,"turns":9},{"damage":0,"enemies":"3 Darklings","floor":35,"turns":6},{"damage":0,"enemies":"3 Shapes","floor":36,"turns":5},{"damage":0,"enemies":"Jaw Worm Horde","floor":37,"turns":5},{"damage":42,"enemies":"Transient","floor":38,"turns":5},{"damage":22,"enemies":"Reptomancer","floor":40,"turns":7},{"damage":5,"enemies":"Sphere and 2 Shapes","floor":41,"turns":5},{"damage":0,"enemies":"Spire Growth","floor":42,"turns":3},{"damage":0,"enemies":"Maw","floor":44,"turns":5},{"damage":23,"enemies":"Nemesis","floor":47,"turns":7},{"damage":0,"enemies":"Jaw Worm Horde","floor":48,"turns":1},{"damage":55,"enemies":"Awakened One","floor":50,"turns":5}],"seed_played":"-3090277417548311237","potions_obtained":[{"floor":1,"key":"Regen Potion"},{"floor":14,"key":"BlessingOfTheForge"},{"floor":18,"key":"ColorlessPotion"},{"floor":24,"key":"Strength Potion"},{"floor":31,"key":"EssenceOfSteel"}],"is_trial":false,"path_per_floor":["M","?","?","$","T","R","$","E","T","R","$","M","T","M","R","B",null,"M","$","M","M","T","R","M","E","T","R","M","$","?","M","R","B",null,"M","M","M","M","$","E","M","M","T","M","?","?","E","M","R","B"],"character_chosen":"THE_SILENT","items_purchased":["Accuracy","Blade Dance","Cloak And Dagger","SkillPotion","Vajra","Block Potion","FearPotion","Lee\u0027s Waffle"],"campfire_rested":2,"item_purchase_floors":[4,7,7,19,29,29,29,39],"current_hp_per_floor":[68,56,42,42,42,42,42,28,28,28,28,28,28,28,28,31,70,69,69,60,58,58,58,46,22,22,22,22,22,22,22,43,43,70,70,70,70,28,77,55,50,50,50,50,50,50,27,29,50,0],"gold":254,"neow_bonus":"RANDOM_COMMON_RELIC","is_prod":false,"is_daily":false,"chose_seed":false,"campfire_upgraded":5,"win_rate":0,"timestamp":1619665415,"path_taken":["M","?","?","?","?","R","$","E","T","R","$","?","?","M","R","BOSS","M","?","M","M","?","R","M","E","T","R","M","$","?","M","R","BOSS","M","M","M","M","$","E","M","M","T","M","?","?","E","M","R","BOSS"],"build_version":"2020-12-22","purchased_purges":1,"victory":false,"max_hp_per_floor":[70,70,70,70,70,70,70,70,70,70,70,70,70,70,70,70,70,70,70,70,70,70,70,70,70,70,70,70,70,70,70,70,70,70,70,70,70,70,77,77,77,77,77,77,73,73,73,73,73,73],"card_choices":[{"not_picked":["Bouncing Flask","Distraction"],"picked":"Quick Slash","floor":1},{"not_picked":["Deadly Poison","Outmaneuver"],"picked":"Dodge and Roll","floor":8},{"not_picked":["Dodge and Roll","Blade Dance"],"picked":"Accuracy","floor":12},{"not_picked":["Phantasmal Killer","Prepared","Dagger Throw"],"picked":"SKIP","floor":14},{"not_picked":["Storm of Steel","Corpse Explosion"],"picked":"After Image","floor":16},{"not_picked":["Prepared","Dagger Throw"],"picked":"Blur+1","floor":18},{"not_picked":["Deadly Poison","Catalyst+1"],"picked":"Footwork","floor":20},{"not_picked":["Skewer+1","Expertise"],"picked":"Accuracy+1","floor":21},{"not_picked":["Backflip","Quick Slash+1"],"picked":"Dagger Spray","floor":24},{"not_picked":["Cloak And Dagger","Skewer"],"picked":"Footwork+1","floor":25},{"not_picked":["Acrobatics","Blade Dance"],"picked":"PiercingWail","floor":28},{"not_picked":["Prepared","Bane","Distraction"],"picked":"SKIP","floor":31},{"not_picked":["Bullet Time","A Thousand Cuts"],"picked":"Storm of Steel","floor":33},{"not_picked":["Calculated Gamble","Finisher+1","Dagger Spray"],"picked":"SKIP","floor":35},{"not_picked":["Underhanded Strike","Dagger Spray"],"picked":"Deflect+1","floor":36},{"not_picked":["Caltrops+1","Endless Agony+1","Dash"],"picked":"SKIP","floor":37},{"not_picked":["Skewer","Poisoned Stab"],"picked":"Accuracy","floor":38},{"not_picked":["Underhanded Strike+1","Doppelganger"],"picked":"Well Laid Plans","floor":40},{"not_picked":["Deadly Poison","Well Laid Plans","Poisoned Stab"],"picked":"SKIP","floor":41},{"not_picked":["Finisher","Catalyst"],"picked":"Dash+1","floor":42},{"not_picked":["Dodge and Roll+1","Flying Knee"],"picked":"PiercingWail+1","floor":44},{"not_picked":["Dagger Throw+1","Bane+1","PiercingWail"],"picked":"SKIP","floor":47},{"not_picked":["Sucker Punch+1","Bouncing Flask"],"picked":"Burst","floor":48}],"player_experience":240187,"relics_obtained":[{"floor":5,"key":"Bag of Preparation"},{"floor":8,"key":"Bag of Marbles"},{"floor":9,"key":"Whetstone"},{"floor":13,"key":"Juzu Bracelet"},{"floor":22,"key":"HornCleat"},{"floor":25,"key":"Calipers"},{"floor":26,"key":"Ninja Scroll"},{"floor":40,"key":"Art of War"},{"floor":47,"key":"Blood Vial"}],"event_choices":[{"damage_healed":0,"gold_gain":0,"player_choice":"Success","damage_taken":12,"relics_obtained":["Paper Crane"],"max_hp_gain":0,"max_hp_loss":0,"event_name":"Scrap Ooze","floor":2,"gold_loss":0},{"damage_healed":0,"gold_gain":0,"player_choice":"Entered Light","damage_taken":14,"max_hp_gain":0,"max_hp_loss":0,"event_name":"Shining Light","floor":3,"gold_loss":0,"cards_upgraded":["Defend_G","Strike_G"]},{"damage_healed":0,"gold_gain":0,"player_choice":"Ignored","damage_taken":0,"max_hp_gain":0,"max_hp_loss":0,"event_name":"Cursed Tome","floor":30,"gold_loss":0},{"damage_healed":0,"gold_gain":0,"player_choice":"Max HP","damage_taken":0,"max_hp_gain":0,"max_hp_loss":4,"event_name":"Winding Halls","floor":45,"gold_loss":0},{"cards_removed":["Strike_G"],"damage_healed":0,"gold_gain":0,"player_choice":"Removed Attack","damage_taken":0,"max_hp_gain":0,"max_hp_loss":0,"event_name":"Falling","floor":46,"gold_loss":0}],"is_beta":false,"boss_relics":[{"not_picked":["Astrolabe","Runic Pyramid"],"picked":"WristBlade"},{"not_picked":["Coffee Dripper","SacredBark"],"picked":"Sozu"}],"items_purged_floors":[11],"is_endless":false,"potions_floor_spawned":[1,14,18,24,31,33,35,36,37,44,47],"killed_by":"Awakened One","ascension_level":3}