{"gold_per_floor":[12,22,37,37,37,37,65,77,115,146,176,218,241,253,265,380,392,421,444,314,12,12,341,341,355,355,355,391,391,416,416],"floor_reached":31,"playtime":2633,"items_purged":["Strike_G"],"score":385,"play_id":"50f0168f-1336-4178-a186-8c5810105b04","local_time":"20210428203715","is_ascension_mode":true,"campfire_choices":[{"data":"Quick Slash","floor":6,"key":"SMITH"},{"data":"Neutralize","floor":8,"key":"SMITH"},{"floor":15,"key":"REST"},{"data":"Accuracy","floor":24,"key":"SMITH"},{"data":"Accuracy","floor":27,"key":"SMITH"},{"data":"Blur","floor":29,"key":"SMITH"}],"neow_cost":"NO_GOLD","seed_source_timestamp":785347655052400,"circlet_count":0,"master_deck":["Strike_G","Strike_G","Strike_G","Strike_G","Defend_G","Defend_G","Defend_G","Defend_G","Defend_G","Survivor","Neutralize+1","Tools of the Trade","Riddle With Holes","Blade Dance","Quick Slash+1","Cloak And Dagger","Cloak And Dagger","Acrobatics","Accuracy+1","PiercingWail","Cloak And Dagger+1","Accuracy+1","Blur+1","Flying Knee+1","Decay","Choke+1","Blade Dance"],"relics":["Ring of the Snake","Anchor","MawBank","Regal Pillow","Orichalcum","Strawberry","Cursed Key","Du-Vu Doll","Old Coin","The Courier","CeramicFish"],"potions_floor_usage":[12,13,16,23,31],"damage_taken":[{"damage":1,"enemies":"Jaw Worm","floor":1,"turns":7},{"damage":0,"enemies":"2 Louse","floor":2,"turns":3},{"damage":1,"enemies":"Cultist","floor":3,"turns":4},{"damage":24,"enemies":"3 Sentries","floor":7,"turns":10},{"damage":1,"enemies":"Red Slaver","floor":10,"turns":3},{"damage":0,"enemies":"Large Slime","floor":11,"turns":5},{"damage":7,"enemies":"Gremlin Nob","floor":12,"turns":3},{"damage":21,"enemies":"Exordium Thugs","floor":13,"turns":9},{"damage":0,"enemies":"Slime Boss","floor":16,"turns":8},{"damage":15,"enemies":"2 Thieves","floor":18,"turns":5},{"damage":0,"enemies":"Chosen","floor":19,"turns":5},{"damage":9,"enemies":"Book of Stabbing","floor":23,"turns":7},{"damage":0,"enemies":"Centurion and Healer","floor":25,"turns":4},{"damage":15,"enemies":"Gremlin Leader","floor":28,"turns":6},{"damage":16,"enemies":"Snake Plant","floor":30,"turns":3},{"damage":27,"enemies":"Slavers","floor":31,"turns":3}],"seed_played":"3617541921411150178","potions_obtained":[{"floor":1,"key":"SteroidPotion"},{"floor":3,"key":"Strength Potion"},{"floor":10,"key":"SneckoOil"},{"floor":13,"key":"CultistPotion"},{"floor":16,"key":"Block Potion"},{"floor":23,"key":"SpeedPotion"},{"floor":28,"key":"ColorlessPotion"}],"is_trial":false,"path_per_floor":["M","M","M","?","?","R","E","R","T","M","M","E","M","?","R","B",null,"M","M","$","$","?","E","R","M","T","R","E","R","M","E"],"character_chosen":"THE_SILENT","items_purchased":["Accuracy","Du-Vu Doll"],"campfire_rested":1,"item_purchase_floors":[20,21],"current_hp_per_floor":[69,69,68,61,61,61,37,37,37,36,36,29,8,15,53,53,77,62,62,62,62,62,53,53,53,53,53,38,38,22,0],"gold":416,"neow_bonus":"THREE_RARE_CARDS","is_prod":false,"is_daily":false,"chose_seed":false,"campfire_upgraded":5,"win_rate":0,"timestamp":1619656635,"path_taken":["M","M","M","?","?","R","E","R","T","M","M","E","?","?","R","BOSS","M","?","?","$","?","E","R","M","T","R","E","R","M","E"],"build_version":"2020-12-22","purchased_purges":1,"victory":false,"max_hp_per_floor":[70,70,70,70,70,70,70,70,70,70,70,70,70,77,77,77,77,77,77,77,77,77,77,77,77,77,77,77,77,77,77],"card_choices":[{"not_picked":["Phantasmal Killer","Wraith Form v2"],"picked":"Tools of the Trade","floor":0},{"not_picked":["Flying Knee","Flechettes"],"picked":"Riddle With Holes","floor":1},{"not_picked":["Poisoned Stab","Calculated Gamble"],"picked":"Blade Dance","floor":2},{"not_picked":["Sucker Punch","Outmaneuver"],"picked":"Quick Slash","floor":3},{"not_picked":["Caltrops","Deflect"],"picked":"Endless Agony","floor":7},{"not_picked":["Backflip","Escape Plan"],"picked":"Cloak And Dagger","floor":10},{"not_picked":["Backflip","Choke"],"picked":"Cloak And Dagger","floor":11},{"not_picked":["Night Terror","Noxious Fumes"],"picked":"Acrobatics","floor":12},{"not_picked":["Cloak And Dagger","Heel Hook"],"picked":"Accuracy","floor":13},{"not_picked":["Deflect","Acrobatics"],"picked":"PiercingWail","floor":18},{"not_picked":["Bane","Deflect"],"picked":"Cloak And Dagger+1","floor":19},{"not_picked":["Heel Hook","Choke","Riddle With Holes"],"picked":"SKIP","floor":23},{"not_picked":["Infinite Blades","Backflip"],"picked":"Flying Knee+1","floor":25},{"not_picked":["Deadly Poison+1","Crippling Poison"],"picked":"Choke+1","floor":28},{"not_picked":["Expertise","Calculated Gamble"],"picked":"Blade Dance","floor":30}],"player_experience":232752,"relics_obtained":[{"floor":7,"key":"MawBank"},{"floor":9,"key":"Regal Pillow"},{"floor":12,"key":"Orichalcum"},{"floor":23,"key":"Old Coin"},{"floor":26,"key":"The Courier"},{"floor":28,"key":"CeramicFish"}],"event_choices":[{"damage_healed":0,"gold_gain":0,"player_choice":"Success","damage_taken":7,"relics_obtained":["Anchor"],"max_hp_gain":0,"max_hp_loss":0,"event_name":"Scrap Ooze","floor":4,"gold_loss":0},{"damage_healed":0,"gold_gain":0,"player_choice":"Leave","damage_taken":0,"max_hp_gain":0,"max_hp_loss":0,"event_name":"The Cleric","floor":5,"gold_loss":0},{"cards_removed":["Endless Agony"],"damage_healed":0,"gold_gain":0,"player_choice":"Gave Card","damage_taken":0,"relics_obtained":["Strawberry"],"max_hp_gain":0,"max_hp_loss":0,"event_name":"WeMeetAgain","floor":14,"gold_loss":0},{"damage_healed":0,"gold_gain":0,"player_choice":"Read","damage_taken":0,"max_hp_gain":0,"max_hp_loss":0,"event_name":"The Library","floor":22,"gold_loss":0,"cards_obtained":["Blur"]}],"is_beta":false,"boss_relics":[{"not_picked":["Coffee Dripper","Fusion Hammer"],"picked":"Cursed Key"}],"items_purged_floors":[20],"is_endless":false,"potions_floor_spawned":[1,3,10,13,16,23,28],"killed_by":"Slavers","ascension_level":3}