{"gold_per_floor":[115,115,125,137,152,152,177,190,190,190,219,219,242,287,287,417,489,514,532,577,431,456,456,456,504,504,49,49,49,72,97,97,97],"floor_reached":33,"playtime":1978,"items_purged":["Flechettes","Leg Sweep"],"score":341,"play_id":"19dd7f25-e3e0-418d-a06a-3f4388640fc8","local_time":"20210502195650","is_ascension_mode":true,"campfire_choices":[{"data":"Dash","floor":6,"key":"SMITH"},{"data":"Poisoned Stab","floor":10,"key":"SMITH"},{"floor":15,"key":"REST"},{"data":"Blur","floor":24,"key":"SMITH"},{"floor":29,"key":"REST"},{"data":"Terror","floor":32,"key":"SMITH"}],"neow_cost":"NONE","seed_source_timestamp":1129169168344200,"circlet_count":0,"master_deck":["Survivor","Neutralize","Dash+1","Leg Sweep","Backstab","Poisoned Stab+1","PiercingWail","Deadly Poison","Dagger Spray","Bane","Venomology","Skewer","Concentrate","Reflex","Terror+1","Tools of the Trade","Deflect","Choke","Ghostly","Ghostly","Ghostly","Ghostly","Ghostly","Well Laid Plans","Outmaneuver","Blur+1","Crippling Poison+1","Tools of the Trade","Dash+1"],"relics":["Empty Cage","Regal Pillow","CeramicFish","Golden Idol","Whetstone","PreservedInsect","Pandora\u0027s Box","Paper Crane","Shuriken","Anchor","Strange Spoon"],"potions_floor_usage":[7,18,18,18,30,33,33],"damage_taken":[{"damage":2,"enemies":"Small Slimes","floor":1,"turns":3},{"damage":0,"enemies":"2 Louse","floor":3,"turns":2},{"damage":12,"enemies":"Jaw Worm","floor":4,"turns":5},{"damage":3,"enemies":"Looter","floor":5,"turns":3},{"damage":3,"enemies":"Gremlin Nob","floor":7,"turns":4},{"damage":0,"enemies":"Large Slime","floor":8,"turns":7},{"damage":13,"enemies":"Blue Slaver","floor":11,"turns":2},{"damage":14,"enemies":"Lagavulin","floor":14,"turns":6},{"damage":32,"enemies":"Hexaghost","floor":16,"turns":10},{"damage":14,"enemies":"3 Byrds","floor":18,"turns":5},{"damage":5,"enemies":"2 Thieves","floor":22,"turns":5},{"damage":17,"enemies":"Book of Stabbing","floor":25,"turns":8},{"damage":10,"enemies":"Centurion and Healer","floor":30,"turns":9},{"damage":6,"enemies":"Chosen and Byrds","floor":31,"turns":7},{"damage":23,"enemies":"Collector","floor":33,"turns":7}],"seed_played":"-5585778338888541519","potions_obtained":[{"floor":1,"key":"DistilledChaos"},{"floor":3,"key":"Weak Potion"},{"floor":16,"key":"EssenceOfSteel"},{"floor":18,"key":"Fire Potion"},{"floor":25,"key":"DuplicationPotion"}],"is_trial":false,"path_per_floor":["M","?","M","M","M","R","E","M","T","R","M","?","T","E","R","B",null,"M","?","?","$","M","?","R","E","T","$","$","R","M","M","R","B"],"character_chosen":"THE_SILENT","items_purchased":["Well Laid Plans","Outmaneuver","Anchor","Strange Spoon","Tools of the Trade"],"campfire_rested":2,"item_purchase_floors":[21,21,27,27,27],"current_hp_per_floor":[68,68,68,56,53,53,50,50,50,50,37,37,37,23,57,25,65,51,51,32,32,27,24,24,7,7,7,7,33,23,17,17,0],"gold":97,"neow_bonus":"BOSS_RELIC","is_prod":false,"is_daily":false,"chose_seed":false,"campfire_upgraded":4,"win_rate":0,"timestamp":1619999810,"path_taken":["M","?","M","M","M","R","E","M","T","R","M","?","?","E","R","BOSS","M","?","?","$","M","?","R","E","T","?","$","R","M","M","R","BOSS"],"build_version":"2020-12-22","purchased_purges":2,"victory":false,"max_hp_per_floor":[70,70,70,70,70,70,70,70,70,70,70,65,65,65,65,65,65,65,65,32,32,32,37,37,37,37,37,37,37,37,37,37,37],"card_choices":[{"not_picked":["Quick Slash","Concentrate"],"picked":"Dash","floor":1},{"not_picked":["Sucker Punch","Dagger Throw"],"picked":"Leg Sweep","floor":3},{"not_picked":["Backflip","Endless Agony"],"picked":"Backstab","floor":4},{"not_picked":["Dodge and Roll","Dagger Throw"],"picked":"Poisoned Stab","floor":5},{"not_picked":["Concentrate","Wraith Form v2"],"picked":"PiercingWail","floor":7},{"not_picked":["PiercingWail","Cloak And Dagger"],"picked":"Deadly Poison","floor":8},{"not_picked":["Backstab","Masterful Stab"],"picked":"Dagger Spray","floor":11},{"not_picked":["Night Terror","Outmaneuver"],"picked":"Bane","floor":14},{"not_picked":["Die Die Die","Corpse Explosion"],"picked":"Venomology","floor":16},{"not_picked":["Predator","Bane"],"picked":"Deflect","floor":18},{"not_picked":["Poisoned Stab","Cloak And Dagger"],"picked":"Blur","floor":22},{"not_picked":["Heel Hook","Poisoned Stab+1"],"picked":"Crippling Poison+1","floor":25},{"not_picked":["Burst","Dodge and Roll","Underhanded Strike"],"picked":"SKIP","floor":30},{"not_picked":["Deadly Poison","Quick Slash"],"picked":"Dash+1","floor":31}],"player_experience":250682,"relics_obtained":[{"floor":7,"key":"Regal Pillow"},{"floor":9,"key":"CeramicFish"},{"floor":13,"key":"Whetstone"},{"floor":14,"key":"PreservedInsect"},{"floor":25,"key":"Paper Crane"},{"floor":26,"key":"Shuriken"}],"event_choices":[{"damage_healed":0,"gold_gain":0,"player_choice":"Ignored","damage_taken":0,"max_hp_gain":0,"max_hp_loss":0,"event_name":"Liars Game","floor":2,"gold_loss":0},{"damage_healed":0,"gold_gain":0,"player_choice":"Lose Max HP","damage_taken":0,"relics_obtained":["Golden Idol"],"max_hp_gain":0,"max_hp_loss":5,"event_name":"Golden Idol","floor":12,"gold_loss":0},{"damage_healed":0,"gold_gain":0,"cards_transformed":["Doppelganger","Doppelganger"],"player_choice":"Became Test Subject","damage_taken":0,"max_hp_gain":0,"max_hp_loss":0,"event_name":"Drug Dealer","floor":19,"gold_loss":0,"cards_obtained":["Choke","Flechettes"]},{"damage_healed":0,"gold_gain":0,"player_choice":"Became a Ghost","damage_taken":0,"max_hp_gain":0,"max_hp_loss":33,"event_name":"Ghosts","floor":20,"gold_loss":0,"cards_obtained":["Ghostly","Ghostly","Ghostly","Ghostly","Ghostly"]},{"damage_healed":0,"gold_gain":0,"player_choice":"Shed Blood","damage_taken":8,"max_hp_gain":5,"max_hp_loss":0,"event_name":"Forgotten Altar","floor":23,"gold_loss":0}],"is_beta":false,"boss_relics":[{"not_picked":["Busted Crown","Runic Dome"],"picked":"Pandora\u0027s Box"}],"items_purged_floors":[21,27],"is_endless":false,"potions_floor_spawned":[1,3,16,18,25],"killed_by":"Collector","ascension_level":3}