{"gold_per_floor":[117,137,154,132,150,176,191,208,235,235,235,245,257,274,274],"floor_reached":15,"playtime":921,"items_purged":[],"score":118,"play_id":"edfda104-a538-4844-a70f-b95497e6ef48","local_time":"20210428231924","is_ascension_mode":true,"campfire_choices":[{"data":"Footwork","floor":11,"key":"SMITH"}],"neow_cost":"NONE","seed_source_timestamp":796788118929400,"circlet_count":0,"master_deck":["Strike_G","Strike_G","Strike_G","Strike_G","Strike_G","Defend_G","Defend_G","Defend_G","Defend_G","Defend_G","Survivor","Neutralize","Infinite Blades","Blade Dance","Backflip","Dagger Throw","Footwork+1","Caltrops","Dagger Spray","Doubt","Decay","Burst","Blur","Concentrate"],"relics":["Cursed Key","Akabeko","Potion Belt"],"potions_floor_usage":[5,14],"damage_taken":[{"damage":0,"enemies":"Cultist","floor":1,"turns":4},{"damage":2,"enemies":"Jaw Worm","floor":2,"turns":4},{"damage":0,"enemies":"Small Slimes","floor":3,"turns":3},{"damage":3,"enemies":"Gremlin Gang","floor":5,"turns":5},{"damage":34,"enemies":"Lagavulin","floor":6,"turns":9},{"damage":1,"enemies":"Exordium Thugs","floor":7,"turns":4},{"damage":0,"enemies":"Blue Slaver","floor":8,"turns":3},{"damage":1,"enemies":"Red Slaver","floor":12,"turns":4},{"damage":0,"enemies":"2 Fungi Beasts","floor":13,"turns":3},{"damage":1,"enemies":"Gremlin Gang","floor":14,"turns":5}],"seed_played":"2975685678493662970","potions_obtained":[{"floor":1,"key":"Fire Potion"},{"floor":5,"key":"Fire Potion"},{"floor":13,"key":"GamblersBrew"},{"floor":14,"key":"PowerPotion"}],"is_trial":false,"path_per_floor":["M","M","M","$","M","E","M","M","T","?","R","M","M","M","R"],"character_chosen":"THE_SILENT","items_purchased":["Dagger Throw"],"campfire_rested":0,"item_purchase_floors":[4],"current_hp_per_floor":[70,68,68,68,65,31,30,30,30,30,30,29,29,28,28],"gold":274,"neow_bonus":"BOSS_RELIC","is_prod":false,"is_daily":false,"chose_seed":false,"campfire_upgraded":1,"win_rate":0,"timestamp":1619666364,"path_taken":["M","?","M","$","M","E","M","M","T","?","R","M","?","M","R"],"build_version":"2020-12-22","purchased_purges":0,"victory":false,"max_hp_per_floor":[70,70,70,70,70,70,70,70,70,70,70,70,70,70,70],"card_choices":[{"not_picked":["Eviscerate","Prepared"],"picked":"Infinite Blades","floor":1},{"not_picked":["Dagger Throw","Blur"],"picked":"Blade Dance","floor":2},{"not_picked":["Bane","Underhanded Strike"],"picked":"Backflip","floor":3},{"not_picked":["Catalyst","Flying Knee"],"picked":"Footwork","floor":5},{"not_picked":["Tactician","Prepared"],"picked":"Caltrops","floor":6},{"not_picked":["Malaise","Distraction","Quick Slash"],"picked":"SKIP","floor":7},{"not_picked":["Flying Knee","Riddle With Holes"],"picked":"Dagger Spray","floor":8},{"not_picked":["Poisoned Stab","Footwork"],"picked":"Burst","floor":12},{"not_picked":["Eviscerate","Caltrops"],"picked":"Blur","floor":13},{"not_picked":["Outmaneuver","Dodge and Roll"],"picked":"Concentrate","floor":14}],"player_experience":244053,"relics_obtained":[{"floor":6,"key":"Akabeko"},{"floor":9,"key":"Potion Belt"}],"event_choices":[{"damage_healed":0,"gold_gain":0,"player_choice":"Cursed","damage_taken":0,"max_hp_gain":0,"max_hp_loss":0,"event_name":"Wheel of Change","floor":10,"gold_loss":0,"cards_obtained":["Decay"]}],"is_beta":false,"boss_relics":[],"items_purged_floors":[],"is_endless":false,"potions_floor_spawned":[1,5,13,14],"ascension_level":3}