{"gold_per_floor":[118,118,129,147,159,159,189,200,200,216,216,241,241,257,257,257],"floor_reached":16,"playtime":744,"items_purged":[],"score":131,"play_id":"c13c3efc-5efe-48f6-a404-aed6ecb2bf24","local_time":"20210429032353","is_ascension_mode":true,"campfire_choices":[{"floor":6,"key":"REST"},{"data":"Accuracy","floor":11,"key":"SMITH"},{"floor":15,"key":"REST"}],"neow_cost":"NONE","seed_source_timestamp":811634597782700,"circlet_count":0,"master_deck":["Strike_G","Strike_G","Strike_G","Strike_G","Defend_G","Defend_G","Defend_G","Defend_G","Defend_G","Survivor","Neutralize","Cloak And Dagger","Accuracy+1","Deflect","Sucker Punch","Dagger Spray","Cloak And Dagger","Dash","All Out Attack","Finisher"],"relics":["Ring of the Snake","Omamori","Art of War","Toxic Egg 2","StoneCalendar"],"potions_floor_usage":[7,7,10,12],"damage_taken":[{"damage":6,"enemies":"Jaw Worm","floor":1,"turns":5},{"damage":0,"enemies":"Small Slimes","floor":3,"turns":3},{"damage":0,"enemies":"Cultist","floor":4,"turns":3},{"damage":33,"enemies":"Gremlin Gang","floor":5,"turns":9},{"damage":20,"enemies":"Lagavulin","floor":7,"turns":9},{"damage":0,"enemies":"Blue Slaver","floor":8,"turns":5},{"damage":0,"enemies":"Looter","floor":10,"turns":4},{"damage":11,"enemies":"3 Sentries","floor":12,"turns":8},{"damage":0,"enemies":"3 Louse","floor":14,"turns":1},{"damage":39,"enemies":"Hexaghost","floor":16,"turns":11}],"seed_played":"3365628715319610645","potions_obtained":[{"floor":4,"key":"CunningPotion"},{"floor":5,"key":"Fruit Juice"},{"floor":7,"key":"SkillPotion"},{"floor":10,"key":"AttackPotion"}],"is_trial":false,"path_per_floor":["M","?","M","M","M","R","E","M","T","M","R","E","?","M","R","B"],"character_chosen":"THE_SILENT","items_purchased":[],"campfire_rested":2,"item_purchase_floors":[],"current_hp_per_floor":[71,46,46,46,13,36,21,21,21,21,21,10,10,10,34,0],"gold":257,"neow_bonus":"TEN_PERCENT_HP_BONUS","is_prod":false,"is_daily":false,"chose_seed":false,"campfire_upgraded":1,"win_rate":0,"timestamp":1619681033,"path_taken":["M","?","M","M","M","R","E","M","T","M","R","E","?","?","R","BOSS"],"build_version":"2020-12-22","purchased_purges":0,"victory":false,"max_hp_per_floor":[77,77,77,77,77,77,82,82,82,82,82,82,82,82,82,82],"card_choices":[{"not_picked":["Catalyst","Blade Dance"],"picked":"Cloak And Dagger","floor":1},{"not_picked":["Dagger Throw","Catalyst"],"picked":"Accuracy","floor":3},{"not_picked":["Underhanded Strike","Deadly Poison"],"picked":"Deflect","floor":4},{"not_picked":["Bouncing Flask","Underhanded Strike"],"picked":"Sucker Punch","floor":5},{"not_picked":["Malaise","Choke"],"picked":"Dagger Spray","floor":7},{"not_picked":["Well Laid Plans","Skewer"],"picked":"Cloak And Dagger","floor":8},{"not_picked":["Acrobatics+1","PiercingWail+1"],"picked":"Dash","floor":10},{"not_picked":["Terror+1","Bouncing Flask+1"],"picked":"All Out Attack","floor":12},{"not_picked":["Skewer","Bane"],"picked":"Finisher","floor":14}],"player_experience":244974,"relics_obtained":[{"floor":7,"key":"Art of War"},{"floor":9,"key":"Toxic Egg 2"},{"floor":12,"key":"StoneCalendar"}],"event_choices":[{"damage_healed":0,"gold_gain":0,"player_choice":"Success","damage_taken":25,"relics_obtained":["Omamori"],"max_hp_gain":0,"max_hp_loss":0,"event_name":"Scrap Ooze","floor":2,"gold_loss":0},{"cards_removed":["Strike_G"],"damage_healed":0,"gold_gain":0,"player_choice":"Card Removal","damage_taken":0,"max_hp_gain":0,"max_hp_loss":0,"event_name":"Wheel of Change","floor":13,"gold_loss":0}],"is_beta":false,"boss_relics":[],"items_purged_floors":[],"is_endless":false,"potions_floor_spawned":[4,5,7,10],"killed_by":"Hexaghost","ascension_level":3}