{"gold_per_floor":[117,117,128,5,20,20,33,68,120,140,140,140,171,95,95,191,191,201,201,300,300,16,16,48,48,48,48],"floor_reached":27,"playtime":1601,"items_purged":["Strike_G","Strike_G"],"score":273,"play_id":"82f81d8c-413f-4cb8-bde1-c60653053d3e","local_time":"20210428210928","is_ascension_mode":true,"campfire_choices":[{"data":"Neutralize","floor":6,"key":"SMITH"},{"data":"Survivor","floor":12,"key":"SMITH"},{"floor":15,"key":"REST"},{"data":"Defend_G","floor":23,"key":"SMITH"},{"data":"Cloak And Dagger","floor":25,"key":"SMITH"}],"neow_cost":"NONE","seed_source_timestamp":788311738036200,"circlet_count":0,"master_deck":["Strike_G","Strike_G","Defend_G","Defend_G","Defend_G","Defend_G","Defend_G+1","Survivor+1","Neutralize+1","Flying Knee","Flying Knee","Blade Dance","Flying Knee","Caltrops","Backstab","Dagger Spray","Terror","Well Laid Plans","Blade Dance+1","Backstab","Cloak And Dagger+1"],"relics":["Ring of the Snake","Regal Pillow","Blood Vial","SacredBark","Nilry\u0027s Codex","Omamori","Bottled Tornado","Question Card"],"potions_floor_usage":[8,24],"damage_taken":[{"damage":6,"enemies":"Small Slimes","floor":1,"turns":5},{"damage":0,"enemies":"Jaw Worm","floor":3,"turns":3},{"damage":0,"enemies":"2 Louse","floor":5,"turns":3},{"damage":9,"enemies":"Blue Slaver","floor":7,"turns":4},{"damage":25,"enemies":"Lagavulin","floor":8,"turns":6},{"damage":1,"enemies":"Exordium Wildlife","floor":10,"turns":2},{"damage":8,"enemies":"Gremlin Nob","floor":13,"turns":4},{"damage":16,"enemies":"Hexaghost","floor":16,"turns":8},{"damage":13,"enemies":"Shell Parasite","floor":18,"turns":6},{"damage":7,"enemies":"Gremlin Leader","floor":24,"turns":7},{"damage":48,"enemies":"Slavers","floor":27,"turns":4}],"seed_played":"-2710455697002203000","potions_obtained":[{"floor":5,"key":"FearPotion"},{"floor":7,"key":"SpeedPotion"},{"floor":8,"key":"SkillPotion"},{"floor":13,"key":"DistilledChaos"}],"is_trial":false,"path_per_floor":["M","?","M","$","M","R","M","E","T","M","?","R","E","$","R","B",null,"M","?","?","$","$","R","E","R","T","E"],"character_chosen":"THE_SILENT","items_purchased":["Blade Dance","Well Laid Plans","Backstab","Omamori"],"campfire_rested":1,"item_purchase_floors":[4,14,22,22],"current_hp_per_floor":[71,64,64,64,64,64,55,30,30,29,29,29,21,21,59,45,77,64,48,48,48,48,48,43,43,43,0],"gold":48,"neow_bonus":"TEN_PERCENT_HP_BONUS","is_prod":false,"is_daily":false,"chose_seed":false,"campfire_upgraded":4,"win_rate":0,"timestamp":1619658568,"path_taken":["M","?","M","$","M","R","M","E","T","M","?","R","E","?","R","BOSS","M","?","?","?","$","R","E","R","T","E"],"build_version":"2020-12-22","purchased_purges":2,"victory":false,"max_hp_per_floor":[77,77,77,77,77,77,77,77,77,77,77,77,77,77,77,77,77,77,77,77,77,77,77,77,77,77,77],"card_choices":[{"not_picked":["Prepared","Acrobatics"],"picked":"Flying Knee","floor":1},{"not_picked":["Acrobatics","Outmaneuver"],"picked":"Flying Knee","floor":3},{"not_picked":["Dodge and Roll","Catalyst"],"picked":"Flying Knee","floor":5},{"not_picked":["Infinite Blades","Tactician"],"picked":"Caltrops","floor":7},{"not_picked":["Cloak And Dagger","Crippling Poison"],"picked":"Backstab","floor":8},{"not_picked":["Unload","Bane"],"picked":"Dagger Spray","floor":10},{"not_picked":["Dagger Throw","Slice"],"picked":"Terror","floor":13},{"not_picked":["Escape Plan+1","Flechettes+1"],"picked":"Blade Dance+1","floor":18},{"not_picked":["Underhanded Strike+1","Quick Slash"],"picked":"Cloak And Dagger","floor":24}],"player_experience":235682,"relics_obtained":[{"floor":9,"key":"Regal Pillow"},{"floor":13,"key":"Blood Vial"},{"floor":19,"key":"Nilry\u0027s Codex"},{"floor":24,"key":"Bottled Tornado"},{"floor":26,"key":"Question Card"}],"event_choices":[{"cards_removed":["Strike_G"],"damage_healed":0,"gold_gain":0,"player_choice":"Card Removal","damage_taken":7,"max_hp_gain":0,"max_hp_loss":0,"event_name":"Golden Wing","floor":2,"gold_loss":0},{"damage_healed":0,"gold_gain":0,"player_choice":"Ignored","damage_taken":0,"max_hp_gain":0,"max_hp_loss":0,"event_name":"Liars Game","floor":11,"gold_loss":0},{"damage_healed":0,"gold_gain":0,"player_choice":"Obtained Book","damage_taken":16,"max_hp_gain":0,"max_hp_loss":0,"event_name":"Cursed Tome","floor":19,"gold_loss":0},{"damage_healed":0,"gold_gain":99,"player_choice":"Stole From Cult","damage_taken":0,"max_hp_gain":0,"max_hp_loss":0,"event_name":"Nest","floor":20,"gold_loss":0}],"is_beta":false,"boss_relics":[{"not_picked":["Philosopher\u0027s Stone","Ring of the Serpent"],"picked":"SacredBark"}],"items_purged_floors":[4,22],"is_endless":false,"potions_floor_spawned":[5,7,8,13,16,18],"killed_by":"Slavers","ascension_level":3}