{"gold_per_floor":[110,120,135,85,100,100,131,131,131,131,163,9,84,96,96,196,196,208,208,223,241,241,267,267,299,299,299,313,339,352,363,363,461,461,479,48,63,76,91,126,126,157,157,157,177,177,177,196,196,196],"floor_reached":51,"playtime":2349,"items_purged":["Strike_G","Defend_G"],"score":893,"play_id":"e402f0a5-27cd-489b-8378-e9e06d07b2c9","local_time":"20210504230200","is_ascension_mode":true,"campfire_choices":[{"data":"Riddle With Holes","floor":6.0,"key":"SMITH"},{"data":"Glass Knife","floor":8,"key":"SMITH"},{"data":"Terror","floor":10,"key":"SMITH"},{"data":"Dagger Spray","floor":15,"key":"SMITH"},{"data":"Neutralize","floor":24,"key":"SMITH"},{"data":"Blade Dance","floor":27,"key":"SMITH"},{"data":"Cloak And Dagger","floor":32,"key":"SMITH"},{"data":"Storm of Steel","floor":41,"key":"SMITH"},{"data":"Accuracy","floor":44,"key":"SMITH"},{"data":"Burst","floor":47,"key":"SMITH"},{"data":"Dash","floor":49,"key":"SMITH"}],"neow_cost":"NONE","seed_source_timestamp":0,"circlet_count":0,"master_deck":["Strike_G","Strike_G","Defend_G","Defend_G","Defend_G","Defend_G","Survivor","Neutralize+1","Flying Knee","Terror+1","Blade Dance+1","Riddle With Holes+1","Glass Knife+1","Cloak And Dagger","Dash+1","Dagger Spray+1","Burst+1","Deflect","Cloak And Dagger+1","Escape Plan","Slice+1","Leg Sweep+1","Skewer+1","Storm of Steel+1","Accuracy+1","Calculated Gamble","Blade Dance+1","Acrobatics","A Thousand Cuts","Leg Sweep"],"special_seed":0,"relics":["Ring of the Snake","Bag of Marbles","Pear","Ninja Scroll","WristBlade","Dream Catcher","MealTicket","Bag of Preparation","Coffee Dripper","Ornamental Fan","Bottled Lightning","Torii","Darkstone Periapt"],"potions_floor_usage":[16,35,39,50],"damage_taken":[{"damage":3.0,"enemies":"Small Slimes","floor":1.0,"turns":4.0},{"damage":0.0,"enemies":"2 Louse","floor":2.0,"turns":2.0},{"damage":5.0,"enemies":"Jaw Worm","floor":3.0,"turns":3.0},{"damage":0.0,"enemies":"Blue Slaver","floor":5.0,"turns":4.0},{"damage":31.0,"enemies":"Gremlin Nob","floor":7.0,"turns":4.0},{"damage":5,"enemies":"Lagavulin","floor":11,"turns":3},{"damage":0,"enemies":"3 Louse","floor":14,"turns":3},{"damage":6,"enemies":"Slime Boss","floor":16,"turns":5},{"damage":0,"enemies":"3 Byrds","floor":18,"turns":3},{"damage":0,"enemies":"2 Thieves","floor":20,"turns":1},{"damage":0,"enemies":"Snecko","floor":21,"turns":2},{"damage":10,"enemies":"Slavers","floor":23,"turns":4},{"damage":1,"enemies":"Book of Stabbing","floor":25,"turns":4},{"damage":0,"enemies":"Snake Plant","floor":28,"turns":2},{"damage":0,"enemies":"Gremlin Leader","floor":29,"turns":6},{"damage":0,"enemies":"3 Cultists","floor":30,"turns":2},{"damage":0,"enemies":"Shelled Parasite and Fungi","floor":31,"turns":2},{"damage":63,"enemies":"Collector","floor":33,"turns":9},{"damage":0,"enemies":"3 Shapes","floor":35,"turns":1},{"damage":0,"enemies":"Orb Walker","floor":37,"turns":1},{"damage":8,"enemies":"Sphere and 2 Shapes","floor":38,"turns":8},{"damage":0,"enemies":"Spire Growth","floor":39,"turns":3},{"damage":0,"enemies":"Giant Head","floor":40,"turns":5},{"damage":19,"enemies":"Reptomancer","floor":42,"turns":4},{"damage":0,"enemies":"Transient","floor":45,"turns":5},{"damage":0,"enemies":"Jaw Worm Horde","floor":48,"turns":3},{"damage":62,"enemies":"Awakened One","floor":50,"turns":11}],"seed_played":"-2117073984278341084","potions_obtained":[{"floor":1.0,"key":"DuplicationPotion"},{"floor":5.0,"key":"CunningPotion"},{"floor":14,"key":"Energy Potion"},{"floor":18,"key":"SteroidPotion"},{"floor":21,"key":"Poison Potion"},{"floor":25,"key":"CultistPotion"},{"floor":33,"key":"Fruit Juice"},{"floor":35,"key":"CultistPotion"},{"floor":42,"key":"Weak Potion"},{"floor":45,"key":"FairyPotion"}],"is_trial":false,"path_per_floor":["M","M","M","?","M","R","E","R","T","R","E","$","?","M","R","B",null,"M","?","M","M","?","E","R","E","T","R","M","E","M","M","R","B",null,"M","$","M","M","M","E","R","E","T","R","M","?","R","M","R","B",null],"character_chosen":"THE_SILENT","items_purchased":["Dash","Accuracy","Ornamental Fan"],"campfire_rested":0,"item_purchase_floors":[12,36,36],"current_hp_per_floor":[74,74,69,69,69,69,38,38,48,48,43,43,32,32,32,26,87,87,87,87,87,87,77,77,76,76,76,76,76,76,76,76,13,87,92,92,92,84,84,84,84,65,65,65,65,65,65,65,65,3],"gold":196,"neow_bonus":"TEN_PERCENT_HP_BONUS","is_prod":false,"is_daily":false,"chose_seed":false,"campfire_upgraded":11,"win_rate":0,"timestamp":1620183720,"path_taken":["M","M","M","?","M","R","E","R","T","R","E","$","?","M","R","BOSS","M","?","M","M","?","E","R","E","T","R","M","E","M","M","R","BOSS","M","$","M","M","M","E","R","E","T","R","M","?","R","M","R","BOSS"],"build_version":"2020-12-22","purchased_purges":2,"victory":true,"max_hp_per_floor":[77,77,77,77,77,77,77,77,87,87,87,87,87,87,87,87,87,87,87,87,87,87,87,87,87,87,87,87,87,87,87,87,87,87,92,92,92,92,92,92,92,92,92,92,92,92,92,92,92,92],"card_choices":[{"not_picked":["Skewer","Dodge and Roll"],"picked":"Flying Knee","floor":1.0},{"not_picked":["Poisoned Stab","Blade Dance"],"picked":"Terror","floor":2.0},{"not_picked":["Poisoned Stab","Choke"],"picked":"Blade Dance","floor":3.0},{"not_picked":["Wraith Form v2","Deadly Poison"],"picked":"Riddle With Holes","floor":5.0},{"not_picked":["Bane","Adrenaline"],"picked":"Glass Knife","floor":7.0},{"not_picked":["Bane","PiercingWail"],"picked":"Cloak And Dagger","floor":11},{"not_picked":["Concentrate","Corpse Explosion"],"picked":"Dagger Spray","floor":14},{"not_picked":["A Thousand Cuts","Storm of Steel"],"picked":"Burst","floor":16},{"not_picked":["Prepared","Flying Knee+1"],"picked":"Deflect","floor":18},{"not_picked":["Backflip","Sucker Punch"],"picked":"Cloak And Dagger","floor":20},{"not_picked":["Deadly Poison","Quick Slash"],"picked":"Escape Plan","floor":21},{"not_picked":["Skewer","Tools of the Trade"],"picked":"Slice+1","floor":23},{"not_picked":["Blur","Outmaneuver"],"picked":"Leg Sweep+1","floor":25},{"not_picked":["Reflex","Bane","Deflect"],"picked":"SKIP","floor":28},{"not_picked":["Concentrate","Underhanded Strike","Poisoned Stab"],"picked":"SKIP","floor":29},{"not_picked":["Noxious Fumes","Acrobatics"],"picked":"Skewer+1","floor":30},{"not_picked":["Outmaneuver+1","Setup","Underhanded Strike+1"],"picked":"SKIP","floor":31},{"not_picked":["Unload","Tools of the Trade"],"picked":"Storm of Steel","floor":33},{"not_picked":["Underhanded Strike+1","Dagger Throw+1","Bane+1"],"picked":"SKIP","floor":35},{"not_picked":["Flying Knee","Terror"],"picked":"Calculated Gamble","floor":37},{"not_picked":["Flechettes+1","PiercingWail+1"],"picked":"Blade Dance+1","floor":38},{"not_picked":["Riddle With Holes+1","Unload"],"picked":"Acrobatics","floor":39},{"not_picked":["Sucker Punch+1","Endless Agony+1","Deadly Poison+1"],"picked":"SKIP","floor":40},{"not_picked":["Catalyst","Prepared"],"picked":"A Thousand Cuts","floor":42},{"not_picked":["Infinite Blades+1","Deadly Poison"],"picked":"Leg Sweep","floor":45},{"not_picked":["Reflex+1","Backstab+1","Heel Hook"],"picked":"SKIP","floor":48}],"player_experience":267264,"relics_obtained":[{"floor":7.0,"key":"Bag of Marbles"},{"floor":9,"key":"Pear"},{"floor":11,"key":"Ninja Scroll"},{"floor":23,"key":"Dream Catcher"},{"floor":25,"key":"MealTicket"},{"floor":29,"key":"Bag of Preparation"},{"floor":40,"key":"Bottled Lightning"},{"floor":42,"key":"Torii"},{"floor":43,"key":"Darkstone Periapt"}],"event_choices":[{"cards_removed":["Strike_G"],"damage_healed":0.0,"max_hp_gain":0.0,"max_hp_loss":0.0,"gold_gain":0.0,"event_name":"The Cleric","player_choice":"Card Removal","floor":4.0,"gold_loss":50.0,"damage_taken":0.0},{"damage_healed":0,"gold_gain":75,"player_choice":"Gather Gold","damage_taken":11,"max_hp_gain":0,"max_hp_loss":0,"event_name":"World of Goop","floor":13,"gold_loss":0},{"damage_healed":0,"gold_gain":0,"player_choice":"Ignored","damage_taken":0,"max_hp_gain":0,"max_hp_loss":0,"event_name":"Vampires","floor":19,"gold_loss":0},{"damage_healed":0,"gold_gain":0,"player_choice":"Ignored","damage_taken":0,"max_hp_gain":0,"max_hp_loss":0,"event_name":"Ghosts","floor":22,"gold_loss":0},{"cards_removed":["Strike_G"],"damage_healed":0,"gold_gain":0,"player_choice":"Removed Attack","damage_taken":0,"max_hp_gain":0,"max_hp_loss":0,"event_name":"Falling","floor":46,"gold_loss":0}],"is_beta":false,"boss_relics":[{"not_picked":["Sozu","Velvet Choker"],"picked":"WristBlade"},{"not_picked":["HoveringKite","Philosopher\u0027s Stone"],"picked":"Coffee Dripper"}],"items_purged_floors":[12,36],"is_endless":false,"potions_floor_spawned":[1,5,14,18,21,25,28,29,33,35,37,42,45],"ascension_level":1}