{"gold_per_floor":[112,123,138,213,69,69,81,116,416,427,427],"floor_reached":11,"playtime":347,"items_purged":[],"score":90,"play_id":"7fe6059c-0541-4479-89ab-83ab9d243699","local_time":"20210503020454","is_ascension_mode":true,"campfire_choices":[{"data":"Venomology","floor":6,"key":"SMITH"}],"neow_cost":"CURSE","seed_source_timestamp":1152885747669300,"circlet_count":0,"master_deck":["Strike_G","Strike_G","Strike_G","Strike_G","Strike_G","Defend_G","Defend_G","Defend_G","Defend_G","Defend_G","Survivor","Neutralize","Shame","Venomology+1","Predator","Dash","PiercingWail","Dagger Spray","Cloak And Dagger","Deflect"],"relics":["Ring of the Snake","Frozen Eye","Letter Opener","Old Coin"],"potions_floor_usage":[2,7,8,10],"damage_taken":[{"damage":6,"enemies":"Small Slimes","floor":1,"turns":4},{"damage":0,"enemies":"Cultist","floor":2,"turns":3},{"damage":0,"enemies":"2 Louse","floor":3,"turns":2},{"damage":4,"enemies":"Looter","floor":7,"turns":4},{"damage":41,"enemies":"Gremlin Nob","floor":8,"turns":5},{"damage":0,"enemies":"Large Slime","floor":10,"turns":6},{"damage":15,"enemies":"Gremlin Gang","floor":11,"turns":3}],"seed_played":"-3174395800915244177","potions_obtained":[{"floor":1,"key":"PowerPotion"},{"floor":7,"key":"DistilledChaos"},{"floor":8,"key":"LiquidBronze"}],"is_trial":false,"path_per_floor":["M","M","M","?","$","R","M","E","T","M","M"],"character_chosen":"THE_SILENT","items_purchased":["Frozen Eye"],"campfire_rested":0,"item_purchase_floors":[5],"current_hp_per_floor":[64,64,64,57,57,57,53,12,12,12,0],"gold":427,"neow_bonus":"THREE_RARE_CARDS","is_prod":false,"is_daily":false,"chose_seed":false,"campfire_upgraded":1,"win_rate":0,"timestamp":1620021894,"path_taken":["M","M","M","?","$","R","M","E","T","?","M"],"build_version":"2020-12-22","purchased_purges":0,"victory":false,"max_hp_per_floor":[70,70,70,70,70,70,70,70,70,70,70],"card_choices":[{"not_picked":["Phantasmal Killer","Corpse Explosion"],"picked":"Venomology","floor":0},{"not_picked":["Dodge and Roll","Flying Knee"],"picked":"Predator","floor":1},{"not_picked":["Poisoned Stab","Underhanded Strike"],"picked":"Dash","floor":2},{"not_picked":["Quick Slash","Dodge and Roll"],"picked":"PiercingWail","floor":3},{"not_picked":["Predator","Underhanded Strike"],"picked":"Dagger Spray","floor":7},{"not_picked":["Outmaneuver","Tactician"],"picked":"Cloak And Dagger","floor":8},{"not_picked":["Bane","Prepared"],"picked":"Deflect","floor":10}],"player_experience":259819,"relics_obtained":[{"floor":8,"key":"Letter Opener"},{"floor":9,"key":"Old Coin"}],"event_choices":[{"damage_healed":0,"gold_gain":75,"player_choice":"Touch","damage_taken":7,"max_hp_gain":0,"max_hp_loss":0,"event_name":"FaceTrader","floor":4,"gold_loss":0}],"is_beta":false,"boss_relics":[],"items_purged_floors":[],"is_endless":false,"potions_floor_spawned":[1,7,8],"killed_by":"Gremlin Gang","ascension_level":4}