{"gold_per_floor":[113,113,123,123,143,143,178,190,216,234,254,270,280,291,291,291],"floor_reached":16,"playtime":639,"items_purged":[],"score":113,"play_id":"4017cbbb-1ce8-4e14-b241-0c41d0a47f65","local_time":"20210504212638","is_ascension_mode":true,"campfire_choices":[{"data":"The Bomb","floor":6,"key":"SMITH"},{"floor":15,"key":"REST"}],"neow_cost":"PERCENT_DAMAGE","seed_source_timestamp":1308697672383500,"circlet_count":0,"master_deck":["Strike_G","Strike_G","Strike_G","Strike_G","Strike_G","Defend_G","Defend_G","Defend_G","Defend_G","Defend_G","Survivor","Neutralize","The Bomb+1","Quick Slash","Slice","PiercingWail","Backflip","Die Die Die","Calculated Gamble","Deflect","Acrobatics"],"relics":["Ring of the Snake","Mummified Hand","Ornamental Fan","Smiling Mask"],"potions_floor_usage":[],"damage_taken":[{"damage":0,"enemies":"Jaw Worm","floor":1,"turns":3},{"damage":1,"enemies":"Cultist","floor":3,"turns":4},{"damage":0,"enemies":"2 Louse","floor":5,"turns":3},{"damage":19,"enemies":"Gremlin Nob","floor":7,"turns":4},{"damage":4,"enemies":"Exordium Thugs","floor":8,"turns":8},{"damage":2,"enemies":"Exordium Wildlife","floor":10,"turns":4},{"damage":0,"enemies":"3 Louse","floor":11,"turns":1},{"damage":4,"enemies":"2 Fungi Beasts","floor":12,"turns":4},{"damage":2,"enemies":"Looter","floor":13,"turns":3},{"damage":3,"enemies":"Blue Slaver","floor":14,"turns":3},{"damage":52,"enemies":"The Guardian","floor":16,"turns":10}],"seed_played":"-1386689109647561676","potions_obtained":[{"floor":5,"key":"LiquidBronze"},{"floor":7,"key":"FearPotion"},{"floor":8,"key":"Dexterity Potion"},{"floor":10,"key":"DuplicationPotion"}],"is_trial":false,"path_per_floor":["M","?","M","T","M","R","E","M","T","M","M","M","M","M","R","B"],"character_chosen":"THE_SILENT","items_purchased":[],"campfire_rested":1,"item_purchase_floors":[],"current_hp_per_floor":[49,49,48,48,48,48,29,25,25,23,23,19,17,14,35,0],"gold":291,"neow_bonus":"RANDOM_COLORLESS_2","is_prod":false,"is_daily":false,"chose_seed":false,"campfire_upgraded":1,"win_rate":0,"timestamp":1620177998,"path_taken":["M","?","M","?","?","R","E","M","T","M","M","M","?","M","R","BOSS"],"build_version":"2020-12-22","purchased_purges":0,"victory":false,"max_hp_per_floor":[70,70,70,70,70,70,70,70,70,70,70,70,70,70,70,70],"card_choices":[{"not_picked":["Panache","Master of Strategy"],"picked":"The Bomb","floor":0},{"not_picked":["Bane","Caltrops"],"picked":"Quick Slash","floor":1},{"not_picked":["Skewer","Accuracy"],"picked":"Slice","floor":3},{"not_picked":["Distraction","Heel Hook"],"picked":"PiercingWail","floor":5},{"not_picked":["Outmaneuver","Flying Knee"],"picked":"Backflip","floor":7},{"not_picked":["Accuracy","Catalyst"],"picked":"Die Die Die","floor":8},{"not_picked":["PiercingWail","Dagger Spray"],"picked":"Calculated Gamble","floor":10},{"not_picked":["Cloak And Dagger","Calculated Gamble"],"picked":"Deflect","floor":11},{"not_picked":["Bane","Concentrate","Quick Slash"],"picked":"SKIP","floor":12},{"not_picked":["Accuracy","Finisher","Dodge and Roll"],"picked":"SKIP","floor":13},{"not_picked":["Bane","Choke"],"picked":"Acrobatics","floor":14}],"player_experience":266144,"relics_obtained":[{"floor":4,"key":"Mummified Hand"},{"floor":7,"key":"Ornamental Fan"},{"floor":9,"key":"Smiling Mask"}],"event_choices":[{"damage_healed":0,"gold_gain":0,"player_choice":"Ignored","damage_taken":0,"max_hp_gain":0,"max_hp_loss":0,"event_name":"Liars Game","floor":2,"gold_loss":0}],"is_beta":false,"boss_relics":[],"items_purged_floors":[],"is_endless":false,"potions_floor_spawned":[5,7,8,10,11,12,14],"killed_by":"The Guardian","ascension_level":1}