{"gold_per_floor":[110,110,110,123,139,139,156,156,156,183,198,216,391,391,391,493,493,493,493,493,292,292,292,292,292,292,292,292,292,292,292,292,292,292,292,292,212,212,212,212,212,212,212,212,37,37,37,37,37,37,37,37,37,37,37],"floor_reached":55,"playtime":3074,"items_purged":["Doubt","Strike_G","Writhe"],"score":931,"play_id":"77d0b797-d23f-44f2-b7c5-6f866a6a972a","local_time":"20210503015847","is_ascension_mode":true,"campfire_choices":[{"data":"Footwork","floor":6,"key":"SMITH"},{"data":"Neutralize","floor":8,"key":"SMITH"},{"data":"Deadly Poison","floor":15,"key":"SMITH"},{"floor":24,"key":"REST"},{"floor":32,"key":"REST"},{"floor":42,"key":"RECALL"},{"data":"Wraith Form v2","floor":49,"key":"SMITH"},{"data":"Footwork","floor":52,"key":"SMITH"}],"neow_cost":"NONE","seed_source_timestamp":1149790415553700,"circlet_count":0,"master_deck":["Strike_G","Strike_G+1","Defend_G","Defend_G","Defend_G","Defend_G","Defend_G","Survivor","Neutralize+1","Deflect+1","Deadly Poison+1","Footwork+1","Leg Sweep","Accuracy+1","Bane","Blur","Envenom","Blade Dance","Cloak And Dagger","Footwork","Cloak And Dagger","Slice+1","Leg Sweep+1","Footwork+1","Blade Dance","Heel Hook","Outmaneuver","Dagger Throw","Wraith Form v2+1","Terror+1","Backflip+1","Dash+1","Cloak And Dagger","Footwork","Sucker Punch+1","Setup","Cloak And Dagger+1"],"relics":["Ring of the Snake","Shuriken","Blue Candle","Lantern","Paper Crane","Ectoplasm","Ice Cream","WingedGreaves","Oddly Smooth Stone","The Courier","Runic Pyramid","Ornamental Fan","Anchor","Regal Pillow","Sundial"],"potions_floor_usage":[5,16,20,25,28,31,44,50,50,50,55],"damage_taken":[{"damage":2,"enemies":"Jaw Worm","floor":1,"turns":5},{"damage":0,"enemies":"2 Louse","floor":4,"turns":3},{"damage":8,"enemies":"Small Slimes","floor":5,"turns":3},{"damage":0,"enemies":"2 Fungi Beasts","floor":7,"turns":4},{"damage":22,"enemies":"Gremlin Nob","floor":10,"turns":5},{"damage":0,"enemies":"Blue Slaver","floor":11,"turns":5},{"damage":8,"enemies":"Lots of Slimes","floor":12,"turns":5},{"damage":22,"enemies":"Hexaghost","floor":16,"turns":10},{"damage":6,"enemies":"Chosen","floor":18,"turns":6},{"damage":11,"enemies":"Spheric Guardian","floor":20,"turns":5},{"damage":13,"enemies":"Snake Plant","floor":22,"turns":6},{"damage":28,"enemies":"Gremlin Leader","floor":23,"turns":9},{"damage":27,"enemies":"Slavers","floor":25,"turns":6},{"damage":0,"enemies":"Snecko","floor":27,"turns":7},{"damage":6,"enemies":"3 Cultists","floor":28,"turns":6},{"damage":0,"enemies":"Centurion and Healer","floor":31,"turns":8},{"damage":5,"enemies":"Champ","floor":33,"turns":10},{"damage":4,"enemies":"Orb Walker","floor":35,"turns":6},{"damage":8,"enemies":"3 Shapes","floor":38,"turns":7},{"damage":0,"enemies":"Spire Growth","floor":39,"turns":5},{"damage":0,"enemies":"Nemesis","floor":40,"turns":9},{"damage":4,"enemies":"Reptomancer","floor":44,"turns":8},{"damage":3,"enemies":"4 Shapes","floor":47,"turns":8},{"damage":3,"enemies":"Sphere and 2 Shapes","floor":48,"turns":4},{"damage":49,"enemies":"Time Eater","floor":50,"turns":16},{"damage":44,"enemies":"Shield and Spear","floor":54,"turns":10},{"damage":41,"enemies":"The Heart","floor":55,"turns":2}],"seed_played":"-8429532548204247807","potions_obtained":[{"floor":1,"key":"CultistPotion"},{"floor":5,"key":"Fruit Juice"},{"floor":11,"key":"FearPotion"},{"floor":16,"key":"LiquidMemories"},{"floor":18,"key":"SkillPotion"},{"floor":20,"key":"PowerPotion"},{"floor":27,"key":"Poison Potion"},{"floor":28,"key":"AttackPotion"},{"floor":31,"key":"SpeedPotion"},{"floor":44,"key":"Regen Potion"},{"floor":54,"key":"ColorlessPotion"}],"is_trial":false,"path_per_floor":["M","?","?","M","M","R","M","R","T","E","M","M","?","T","R","B",null,"M","?","M","$","M","E","R","E","T","M","M","?","?","M","R","B",null,"M","?","$","M","M","E","?","R","T","E","$","T","M","M","R","B",null,"R","$","E","B"],"character_chosen":"THE_SILENT","items_purchased":["Footwork","Cloak And Dagger","Cloak And Dagger","Footwork"],"campfire_rested":2,"item_purchase_floors":[21,21,45,45],"current_hp_per_floor":[75,60,57,57,54,54,54,54,54,32,32,24,24,24,24,2,82,76,76,65,65,52,24,48,21,21,21,15,15,15,15,39,34,82,78,78,78,70,70,70,70,70,70,66,66,66,63,60,60,26,82,82,82,38,0],"gold":37,"neow_bonus":"TEN_PERCENT_HP_BONUS","is_prod":false,"is_daily":false,"chose_seed":false,"campfire_upgraded":5,"win_rate":0,"timestamp":1620021527,"path_taken":["M","?","?","M","M","R","M","R","T","E","M","M","?","?","R","BOSS","M","?","M","$","M","E","R","E","T","M","M","?","?","M","R","BOSS","M","?","$","M","?","E","?","R","T","E","$","?","?","M","R","BOSS","R","$","E","BOSS"],"build_version":"2020-12-22","purchased_purges":3,"victory":false,"max_hp_per_floor":[77,77,77,77,82,82,82,82,82,82,82,82,82,82,82,82,82,82,82,82,82,82,82,82,82,82,82,82,82,82,82,82,82,82,82,82,82,82,82,82,82,82,82,82,82,82,82,82,82,82,82,82,82,82,82],"card_choices":[{"not_picked":["Prepared","Skewer"],"picked":"Deflect","floor":1},{"not_picked":["Cloak And Dagger","Flechettes"],"picked":"Deadly Poison","floor":4},{"not_picked":["Slice","Deflect"],"picked":"Footwork","floor":5},{"not_picked":["Well Laid Plans","Finisher"],"picked":"Leg Sweep","floor":7},{"not_picked":["Tools of the Trade","Tactician"],"picked":"Accuracy","floor":10},{"not_picked":["Outmaneuver","Dodge and Roll"],"picked":"Bane","floor":11},{"not_picked":["Deadly Poison","Outmaneuver"],"picked":"Blur","floor":12},{"not_picked":["A Thousand Cuts","Phantasmal Killer"],"picked":"Envenom","floor":16},{"not_picked":["Masterful Stab","Underhanded Strike"],"picked":"Blade Dance","floor":18},{"not_picked":["PiercingWail","Bane"],"picked":"Cloak And Dagger","floor":20},{"not_picked":["Skewer","Sucker Punch"],"picked":"Slice+1","floor":22},{"not_picked":["Dagger Throw+1","Flying Knee","Crippling Poison"],"picked":"SKIP","floor":23},{"not_picked":["Phantasmal Killer","Noxious Fumes"],"picked":"Leg Sweep+1","floor":25},{"not_picked":["Prepared","Expertise"],"picked":"Footwork","floor":27},{"not_picked":["Quick Slash","Sucker Punch"],"picked":"Blade Dance","floor":28},{"not_picked":["Poisoned Stab","Expertise"],"picked":"Dagger Throw","floor":31},{"not_picked":["Burst","A Thousand Cuts"],"picked":"Wraith Form v2","floor":33},{"not_picked":["Dodge and Roll","Finisher"],"picked":"Terror+1","floor":35},{"not_picked":["Flying Knee","Acrobatics+1"],"picked":"Backflip+1","floor":38},{"not_picked":["Reflex+1","Backflip","Crippling Poison+1"],"picked":"SKIP","floor":39},{"not_picked":["Underhanded Strike","Deadly Poison+1"],"picked":"Dash+1","floor":40},{"not_picked":["Eviscerate+1","Slice","Deadly Poison"],"picked":"SKIP","floor":44},{"not_picked":["Well Laid Plans+1","Bane+1"],"picked":"Sucker Punch+1","floor":47},{"not_picked":["Dodge and Roll+1","Deflect"],"picked":"Setup","floor":48},{"not_picked":["Poisoned Stab","Underhanded Strike"],"picked":"Cloak And Dagger+1","floor":54}],"player_experience":256745,"relics_obtained":[{"floor":9,"key":"Blue Candle"},{"floor":10,"key":"Lantern"},{"floor":14,"key":"Paper Crane"},{"floor":23,"key":"WingedGreaves"},{"floor":25,"key":"Oddly Smooth Stone"},{"floor":26,"key":"The Courier"},{"floor":40,"key":"Ornamental Fan"},{"floor":44,"key":"Anchor"},{"floor":46,"key":"Regal Pillow"},{"floor":54,"key":"Sundial"}],"event_choices":[{"damage_healed":0,"gold_gain":0,"player_choice":"Entered Light","damage_taken":15,"max_hp_gain":0,"max_hp_loss":0,"event_name":"Shining Light","floor":2,"gold_loss":0,"cards_upgraded":["Deflect","Strike_G"]},{"damage_healed":0,"gold_gain":0,"player_choice":"Success","damage_taken":3,"relics_obtained":["Shuriken"],"max_hp_gain":0,"max_hp_loss":0,"event_name":"Scrap Ooze","floor":3,"gold_loss":0},{"damage_healed":0,"gold_gain":175,"player_choice":"AGREE","damage_taken":0,"max_hp_gain":0,"max_hp_loss":0,"event_name":"Liars Game","floor":13,"gold_loss":0,"cards_obtained":["Doubt"]},{"damage_healed":0,"gold_gain":0,"player_choice":"Opened","damage_taken":0,"relics_obtained":["Ice Cream"],"max_hp_gain":0,"max_hp_loss":0,"event_name":"The Mausoleum","floor":19,"gold_loss":0,"cards_obtained":["Writhe"]},{"damage_healed":0,"gold_gain":0,"cards_transformed":["Strike_G","Strike_G"],"player_choice":"Became Test Subject","damage_taken":0,"max_hp_gain":0,"max_hp_loss":0,"event_name":"Drug Dealer","floor":29,"gold_loss":0,"cards_obtained":["Heel Hook","Outmaneuver"]},{"damage_healed":0,"gold_gain":99,"player_choice":"Stole From Cult","damage_taken":0,"max_hp_gain":0,"max_hp_loss":0,"event_name":"Nest","floor":30,"gold_loss":0},{"damage_healed":0,"gold_gain":0,"player_choice":"Forge","damage_taken":0,"max_hp_gain":0,"max_hp_loss":0,"event_name":"Accursed Blacksmith","floor":36,"gold_loss":0,"cards_upgraded":["Accuracy"]},{"damage_healed":0,"gold_gain":0,"player_choice":"Ignored","damage_taken":0,"max_hp_gain":0,"max_hp_loss":0,"event_name":"SecretPortal","floor":41,"gold_loss":0}],"is_beta":false,"boss_relics":[{"not_picked":["Busted Crown","Sozu"],"picked":"Ectoplasm"},{"not_picked":["SlaversCollar","Fusion Hammer"],"picked":"Runic Pyramid"}],"items_purged_floors":[21,37,45],"is_endless":false,"potions_floor_spawned":[1,5,11,16,18,20,27,28,31,39,44,47,48,54],"killed_by":"The Heart","ascension_level":3}