{"gold_per_floor":[360,376,64,82,102,102,132,132,132,162,181,194,194,213,213,318,318,334,64,64,64,84,84,111,126,206,241,254,272,272,285,285,388,388,398,398,155,155,170,205,219,48,98,109,127,146,165,184,184,184],"floor_reached":51,"playtime":3182,"items_purged":["Doppelganger","Normality"],"score":849,"play_id":"b8536ba9-2e20-4cca-98a5-f49991288ad2","local_time":"20210503195207","is_ascension_mode":true,"campfire_choices":[{"data":"Quick Slash","floor":6,"key":"SMITH"},{"data":"Leg Sweep","floor":8,"key":"SMITH"},{"floor":15,"key":"REST"},{"data":"Neutralize","floor":23,"key":"SMITH"},{"floor":32,"key":"REST"},{"floor":49,"key":"REST"}],"neow_cost":"PERCENT_DAMAGE","seed_source_timestamp":1214076050469800,"circlet_count":0,"master_deck":["Survivor","Neutralize+1","Backstab","Blade Dance+1","Quick Slash+1","Flying Knee","Leg Sweep+1","Poisoned Stab","PiercingWail+1","Slice","After Image","PiercingWail","Infinite Blades","Deflect","Outmaneuver","Escape Plan","Dagger Spray","Endless Agony","Tactician","Noxious Fumes","Flying Knee+1","Crippling Poison","Dodge and Roll+1","After Image","Wraith Form v2+1","All Out Attack+1","Dagger Throw+1","Jack Of All Trades","Sadistic Nature","Terror","Well Laid Plans","Masterful Stab+1","Dagger Spray+1","Footwork","Sucker Punch+1","Bane"],"relics":["Ring of the Snake","Incense Burner","Pantograph","Bird Faced Urn","Pandora\u0027s Box","Vajra","Ancient Tea Set","Paper Crane","Peace Pipe","Astrolabe","Regal Pillow","Letter Opener","Pen Nib"],"potions_floor_usage":[10,10,16,16,18,24],"damage_taken":[{"damage":0,"enemies":"Cultist","floor":1,"turns":5},{"damage":0,"enemies":"Small Slimes","floor":2,"turns":3},{"damage":0,"enemies":"2 Louse","floor":4,"turns":1},{"damage":0,"enemies":"Looter","floor":5,"turns":2},{"damage":15,"enemies":"3 Sentries","floor":7,"turns":8},{"damage":17,"enemies":"Lagavulin","floor":10,"turns":6},{"damage":0,"enemies":"Gremlin Gang","floor":11,"turns":4},{"damage":0,"enemies":"3 Louse","floor":12,"turns":2},{"damage":0,"enemies":"Exordium Thugs","floor":14,"turns":4},{"damage":0,"enemies":"The Guardian","floor":16,"turns":10},{"damage":0,"enemies":"2 Thieves","floor":18,"turns":4},{"damage":3,"enemies":"3 Byrds","floor":22,"turns":4},{"damage":41,"enemies":"Slavers","floor":24,"turns":7},{"damage":3,"enemies":"Cultist and Chosen","floor":25,"turns":6},{"damage":5,"enemies":"Book of Stabbing","floor":27,"turns":6},{"damage":19,"enemies":"Chosen and Byrds","floor":28,"turns":7},{"damage":17,"enemies":"Snecko","floor":29,"turns":4},{"damage":11,"enemies":"Colosseum Slavers","floor":30,"turns":5},{"damage":4,"enemies":"Shelled Parasite and Fungi","floor":31,"turns":5},{"damage":38,"enemies":"Champ","floor":33,"turns":15},{"damage":2,"enemies":"3 Darklings","floor":35,"turns":5},{"damage":10,"enemies":"Orb Walker","floor":39,"turns":2},{"damage":33,"enemies":"Giant Head","floor":40,"turns":11},{"damage":0,"enemies":"Maw","floor":41,"turns":8},{"damage":31,"enemies":"Transient","floor":44,"turns":5},{"damage":3,"enemies":"4 Shapes","floor":45,"turns":7},{"damage":7,"enemies":"3 Darklings","floor":46,"turns":4},{"damage":8,"enemies":"Transient","floor":47,"turns":5},{"damage":28,"enemies":"Maw","floor":48,"turns":8},{"damage":49,"enemies":"Donu and Deca","floor":50,"turns":12}],"seed_played":"1656758904499321318","potions_obtained":[{"floor":1,"key":"Energy Potion"},{"floor":7,"key":"Weak Potion"},{"floor":10,"key":"EssenceOfSteel"},{"floor":11,"key":"CultistPotion"},{"floor":12,"key":"Poison Potion"},{"floor":16,"key":"FairyPotion"},{"floor":18,"key":"EssenceOfSteel"},{"floor":29,"key":"Swift Potion"},{"floor":47,"key":"DistilledChaos"}],"is_trial":false,"path_per_floor":["M","M","$","M","M","R","E","R","T","E","M","M","?","M","R","B",null,"M","$","?","?","M","R","E","M","T","E","M","M","?","M","R","B",null,"M","?","$","?","M","E","M","$","T","M","M","M","M","M","R","B",null],"character_chosen":"THE_SILENT","items_purchased":["Incense Burner","Quick Slash","Noxious Fumes","Vajra","Terror","Well Laid Plans","GhostInAJar","Footwork"],"campfire_rested":3,"item_purchase_floors":[3,3,19,19,37,37,37,42],"current_hp_per_floor":[49,49,49,49,49,49,34,34,34,17,17,17,3,3,24,49,70,70,70,70,70,69,69,32,35,35,36,25,16,11,15,36,31,70,70,60,60,60,52,33,47,47,47,26,37,42,42,24,60,28],"gold":184,"neow_bonus":"TWO_FIFTY_GOLD","is_prod":false,"is_daily":false,"chose_seed":false,"campfire_upgraded":3,"win_rate":0,"timestamp":1620085927,"path_taken":["M","?","$","M","M","R","E","R","T","E","M","M","?","M","R","BOSS","M","$","?","?","M","R","E","?","T","E","M","M","?","M","R","BOSS","M","?","?","?","M","E","M","$","T","M","M","?","?","M","R","BOSS"],"build_version":"2020-12-22","purchased_purges":2,"victory":true,"max_hp_per_floor":[70,70,70,70,70,70,70,70,70,70,70,70,70,70,70,70,70,70,70,70,70,70,70,70,70,70,70,70,70,70,70,70,70,70,70,70,70,70,70,70,70,70,70,70,70,70,70,70,70,70],"card_choices":[{"not_picked":["Caltrops","Predator"],"picked":"Backstab","floor":1},{"not_picked":["Sucker Punch","Infinite Blades"],"picked":"Blade Dance","floor":2},{"not_picked":["Bane","Noxious Fumes"],"picked":"Flying Knee","floor":4},{"not_picked":["Backflip","Bane"],"picked":"Leg Sweep","floor":5},{"not_picked":["Flying Knee","Caltrops"],"picked":"Poisoned Stab","floor":7},{"not_picked":["Sucker Punch","Dagger Spray"],"picked":"PiercingWail","floor":10},{"not_picked":["Finisher","Concentrate","Quick Slash"],"picked":"SKIP","floor":11},{"not_picked":["Heel Hook","Dagger Throw"],"picked":"Slice","floor":12},{"not_picked":["Distraction","Dagger Spray","Predator"],"picked":"SKIP","floor":14},{"not_picked":["Glass Knife","Doppelganger"],"picked":"After Image","floor":16},{"not_picked":["Choke","Flying Knee","Quick Slash"],"picked":"SKIP","floor":18},{"not_picked":["Outmaneuver+1","Riddle With Holes+1"],"picked":"Flying Knee+1","floor":22},{"not_picked":["Flying Knee+1","Cloak And Dagger","Sucker Punch"],"picked":"SKIP","floor":24},{"not_picked":["Dodge and Roll","Caltrops"],"picked":"Accuracy","floor":25},{"not_picked":["Sucker Punch","Dodge and Roll","Underhanded Strike"],"picked":"SKIP","floor":27},{"not_picked":["Acrobatics+1","Quick Slash","Dagger Throw"],"picked":"SKIP","floor":28},{"not_picked":["Bane","Bouncing Flask"],"picked":"Crippling Poison","floor":29},{"not_picked":["Flying Knee","Dagger Spray"],"picked":"Dodge and Roll+1","floor":31},{"not_picked":["Corpse Explosion","Envenom"],"picked":"After Image","floor":33},{"not_picked":["Endless Agony","Prepared+1"],"picked":"Dagger Throw+1","floor":35},{"not_picked":["Good Instincts","Purity"],"picked":"Jack Of All Trades","floor":36},{"not_picked":["Deep Breath","Discovery"],"picked":"Sadistic Nature","floor":36},{"not_picked":["Quick Slash","Sucker Punch"],"picked":"Masterful Stab+1","floor":39},{"not_picked":["Sucker Punch+1","Blade Dance+1","Outmaneuver+1"],"picked":"SKIP","floor":40},{"not_picked":["Backflip","Setup+1"],"picked":"Dagger Spray+1","floor":41},{"not_picked":["Flechettes+1","Dodge and Roll+1","Glass Knife"],"picked":"SKIP","floor":44},{"not_picked":["Riddle With Holes","Quick Slash+1","Flying Knee+1"],"picked":"SKIP","floor":45},{"not_picked":["Setup+1","Cloak And Dagger"],"picked":"Sucker Punch+1","floor":46},{"not_picked":["Flying Knee+1","Quick Slash","Poisoned Stab+1"],"picked":"SKIP","floor":47},{"not_picked":["Deflect","Outmaneuver+1"],"picked":"Bane","floor":48}],"player_experience":262298,"relics_obtained":[{"floor":7,"key":"Pantograph"},{"floor":10,"key":"Bird Faced Urn"},{"floor":24,"key":"Ancient Tea Set"},{"floor":26,"key":"Paper Crane"},{"floor":27,"key":"Peace Pipe"},{"floor":38,"key":"Regal Pillow"},{"floor":40,"key":"Letter Opener"},{"floor":43,"key":"Pen Nib"}],"event_choices":[{"damage_healed":0,"gold_gain":0,"player_choice":"Entered Light","damage_taken":14,"max_hp_gain":0,"max_hp_loss":0,"event_name":"Shining Light","floor":13,"gold_loss":0,"cards_upgraded":["PiercingWail","Blade Dance"]},{"damage_healed":0,"gold_gain":0,"player_choice":"Ignored","damage_taken":0,"max_hp_gain":0,"max_hp_loss":0,"event_name":"Ghosts","floor":20,"gold_loss":0},{"damage_healed":0,"gold_gain":0,"player_choice":"Cursed","damage_taken":0,"max_hp_gain":0,"max_hp_loss":0,"event_name":"Wheel of Change","floor":21,"gold_loss":0,"cards_obtained":["Decay"]},{"damage_healed":0,"gold_gain":0,"player_choice":"Fight","damage_taken":0,"max_hp_gain":0,"max_hp_loss":0,"event_name":"Colosseum","floor":30,"gold_loss":0},{"damage_healed":0,"gold_gain":0,"player_choice":"Fled From Nobs","damage_taken":0,"max_hp_gain":0,"max_hp_loss":0,"event_name":"Colosseum","floor":30,"gold_loss":0},{"damage_healed":0,"gold_gain":0,"player_choice":"Memory 3","damage_taken":10,"max_hp_gain":0,"max_hp_loss":0,"event_name":"SensoryStone","floor":36,"gold_loss":0},{"damage_healed":0,"gold_gain":0,"player_choice":"Relic","damage_taken":0,"max_hp_gain":0,"max_hp_loss":0,"event_name":"Wheel of Change","floor":38,"gold_loss":0}],"is_beta":false,"boss_relics":[{"not_picked":["Runic Dome","Runic Pyramid"],"picked":"Pandora\u0027s Box"},{"not_picked":["HoveringKite","Black Star"],"picked":"Astrolabe"}],"items_purged_floors":[19,42],"is_endless":false,"potions_floor_spawned":[1,7,10,11,12,16,18,29,30,39,41,47],"ascension_level":1}