{"gold_per_floor":[119,132,152,152,168,168,197,208,208,241,317,317,333,359,359,462,462,479,81,91,103,116,147,12,12,12,12,32,32,61,80,80,185,185,205,220,78,94,94,94,121,121,147,159,186,198,210,222,234,246,258,270,40,65,65],"floor_reached":56,"playtime":5204,"items_purged":["Strike_G","Strike_G","Defend_G","Quick Slash"],"score":1234,"play_id":"f2c8c98e-8ff1-4171-80bb-8a1dcded37b0","local_time":"20210505210538","is_ascension_mode":true,"campfire_choices":[{"data":"Neutralize","floor":6,"key":"SMITH"},{"data":"Quick Slash","floor":12,"key":"SMITH"},{"data":"Survivor","floor":15,"key":"SMITH"},{"data":"Dash","floor":25,"key":"SMITH"},{"floor":29,"key":"REST"},{"data":"Footwork","floor":32,"key":"SMITH"},{"data":"A Thousand Cuts","floor":40,"key":"SMITH"},{"data":"Acrobatics","floor":42,"key":"SMITH"},{"data":"After Image","floor":47,"key":"SMITH"},{"floor":49,"key":"RECALL"},{"data":"Wraith Form v2","floor":52,"key":"SMITH"}],"neow_cost":"TEN_PERCENT_HP_LOSS","seed_source_timestamp":1389250209162600,"circlet_count":0,"master_deck":["Defend_G","Defend_G","Defend_G","Survivor+1","Neutralize+1","Backstab","Heel Hook","Quick Slash+1","Well Laid Plans","Escape Plan","Blade Dance","After Image+1","Footwork+1","Acrobatics+1","Backflip","Dagger Spray","Blade Dance","Dash+1","Wraith Form v2+1","Leg Sweep","Backflip+1","A Thousand Cuts+1","Dodge and Roll+1","Envenom+1","Poisoned Stab+1","Backflip+1","Bane","Blade Dance","Calculated Gamble+1","Noxious Fumes","Finesse","Flash of Steel","Flash of Steel"],"relics":["Ring of the Snake","Calipers","Kunai","The Courier","Pantograph","Eternal Feather","Black Star","Sling","Nunchaku","Matryoshka","Blood Vial","Bottled Tornado","Shuriken","Regal Pillow","Orichalcum","Snake Skull","Astrolabe","Vajra","Centennial Puzzle","MawBank","Mummified Hand","Lantern","InkBottle","Bag of Marbles"],"potions_floor_usage":[10,14,16,18,23,38,55],"damage_taken":[{"damage":5,"enemies":"Small Slimes","floor":1,"turns":7},{"damage":4,"enemies":"Cultist","floor":2,"turns":4},{"damage":0,"enemies":"Jaw Worm","floor":3,"turns":3},{"damage":1,"enemies":"3 Louse","floor":5,"turns":3},{"damage":10,"enemies":"Lagavulin","floor":7,"turns":8},{"damage":3,"enemies":"Gremlin Gang","floor":8,"turns":5},{"damage":6,"enemies":"3 Sentries","floor":10,"turns":8},{"damage":1,"enemies":"Blue Slaver","floor":13,"turns":4},{"damage":5,"enemies":"Lagavulin","floor":14,"turns":7},{"damage":13,"enemies":"Hexaghost","floor":16,"turns":14},{"damage":9,"enemies":"Spheric Guardian","floor":18,"turns":5},{"damage":10,"enemies":"Shell Parasite","floor":20,"turns":7},{"damage":0,"enemies":"Centurion and Healer","floor":21,"turns":9},{"damage":22,"enemies":"Snecko","floor":22,"turns":9},{"damage":16,"enemies":"Slavers","floor":23,"turns":7},{"damage":11,"enemies":"Snake Plant","floor":28,"turns":5},{"damage":9,"enemies":"Gremlin Leader","floor":30,"turns":7},{"damage":0,"enemies":"Centurion and Healer","floor":31,"turns":5},{"damage":29,"enemies":"Collector","floor":33,"turns":15},{"damage":2,"enemies":"Orb Walker","floor":35,"turns":6},{"damage":6,"enemies":"3 Shapes","floor":36,"turns":9},{"damage":7,"enemies":"Transient","floor":38,"turns":5},{"damage":0,"enemies":"Giant Head","floor":41,"turns":9},{"damage":10,"enemies":"Writhing Mass","floor":45,"turns":7},{"damage":7,"enemies":"Awakened One","floor":50,"turns":8},{"damage":10,"enemies":"Shield and Spear","floor":54,"turns":6},{"damage":43,"enemies":"The Heart","floor":55,"turns":9}],"seed_played":"5800420811561832588","potions_obtained":[{"floor":1,"key":"SpeedPotion"},{"floor":2,"key":"GamblersBrew"},{"floor":5,"key":"SpeedPotion"},{"floor":8,"key":"SteroidPotion"},{"floor":16,"key":"Energy Potion"},{"floor":21,"key":"GhostInAJar"},{"floor":28,"key":"GamblersBrew"},{"floor":30,"key":"SpeedPotion"},{"floor":31,"key":"Block Potion"},{"floor":45,"key":"FearPotion"},{"floor":54,"key":"Dexterity Potion"}],"is_trial":false,"path_per_floor":["M","M","M","?","M","R","E","M","T","E","?","R","M","E","R","B",null,"M","$","M","M","M","E","$","R","T","?","M","R","E","M","R","B",null,"M","M","$","M","?","R","E","R","T","?","M","T","R","?","R","B",null,"R","$","E","B",null],"character_chosen":"THE_SILENT","items_purchased":["Footwork","Sling","Nunchaku","Acrobatics","Wraith Form v2","Blade Dance","Lantern"],"campfire_rested":1,"item_purchase_floors":[19,19,19,19,24,37,53],"current_hp_per_floor":[58,54,54,63,62,62,52,49,49,43,43,43,42,37,49,50,63,54,54,44,44,22,6,6,21,21,21,12,60,53,55,63,34,63,61,57,57,52,52,63,63,63,63,60,50,50,60,50,60,53,60,60,60,50,17],"gold":65,"neow_bonus":"ONE_RARE_RELIC","is_prod":false,"is_daily":false,"chose_seed":false,"campfire_upgraded":9,"win_rate":0,"timestamp":1620263138,"path_taken":["M","M","M","?","?","R","E","M","T","E","?","R","M","E","R","BOSS","M","$","M","M","M","E","$","R","T","?","?","R","E","M","R","BOSS","M","M","$","M","?","R","E","R","T","?","?","?","R","?","R","BOSS","R","$","E","BOSS"],"build_version":"2020-12-22","purchased_purges":4,"victory":true,"max_hp_per_floor":[63,63,63,63,63,63,63,63,63,63,63,63,63,63,63,63,63,63,63,63,63,63,63,63,63,63,63,63,63,63,63,63,63,63,63,63,63,63,63,63,63,63,63,60,60,60,60,60,60,60,60,60,60,60,60],"card_choices":[{"not_picked":["Flying Knee","Heel Hook"],"picked":"Backstab","floor":1},{"not_picked":["Calculated Gamble","Finisher"],"picked":"Flying Knee","floor":2},{"not_picked":["Expertise","Prepared"],"picked":"Heel Hook","floor":3},{"not_picked":["Deadly Poison","Prepared"],"picked":"Quick Slash","floor":5},{"not_picked":["PiercingWail","Eviscerate"],"picked":"Well Laid Plans","floor":7},{"not_picked":["PiercingWail","Bane"],"picked":"Quick Slash","floor":8},{"not_picked":["Flying Knee","Reflex"],"picked":"Escape Plan","floor":10},{"not_picked":["Setup","After Image"],"picked":"Blade Dance","floor":13},{"not_picked":["Poisoned Stab","Finisher","Quick Slash"],"picked":"SKIP","floor":14},{"not_picked":["Envenom","Unload"],"picked":"After Image","floor":16},{"not_picked":["Concentrate","Setup","Expertise"],"picked":"SKIP","floor":18},{"not_picked":["Predator","Crippling Poison"],"picked":"Backflip","floor":20},{"not_picked":["Dodge and Roll","Bane+1"],"picked":"Dagger Spray","floor":21},{"not_picked":["Flying Knee","Acrobatics"],"picked":"Blade Dance","floor":22},{"not_picked":["Outmaneuver+1","Slice+1"],"picked":"Dash","floor":23},{"not_picked":["Bane+1","Cloak And Dagger"],"picked":"Leg Sweep","floor":28},{"not_picked":["Crippling Poison+1","Deflect"],"picked":"Backflip+1","floor":30},{"not_picked":["Quick Slash","Crippling Poison","Outmaneuver"],"picked":"SKIP","floor":31},{"not_picked":["Night Terror","Doppelganger"],"picked":"A Thousand Cuts","floor":33},{"not_picked":["Slice","Sucker Punch+1"],"picked":"Backflip+1","floor":35},{"not_picked":["Quick Slash+1","Slice+1"],"picked":"Bane","floor":36},{"not_picked":["Predator","Blur","PiercingWail+1"],"picked":"SKIP","floor":38},{"not_picked":["Poisoned Stab","Backstab+1"],"picked":"Calculated Gamble+1","floor":41},{"not_picked":["Riddle With Holes","Distraction"],"picked":"Noxious Fumes","floor":45},{"not_picked":["Swift Strike","Bandage Up"],"picked":"Finesse","floor":48},{"not_picked":["Mind Blast","Dark Shackles"],"picked":"Flash of Steel","floor":48},{"not_picked":["Purity","Impatience"],"picked":"Flash of Steel","floor":48},{"not_picked":["Dagger Throw","Night Terror","Distraction"],"picked":"SKIP","floor":54}],"player_experience":284080,"relics_obtained":[{"floor":7,"key":"Kunai"},{"floor":9,"key":"The Courier"},{"floor":10,"key":"Pantograph"},{"floor":14,"key":"Eternal Feather"},{"floor":23,"key":"Matryoshka"},{"floor":23,"key":"Blood Vial"},{"floor":26,"key":"Bottled Tornado"},{"floor":26,"key":"Shuriken"},{"floor":30,"key":"Orichalcum"},{"floor":30,"key":"Snake Skull"},{"floor":41,"key":"Vajra"},{"floor":41,"key":"Centennial Puzzle"},{"floor":43,"key":"MawBank"},{"floor":46,"key":"Mummified Hand"},{"floor":54,"key":"InkBottle"},{"floor":54,"key":"Bag of Marbles"}],"event_choices":[{"damage_healed":9,"gold_gain":0,"player_choice":"Full Heal","damage_taken":0,"max_hp_gain":0,"max_hp_loss":0,"event_name":"Wheel of Change","floor":4,"gold_loss":0},{"damage_healed":0,"gold_gain":76,"player_choice":"Gained Gold","damage_taken":0,"max_hp_gain":0,"max_hp_loss":0,"event_name":"Golden Wing","floor":11,"gold_loss":0},{"cards_removed":["Flying Knee"],"damage_healed":0,"gold_gain":0,"player_choice":"Gave Card","damage_taken":0,"relics_obtained":["Regal Pillow"],"max_hp_gain":0,"max_hp_loss":0,"event_name":"WeMeetAgain","floor":27,"gold_loss":0},{"cards_removed":["Defend_G"],"damage_healed":0,"gold_gain":0,"player_choice":"Removed Skill","damage_taken":0,"max_hp_gain":0,"max_hp_loss":0,"event_name":"Falling","floor":39,"gold_loss":0},{"damage_healed":0,"gold_gain":0,"player_choice":"Max HP","damage_taken":0,"max_hp_gain":0,"max_hp_loss":3,"event_name":"Winding Halls","floor":44,"gold_loss":0},{"damage_healed":0,"gold_gain":0,"player_choice":"Memory 3","damage_taken":10,"max_hp_gain":0,"max_hp_loss":0,"event_name":"SensoryStone","floor":48,"gold_loss":0}],"is_beta":false,"boss_relics":[{"not_picked":["Fusion Hammer","Philosopher\u0027s Stone"],"picked":"Black Star"},{"not_picked":["SacredBark","Calling Bell"],"picked":"Astrolabe"}],"items_purged_floors":[19,24,37,53],"is_endless":false,"potions_floor_spawned":[1,2,5,8,16,21,28,30,31,36,45,54],"ascension_level":1}