{"gold_per_floor":[119,133,146,163,47,74,74,108,108,70,70,99,99,119,119,219,219,229,249,268,268,193,228,239,254,279,279,279,279,81,81],"floor_reached":31,"playtime":1728,"items_purged":["Strike_G"],"score":355,"play_id":"e13ec0a6-c93b-49c4-8218-ec00e03fcd21","local_time":"20210503185752","is_ascension_mode":true,"campfire_choices":[{"data":"Dagger Spray","floor":7,"key":"SMITH"},{"floor":11,"key":"REST"},{"data":"Footwork","floor":13,"key":"SMITH"},{"data":"Footwork","floor":15,"key":"SMITH"},{"floor":29,"key":"REST"}],"neow_cost":"NONE","seed_source_timestamp":1212281938211000,"circlet_count":0,"master_deck":["Defend_G","Defend_G","Defend_G","Defend_G","Defend_G","Survivor","Neutralize","Footwork+1","Dagger Spray+1","Blade Dance","Heel Hook","Flying Knee","Footwork+1","Flying Knee","Cloak And Dagger","Blur","Cloak And Dagger","Dagger Throw","Adrenaline","PiercingWail","Acrobatics","Deadly Poison","Bite","Bite","Bite","Bite","Bite","Burst","Blade Dance"],"relics":["Ring of the Snake","Question Card","White Beast Statue","Letter Opener","Paper Crane","Fusion Hammer","Turnip","Vajra","Frozen Eye"],"potions_floor_usage":[6,8,16,16,19,23,24,24,24,31],"damage_taken":[{"damage":6,"enemies":"Cultist","floor":1,"turns":4},{"damage":0,"enemies":"Small Slimes","floor":2,"turns":3},{"damage":2,"enemies":"Jaw Worm","floor":3,"turns":6},{"damage":1,"enemies":"Blue Slaver","floor":4,"turns":5},{"damage":16,"enemies":"Gremlin Nob","floor":6,"turns":5},{"damage":24,"enemies":"Lagavulin","floor":8,"turns":9},{"damage":3,"enemies":"3 Sentries","floor":12,"turns":6},{"damage":2,"enemies":"Exordium Wildlife","floor":14,"turns":6},{"damage":17,"enemies":"Hexaghost","floor":16,"turns":11},{"damage":0,"enemies":"3 Byrds","floor":18,"turns":4},{"damage":0,"enemies":"2 Thieves","floor":19,"turns":4},{"damage":12,"enemies":"Centurion and Healer","floor":20,"turns":8},{"damage":18,"enemies":"Gremlin Leader","floor":23,"turns":9},{"damage":10,"enemies":"Chosen and Byrds","floor":24,"turns":5},{"damage":21,"enemies":"Sentry and Sphere","floor":25,"turns":9},{"damage":43,"enemies":"Book of Stabbing","floor":31,"turns":5}],"seed_played":"2186256107489996309","potions_obtained":[{"floor":3,"key":"Poison Potion"},{"floor":6,"key":"Poison Potion"},{"floor":8,"key":"GamblersBrew"},{"floor":12,"key":"Poison Potion"},{"floor":14,"key":"AttackPotion"},{"floor":16,"key":"ColorlessPotion"},{"floor":18,"key":"EssenceOfSteel"},{"floor":19,"key":"AttackPotion"},{"floor":23,"key":"Fire Potion"},{"floor":24,"key":"LiquidBronze"},{"floor":25,"key":"PowerPotion"}],"is_trial":false,"path_per_floor":["M","M","M","M","$","E","R","E","T","$","R","E","R","M","R","B",null,"M","M","M","?","$","E","M","M","T","?","?","R","$","E"],"character_chosen":"THE_SILENT","items_purchased":["Flying Knee","Footwork","Blur","Blade Dance","Frozen Eye"],"campfire_rested":2,"item_purchase_floors":[5,5,10,30,30],"current_hp_per_floor":[71,71,69,68,68,52,52,28,28,28,51,48,48,46,46,29,77,77,77,65,65,65,47,37,16,16,16,16,31,31,0],"gold":81,"neow_bonus":"TEN_PERCENT_HP_BONUS","is_prod":false,"is_daily":false,"chose_seed":false,"campfire_upgraded":3,"win_rate":0,"timestamp":1620082672,"path_taken":["M","M","?","M","$","E","R","E","T","$","R","E","R","M","R","BOSS","M","M","M","?","?","E","?","M","T","?","?","R","?","E"],"build_version":"2020-12-22","purchased_purges":1,"victory":false,"max_hp_per_floor":[77,77,77,77,77,77,77,77,77,77,77,77,77,77,77,77,77,77,77,77,77,77,77,77,77,77,53,53,53,53,53],"card_choices":[{"not_picked":["Backflip","Reflex"],"picked":"Footwork","floor":1},{"not_picked":["Crippling Poison","Bane"],"picked":"Dagger Spray","floor":2},{"not_picked":["Deflect","Bane"],"picked":"Blade Dance","floor":3},{"not_picked":["Noxious Fumes","Acrobatics"],"picked":"Heel Hook","floor":4},{"not_picked":["Tactician","Wraith Form v2"],"picked":"Flying Knee","floor":6},{"not_picked":["Dagger Spray","PiercingWail","Heel Hook"],"picked":"Cloak And Dagger","floor":8},{"not_picked":["Bouncing Flask","Outmaneuver","Skewer"],"picked":"Cloak And Dagger","floor":12},{"not_picked":["Cloak And Dagger","Dodge and Roll","Masterful Stab"],"picked":"Dagger Throw","floor":14},{"not_picked":["Bullet Time","Die Die Die","Night Terror"],"picked":"Adrenaline","floor":16},{"not_picked":["Cloak And Dagger","Choke","Quick Slash","Finisher"],"picked":"SKIP","floor":18},{"not_picked":["Riddle With Holes","Outmaneuver","Prepared"],"picked":"PiercingWail","floor":19},{"not_picked":["Dagger Spray","Slice","Dagger Throw"],"picked":"Acrobatics","floor":20},{"not_picked":["Eviscerate+1","Calculated Gamble","Infinite Blades","Flying Knee+1"],"picked":"SKIP","floor":23},{"not_picked":["Setup+1","Quick Slash","Flechettes","Prepared"],"picked":"SKIP","floor":24},{"not_picked":["Caltrops","Prepared+1","Reflex","Blur"],"picked":"SKIP","floor":25}],"player_experience":260570,"relics_obtained":[{"floor":6,"key":"Question Card"},{"floor":8,"key":"White Beast Statue"},{"floor":9,"key":"Letter Opener"},{"floor":12,"key":"Paper Crane"},{"floor":23,"key":"Turnip"},{"floor":26,"key":"Vajra"}],"event_choices":[{"damage_healed":0,"gold_gain":0,"cards_transformed":["Strike_G"],"player_choice":"Transformed","damage_taken":0,"max_hp_gain":0,"max_hp_loss":0,"event_name":"Transmorgrifier","floor":21,"gold_loss":0,"cards_obtained":["Deadly Poison"]},{"damage_healed":0,"gold_gain":0,"player_choice":"Became a vampire","damage_taken":0,"max_hp_gain":0,"max_hp_loss":24,"event_name":"Vampires","floor":27,"gold_loss":0,"cards_obtained":["Bite","Bite","Bite","Bite","Bite"]},{"damage_healed":0,"gold_gain":0,"player_choice":"Read","damage_taken":0,"max_hp_gain":0,"max_hp_loss":0,"event_name":"The Library","floor":28,"gold_loss":0,"cards_obtained":["Burst"]}],"is_beta":false,"boss_relics":[{"not_picked":["Sozu","Velvet Choker"],"picked":"Fusion Hammer"}],"items_purged_floors":[22],"is_endless":false,"potions_floor_spawned":[3,6,8,12,14,16,18,19,20,23,24,25],"killed_by":"Book of Stabbing","ascension_level":4}