{"gold_per_floor":[112,122,72,91,102,133,133,165,189,189],"floor_reached":10,"playtime":372,"items_purged":[],"score":90,"play_id":"2ca7c384-b557-4f57-9b6d-46d72f439b97","local_time":"20210502204758","is_ascension_mode":true,"campfire_choices":[],"neow_cost":"NONE","seed_source_timestamp":1133844345806600,"circlet_count":0,"master_deck":["Strike_G+1","Strike_G","Strike_G","Strike_G","Strike_G","Defend_G","Defend_G","Defend_G","Defend_G","Survivor","Neutralize","Poisoned Stab+1","Deflect","Noxious Fumes","Acrobatics","PiercingWail","Choke"],"relics":["Busted Crown","Sundial","Oddly Smooth Stone","Centennial Puzzle"],"potions_floor_usage":[8,10],"damage_taken":[{"damage":0,"enemies":"Cultist","floor":1,"turns":4},{"damage":0,"enemies":"Small Slimes","floor":2,"turns":3},{"damage":1,"enemies":"2 Louse","floor":4,"turns":3},{"damage":13,"enemies":"Exordium Wildlife","floor":5,"turns":5},{"damage":18,"enemies":"3 Sentries","floor":6,"turns":8},{"damage":4,"enemies":"Lagavulin","floor":8,"turns":5},{"damage":28,"enemies":"Gremlin Nob","floor":10,"turns":4}],"seed_played":"6377669681178528695","potions_obtained":[{"floor":2,"key":"Fire Potion"},{"floor":4,"key":"ColorlessPotion"},{"floor":5,"key":"ColorlessPotion"}],"is_trial":false,"path_per_floor":["M","M","?","M","M","E","?","E","T","E"],"character_chosen":"THE_SILENT","items_purchased":[],"campfire_rested":0,"item_purchase_floors":[],"current_hp_per_floor":[70,70,70,69,56,38,24,20,20,0],"gold":189,"neow_bonus":"BOSS_RELIC","is_prod":false,"is_daily":false,"chose_seed":false,"campfire_upgraded":0,"win_rate":0,"timestamp":1620002878,"path_taken":["M","M","?","M","M","E","?","E","T","E"],"build_version":"2020-12-22","purchased_purges":0,"victory":false,"max_hp_per_floor":[70,70,70,70,70,70,70,70,70,70],"card_choices":[{"not_picked":[],"picked":"Poisoned Stab","floor":1},{"not_picked":[],"picked":"Deflect","floor":2},{"not_picked":[],"picked":"Noxious Fumes","floor":4},{"not_picked":[],"picked":"Acrobatics","floor":5},{"not_picked":[],"picked":"PiercingWail","floor":6},{"not_picked":[],"picked":"Choke","floor":8}],"player_experience":255334,"relics_obtained":[{"floor":6,"key":"Sundial"},{"floor":8,"key":"Oddly Smooth Stone"},{"floor":9,"key":"Centennial Puzzle"}],"event_choices":[{"cards_removed":["Defend_G"],"damage_healed":0,"gold_gain":0,"player_choice":"Card Removal","damage_taken":0,"max_hp_gain":0,"max_hp_loss":0,"event_name":"The Cleric","floor":3,"gold_loss":50},{"damage_healed":0,"gold_gain":0,"player_choice":"Entered Light","damage_taken":14,"max_hp_gain":0,"max_hp_loss":0,"event_name":"Shining Light","floor":7,"gold_loss":0,"cards_upgraded":["Poisoned Stab","Strike_G"]}],"is_beta":false,"boss_relics":[],"items_purged_floors":[],"is_endless":false,"potions_floor_spawned":[2,4,5],"killed_by":"Gremlin Nob","ascension_level":3}