{"gold_per_floor":[114,132,151,169,169,169,180,180,180,180,204,228,198,239,239,239],"floor_reached":16,"playtime":729,"items_purged":[],"score":109,"play_id":"c204bf2d-ff55-46bf-a39e-2e51a7925da7","local_time":"20210505022046","is_ascension_mode":true,"campfire_choices":[{"data":"Blade Dance","floor":6,"key":"SMITH"},{"data":"Glass Knife","floor":8,"key":"SMITH"},{"data":"Poisoned Stab","floor":15,"key":"SMITH"}],"neow_cost":"NONE","seed_source_timestamp":1326255848085400,"circlet_count":0,"master_deck":["Strike_G","Strike_G","Strike_G","Strike_G","Strike_G","Defend_G","Defend_G","Defend_G","Defend_G","Defend_G","Survivor","Neutralize","Poisoned Stab+1","Blade Dance+1","Cloak And Dagger","Backstab","Glass Knife+1","PiercingWail","Bane","Blade Dance"],"relics":["Ring of the Snake","Golden Idol"],"potions_floor_usage":[16,16],"damage_taken":[{"damage":0,"enemies":"Small Slimes","floor":1,"turns":3},{"damage":0,"enemies":"2 Louse","floor":2,"turns":3},{"damage":0,"enemies":"Cultist","floor":3,"turns":3},{"damage":0,"enemies":"Exordium Wildlife","floor":4,"turns":3},{"damage":5,"enemies":"Lots of Slimes","floor":7,"turns":3},{"damage":8,"enemies":"Red Slaver","floor":11,"turns":2},{"damage":0,"enemies":"Exordium Wildlife","floor":12,"turns":2},{"damage":10,"enemies":"Lagavulin","floor":14,"turns":5},{"damage":42,"enemies":"The Guardian","floor":16,"turns":12}],"seed_played":"3913672014736911314","potions_obtained":[{"floor":2,"key":"Swift Potion"},{"floor":3,"key":"Swift Potion"},{"floor":12,"key":"Fire Potion"},{"floor":13,"key":"SkillPotion"}],"is_trial":false,"path_per_floor":["M","M","M","M","?","R","M","R","T","?","M","M","?","E","R","B"],"character_chosen":"THE_SILENT","items_purchased":[],"campfire_rested":0,"item_purchase_floors":[],"current_hp_per_floor":[77,77,77,77,77,77,72,72,72,53,45,45,45,35,35,0],"gold":239,"neow_bonus":"TEN_PERCENT_HP_BONUS","is_prod":false,"is_daily":false,"chose_seed":false,"campfire_upgraded":3,"win_rate":0,"timestamp":1620195646,"path_taken":["M","M","M","M","?","R","M","R","T","?","M","M","?","E","R","BOSS"],"build_version":"2020-12-22","purchased_purges":0,"victory":false,"max_hp_per_floor":[77,77,77,77,77,77,77,77,77,77,77,77,77,77,77,77],"card_choices":[{"not_picked":["Infinite Blades","Slice"],"picked":"Poisoned Stab","floor":1},{"not_picked":["Escape Plan","Acrobatics"],"picked":"Blade Dance","floor":2},{"not_picked":["Prepared","Escape Plan"],"picked":"Cloak And Dagger","floor":3},{"not_picked":["Poisoned Stab","Leg Sweep"],"picked":"Backstab","floor":4},{"not_picked":["Deadly Poison","Underhanded Strike"],"picked":"Glass Knife","floor":7},{"not_picked":["Finisher","Backflip"],"picked":"PiercingWail","floor":11},{"not_picked":["Deflect","Expertise"],"picked":"Bane","floor":12},{"not_picked":["Setup","Deflect"],"picked":"Blade Dance","floor":14}],"player_experience":269613,"relics_obtained":[],"event_choices":[{"damage_healed":0,"gold_gain":0,"player_choice":"Ignored","damage_taken":0,"max_hp_gain":0,"max_hp_loss":0,"event_name":"Liars Game","floor":5,"gold_loss":0},{"damage_healed":0,"gold_gain":0,"player_choice":"Take Damage","damage_taken":19,"relics_obtained":["Golden Idol"],"max_hp_gain":0,"max_hp_loss":0,"event_name":"Golden Idol","floor":10,"gold_loss":0},{"damage_healed":0,"gold_gain":0,"player_choice":"Bought 2 Potions","damage_taken":0,"max_hp_gain":0,"max_hp_loss":0,"event_name":"The Woman in Blue","floor":13,"gold_loss":0}],"is_beta":false,"boss_relics":[],"items_purged_floors":[],"is_endless":false,"potions_floor_spawned":[2,3,12,14],"killed_by":"The Guardian","ascension_level":1}