{"gold_per_floor":[113,123,138,8,19,19,44,44,44,77,77,27,46,109,109,212,212,222,222,222,233,233,265,265,293,293,319,319,334,350,381,381,480,480,496,76,87,60,73,73,106,106,106,135,135,150,150,160,160,160],"floor_reached":51,"playtime":2480,"items_purged":["Infinite Blades"],"score":934,"play_id":"3c9748b1-cca8-4e09-806e-7fc78e7ddffa","local_time":"20210505030240","is_ascension_mode":true,"campfire_choices":[{"data":"Glass Knife","floor":6,"key":"SMITH"},{"data":"Die Die Die","floor":8,"key":"SMITH"},{"data":"Dodge and Roll","floor":11,"key":"SMITH"},{"data":"Footwork","floor":15,"key":"SMITH"},{"floor":24,"key":"REST"},{"data":"Glass Knife","floor":28,"key":"SMITH"},{"data":"Deadly Poison","floor":32,"key":"SMITH"},{"data":"Noxious Fumes","floor":40,"key":"SMITH"},{"data":"Deadly Poison","floor":42,"key":"SMITH"},{"data":"Neutralize","floor":47,"key":"SMITH"},{"data":"Footwork","floor":49,"key":"SMITH"}],"neow_cost":"NONE","seed_source_timestamp":1327010493422500,"circlet_count":0,"master_deck":["Strike_G+1","Strike_G+1","Defend_G+1","Defend_G+1","Defend_G+1","Defend_G+1","Defend_G+1","Survivor","Neutralize+1","Glass Knife+1","Deadly Poison+1","Slice","Sucker Punch","Die Die Die+1","Deadly Poison+1","Dodge and Roll+1","PiercingWail","Footwork+1","Glass Knife+1","Catalyst+1","Cloak And Dagger+1","Cloak And Dagger+1","Calculated Gamble+1","Quick Slash+1","Burst+1","Dagger Spray+1","Catalyst+1","Poisoned Stab","Finesse+1","Footwork+1","Blade Dance+1","Noxious Fumes+1","Bouncing Flask+1","Bane+1","Bane+1","Crippling Poison+1","Leg Sweep+1"],"relics":["Ring of the Snake","CaptainsWheel","Ornamental Fan","HornCleat","PreservedInsect","Empty Cage","Toxic Egg 2","Paper Crane","The Courier","Omamori","Eternal Feather","Singing Bowl","Cursed Key","Lee\u0027s Waffle","Centennial Puzzle","Blood Vial"],"potions_floor_usage":[25,50],"damage_taken":[{"damage":0,"enemies":"Cultist","floor":1,"turns":3},{"damage":0,"enemies":"Small Slimes","floor":2,"turns":2},{"damage":0,"enemies":"Jaw Worm","floor":3,"turns":3},{"damage":0,"enemies":"2 Fungi Beasts","floor":5,"turns":3},{"damage":14,"enemies":"Gremlin Nob","floor":7,"turns":4},{"damage":3,"enemies":"Lagavulin","floor":10,"turns":5},{"damage":1,"enemies":"Lots of Slimes","floor":13,"turns":3},{"damage":5,"enemies":"3 Sentries","floor":14,"turns":5},{"damage":15,"enemies":"The Guardian","floor":16,"turns":12},{"damage":4,"enemies":"Chosen","floor":18,"turns":4},{"damage":0,"enemies":"Shell Parasite","floor":21,"turns":5},{"damage":10,"enemies":"Book of Stabbing","floor":23,"turns":6},{"damage":6,"enemies":"Slavers","floor":25,"turns":3},{"damage":0,"enemies":"Book of Stabbing","floor":27,"turns":5},{"damage":0,"enemies":"Snecko","floor":29,"turns":6},{"damage":0,"enemies":"Centurion and Healer","floor":30,"turns":6},{"damage":6,"enemies":"Gremlin Leader","floor":31,"turns":4},{"damage":31,"enemies":"Automaton","floor":33,"turns":12},{"damage":21,"enemies":"3 Darklings","floor":35,"turns":6},{"damage":10,"enemies":"3 Shapes","floor":37,"turns":3},{"damage":0,"enemies":"3 Darklings","floor":39,"turns":6},{"damage":0,"enemies":"Giant Head","floor":41,"turns":4},{"damage":21,"enemies":"Reptomancer","floor":44,"turns":6},{"damage":2,"enemies":"Writhing Mass","floor":46,"turns":5},{"damage":0,"enemies":"4 Shapes","floor":48,"turns":3},{"damage":62,"enemies":"Donu and Deca","floor":50,"turns":8}],"seed_played":"-476295511553484882","potions_obtained":[{"floor":3,"key":"GamblersBrew"},{"floor":10,"key":"SpeedPotion"},{"floor":13,"key":"CultistPotion"},{"floor":21,"key":"FairyPotion"},{"floor":29,"key":"Swift Potion"}],"is_trial":false,"path_per_floor":["M","M","M","$","M","R","E","R","T","E","R","?","M","?","R","B",null,"M","?","T","M","?","E","R","E","T","E","R","M","M","E","R","B",null,"M","$","M","$","M","R","E","R","T","E","?","M","R","M","R","B",null],"character_chosen":"THE_SILENT","items_purchased":["Die Die Die","Fire Potion","Catalyst+1","Poisoned Stab","Finesse+1","Lee\u0027s Waffle","Footwork","Blade Dance+1","Bouncing Flask+1"],"campfire_rested":1,"item_purchase_floors":[4,4,36,36,36,36,36,36,38],"current_hp_per_floor":[70,70,70,70,70,70,56,56,56,53,53,53,52,47,47,32,70,66,66,66,66,66,56,70,64,64,64,70,70,70,64,70,39,70,49,77,67,67,67,77,77,77,77,56,77,75,77,77,77,15],"gold":160,"neow_bonus":"ONE_RANDOM_RARE_CARD","is_prod":false,"is_daily":false,"chose_seed":false,"campfire_upgraded":10,"win_rate":0,"timestamp":1620198160,"path_taken":["M","M","?","$","M","R","E","R","T","E","R","?","M","?","R","BOSS","M","?","?","M","?","E","R","E","T","E","R","M","M","E","R","BOSS","M","$","M","?","M","R","E","R","T","E","?","?","R","M","R","BOSS"],"build_version":"2020-12-22","purchased_purges":1,"victory":true,"max_hp_per_floor":[70,70,70,70,70,70,70,70,70,70,70,70,70,70,70,70,70,70,70,70,70,70,70,70,70,70,70,70,70,70,70,70,70,70,70,77,77,77,77,77,77,77,77,77,77,77,77,77,77,77],"card_choices":[{"not_picked":["Dagger Spray","PiercingWail"],"picked":"Deadly Poison","floor":1},{"not_picked":["Backflip","Concentrate"],"picked":"Slice","floor":2},{"not_picked":["Heel Hook","Finisher"],"picked":"Sucker Punch","floor":3},{"not_picked":["Slice","Poisoned Stab"],"picked":"Endless Agony","floor":5},{"not_picked":["Eviscerate","Concentrate"],"picked":"Deadly Poison","floor":7},{"not_picked":["Tactician","Distraction"],"picked":"Dodge and Roll","floor":10},{"not_picked":["Concentrate","Reflex"],"picked":"PiercingWail","floor":13},{"not_picked":["Blade Dance","Predator"],"picked":"Footwork","floor":14},{"not_picked":["Doppelganger","Corpse Explosion"],"picked":"Glass Knife","floor":16},{"not_picked":["Eviscerate+1","Prepared","PiercingWail"],"picked":"SKIP","floor":18},{"not_picked":["Caltrops","Flying Knee"],"picked":"Catalyst+1","floor":21},{"not_picked":["Underhanded Strike+1","Distraction+1"],"picked":"Cloak And Dagger+1","floor":23},{"not_picked":["Poisoned Stab","Well Laid Plans"],"picked":"Accuracy+1","floor":25},{"not_picked":["Calculated Gamble+1","Poisoned Stab"],"picked":"Cloak And Dagger+1","floor":27},{"not_picked":["Eviscerate","Sucker Punch","PiercingWail+1"],"picked":"SKIP","floor":29},{"not_picked":["Finisher","Phantasmal Killer+1"],"picked":"Calculated Gamble+1","floor":30},{"not_picked":["Flying Knee","Unload"],"picked":"Quick Slash+1","floor":31},{"not_picked":["Corpse Explosion+1","Wraith Form v2"],"picked":"Burst+1","floor":33},{"not_picked":["Outmaneuver+1","Sucker Punch"],"picked":"Dagger Spray+1","floor":35},{"not_picked":["Poisoned Stab+1","Choke"],"picked":"Noxious Fumes","floor":37},{"not_picked":["Backstab","Cloak And Dagger+1"],"picked":"Bane+1","floor":39},{"not_picked":["A Thousand Cuts","PiercingWail+1"],"picked":"Bane+1","floor":41},{"not_picked":["PiercingWail+1","Acrobatics+1"],"picked":"Crippling Poison+1","floor":44},{"not_picked":["Bane+1","Skewer","Choke+1"],"picked":"SKIP","floor":46},{"not_picked":["Slice+1","Underhanded Strike"],"picked":"Leg Sweep+1","floor":48}],"player_experience":270342,"relics_obtained":[{"floor":7,"key":"CaptainsWheel"},{"floor":9,"key":"Ornamental Fan"},{"floor":10,"key":"HornCleat"},{"floor":14,"key":"PreservedInsect"},{"floor":20,"key":"Toxic Egg 2"},{"floor":23,"key":"Paper Crane"},{"floor":25,"key":"The Courier"},{"floor":26,"key":"Omamori"},{"floor":27,"key":"Eternal Feather"},{"floor":31,"key":"Singing Bowl"},{"floor":41,"key":"Centennial Puzzle"},{"floor":44,"key":"Blood Vial"}],"event_choices":[{"cards_removed":["Strike_G"],"damage_healed":0,"gold_gain":0,"player_choice":"Card Removal","damage_taken":0,"max_hp_gain":0,"max_hp_loss":0,"event_name":"The Cleric","floor":12,"gold_loss":50},{"damage_healed":0,"gold_gain":0,"player_choice":"Searched \u00271\u0027 times","damage_taken":0,"max_hp_gain":0,"max_hp_loss":0,"event_name":"Dead Adventurer","floor":14,"gold_loss":0},{"damage_healed":0,"gold_gain":0,"player_choice":"Simplicity","damage_taken":0,"max_hp_gain":0,"max_hp_loss":0,"event_name":"Back to Basics","floor":19,"gold_loss":0,"cards_upgraded":["Strike_G","Strike_G","Defend_G","Defend_G","Defend_G","Defend_G","Defend_G"]},{"damage_healed":0,"gold_gain":0,"cards_transformed":["Endless Agony"],"player_choice":"Transformed","damage_taken":0,"max_hp_gain":0,"max_hp_loss":0,"event_name":"Transmorgrifier","floor":22,"gold_loss":0,"cards_obtained":["Infinite Blades"]},{"cards_removed":["Accuracy"],"damage_healed":21,"gold_gain":0,"player_choice":"Offered Uncommon","damage_taken":0,"max_hp_gain":0,"max_hp_loss":0,"event_name":"Bonfire Elementals","floor":45,"gold_loss":0}],"is_beta":false,"boss_relics":[{"not_picked":["SacredBark","Runic Dome"],"picked":"Empty Cage"},{"not_picked":["Snecko Eye","Fusion Hammer"],"picked":"Cursed Key"}],"items_purged_floors":[36],"is_endless":false,"potions_floor_spawned":[3,10,13,16,21,29,31,33,39,46,48],"ascension_level":1}