{"gold_per_floor":[119,130,147,147,147,147,181,181,181,191,221,234,252,263,263,360,360,379,361,60,60,76,106,106,141,141,141,152,166,166,185,185,284,334,350,360,377,427,229,229,229,254,303,19,39,39],"floor_reached":46,"playtime":11237,"items_purged":["Strike_G","Strike_G","Strike_G"],"score":579,"play_id":"bea61506-b1a0-4cf3-a8ac-0a76aa923815","local_time":"20210505193820","is_ascension_mode":true,"campfire_choices":[{"data":"Endless Agony","floor":6,"key":"SMITH"},{"data":"1","floor":15,"key":"LIFT"},{"data":"2","floor":24,"key":"LIFT"},{"floor":32,"key":"REST"},{"data":"3","floor":40,"key":"LIFT"}],"neow_cost":"NONE","seed_source_timestamp":1377996432547600,"circlet_count":0,"master_deck":["Strike_G","Strike_G","Defend_G","Defend_G","Defend_G","Defend_G","Defend_G","Survivor","Neutralize","Endless Agony+1","Deflect","Cloak And Dagger","Poisoned Stab+1","Noxious Fumes","Flying Knee+1","Backstab+1","Bane+1","Dagger Spray+1","Backflip","Deflect+1","Unload+1","After Image","Terror","Slice+1","Dash+1","Bouncing Flask+1","Cloak And Dagger+1","Escape Plan","Corpse Explosion","Well Laid Plans","Bane+1","Skewer+1","Dagger Spray+1","Acrobatics+1","PiercingWail+1","Deflect+1","Backflip+1","Blur","Die Die Die+1","Catalyst+1","Prepared"],"relics":["Ring of the Snake","Ornamental Fan","Girya","Molten Egg 2","HoveringKite","Ginger","Smiling Mask","MutagenicStrength","Tiny House","TungstenRod","Orrery","Singing Bowl","Omamori"],"potions_floor_usage":[16,16,16,23,33,35,37,38,42],"damage_taken":[{"damage":1,"enemies":"Jaw Worm","floor":1,"turns":8},{"damage":1,"enemies":"2 Louse","floor":2,"turns":3},{"damage":0,"enemies":"Small Slimes","floor":3,"turns":3},{"damage":33,"enemies":"Lagavulin","floor":7,"turns":14},{"damage":0,"enemies":"Looter","floor":10,"turns":3},{"damage":14,"enemies":"Gremlin Nob","floor":11,"turns":5},{"damage":3,"enemies":"2 Fungi Beasts","floor":12,"turns":4},{"damage":0,"enemies":"Blue Slaver","floor":13,"turns":2},{"damage":0,"enemies":"Exordium Wildlife","floor":14,"turns":2},{"damage":22,"enemies":"The Guardian","floor":16,"turns":11},{"damage":0,"enemies":"Shell Parasite","floor":18,"turns":2},{"damage":12,"enemies":"2 Thieves","floor":19,"turns":4},{"damage":3,"enemies":"Snecko","floor":22,"turns":5},{"damage":28,"enemies":"Book of Stabbing","floor":23,"turns":6},{"damage":20,"enemies":"Slavers","floor":25,"turns":4},{"damage":0,"enemies":"Colosseum Slavers","floor":27,"turns":2},{"damage":0,"enemies":"Centurion and Healer","floor":28,"turns":4},{"damage":1,"enemies":"3 Cultists","floor":29,"turns":4},{"damage":0,"enemies":"Snecko","floor":31,"turns":2},{"damage":32,"enemies":"Automaton","floor":33,"turns":12},{"damage":12,"enemies":"3 Darklings","floor":35,"turns":5},{"damage":2,"enemies":"Orb Walker","floor":36,"turns":3},{"damage":14,"enemies":"Transient","floor":37,"turns":5},{"damage":7,"enemies":"Mind Bloom Boss Battle","floor":38,"turns":5},{"damage":53,"enemies":"Nemesis","floor":42,"turns":9},{"damage":0,"enemies":"4 Shapes","floor":45,"turns":3},{"damage":16,"enemies":"Writhing Mass","floor":46,"turns":5}],"seed_played":"-3964723015281145531","potions_obtained":[{"floor":2,"key":"Swift Potion"},{"floor":12,"key":"SpeedPotion"},{"floor":13,"key":"PowerPotion"},{"floor":16,"key":"Swift Potion"},{"floor":25,"key":"AttackPotion"},{"floor":28,"key":"DuplicationPotion"},{"floor":31,"key":"GhostInAJar"},{"floor":34,"key":"Swift Potion"},{"floor":36,"key":"Dexterity Potion"},{"floor":37,"key":"Fruit Juice"}],"is_trial":false,"path_per_floor":["M","M","M","?","?","R","E","?","T","M","E","M","M","M","R","B",null,"M","M","$","?","M","E","R","E","T","?","M","M","?","M","R","B",null,"M","M","M","?","$","R","?","E","T","$","M","M"],"character_chosen":"THE_SILENT","items_purchased":["Unload+1","After Image","Orrery","DuplicationPotion","Energy Potion","Prepared","FearPotion"],"campfire_rested":1,"item_purchase_floors":[20,20,39,44,44,44,44],"current_hp_per_floor":[76,75,75,80,80,80,47,47,47,47,33,30,30,30,30,8,82,82,70,70,70,67,39,39,19,19,19,19,18,18,18,42,10,87,75,73,64,57,57,57,57,4,4,4,6,0],"gold":39,"neow_bonus":"TEN_PERCENT_HP_BONUS","is_prod":false,"is_daily":false,"chose_seed":false,"campfire_upgraded":1,"win_rate":0,"timestamp":1620257900,"path_taken":["M","M","M","?","?","R","E","?","T","M","E","M","?","M","R","BOSS","M","M","$","?","M","E","R","E","T","?","M","M","?","M","R","BOSS","M","M","M","?","$","R","?","E","T","?","M","M"],"build_version":"2020-12-22","purchased_purges":3,"victory":false,"max_hp_per_floor":[77,77,77,82,82,82,82,82,82,82,82,82,82,82,82,82,82,82,82,82,82,82,82,82,82,82,82,82,82,82,82,82,82,87,87,87,92,92,92,92,92,92,92,92,94,94],"card_choices":[{"not_picked":["Dagger Throw","Outmaneuver"],"picked":"Endless Agony","floor":1},{"not_picked":["PiercingWail","Prepared"],"picked":"Deflect","floor":2},{"not_picked":["Caltrops","Underhanded Strike"],"picked":"Cloak And Dagger","floor":3},{"not_picked":["Eviscerate","Dagger Spray"],"picked":"Poisoned Stab","floor":7},{"not_picked":["Endless Agony","Sucker Punch"],"picked":"Noxious Fumes","floor":10},{"not_picked":["Tactician","Dodge and Roll"],"picked":"Flying Knee+1","floor":11},{"not_picked":["Burst","Dagger Spray+1"],"picked":"Backstab+1","floor":12},{"not_picked":["Setup","Quick Slash+1"],"picked":"Bane+1","floor":13},{"not_picked":["Calculated Gamble","Backflip"],"picked":"Dagger Spray+1","floor":14},{"not_picked":["Bullet Time","Storm of Steel"],"picked":"Envenom","floor":16},{"not_picked":["Sucker Punch+1","Cloak And Dagger"],"picked":"Backflip","floor":18},{"not_picked":["Flying Knee+1","Poisoned Stab+1"],"picked":"Deflect+1","floor":19},{"not_picked":["Blade Dance","Infinite Blades"],"picked":"Terror","floor":22},{"not_picked":["Dodge and Roll","Deadly Poison"],"picked":"Slice+1","floor":23},{"not_picked":["Blade Dance+1","Backstab+1"],"picked":"Dash+1","floor":25},{"not_picked":["Well Laid Plans+1","Deflect"],"picked":"Bouncing Flask+1","floor":28},{"not_picked":["Prepared","Unload+1"],"picked":"Cloak And Dagger+1","floor":29},{"not_picked":["Infinite Blades","Riddle With Holes+1"],"picked":"Escape Plan","floor":31},{"not_picked":["Burst","Night Terror"],"picked":"Corpse Explosion","floor":33},{"not_picked":["Poisoned Stab+1","Deadly Poison"],"picked":"Well Laid Plans","floor":34},{"not_picked":["Sucker Punch+1","Flying Knee+1"],"picked":"Bane+1","floor":35},{"not_picked":["Dagger Spray+1","Dagger Throw+1"],"picked":"Skewer+1","floor":36},{"not_picked":["Outmaneuver","Skewer+1"],"picked":"Dagger Spray+1","floor":37},{"not_picked":["Escape Plan+1","Deflect"],"picked":"Acrobatics+1","floor":38},{"not_picked":["Deadly Poison+1","Die Die Die+1"],"picked":"PiercingWail+1","floor":39},{"not_picked":["All Out Attack+1","Outmaneuver+1"],"picked":"Deflect+1","floor":39},{"not_picked":["PiercingWail","Dagger Spray+1"],"picked":"Backflip+1","floor":39},{"not_picked":["Bane+1","Sucker Punch+1"],"picked":"Blur","floor":39},{"not_picked":["Deflect+1","Infinite Blades+1"],"picked":"Die Die Die+1","floor":39},{"not_picked":["Underhanded Strike+1","Leg Sweep+1"],"picked":"Catalyst+1","floor":42},{"not_picked":["Quick Slash+1","Blade Dance+1","Eviscerate+1"],"picked":"Singing Bowl","floor":45}],"player_experience":272843,"relics_obtained":[{"floor":7,"key":"Ornamental Fan"},{"floor":9,"key":"Girya"},{"floor":11,"key":"Molten Egg 2"},{"floor":23,"key":"Ginger"},{"floor":25,"key":"Smiling Mask"},{"floor":38,"key":"TungstenRod"},{"floor":42,"key":"Singing Bowl"},{"floor":43,"key":"Omamori"}],"event_choices":[{"damage_healed":0,"gold_gain":0,"player_choice":"Donut","damage_taken":0,"max_hp_gain":5,"max_hp_loss":0,"event_name":"Big Fish","floor":4,"gold_loss":0},{"damage_healed":0,"gold_gain":0,"player_choice":"Ignored","damage_taken":0,"max_hp_gain":0,"max_hp_loss":0,"event_name":"Liars Game","floor":5,"gold_loss":0},{"damage_healed":0,"gold_gain":0,"player_choice":"Ignored","damage_taken":0,"max_hp_gain":0,"max_hp_loss":0,"event_name":"NoteForYourself","floor":8,"gold_loss":0},{"damage_healed":0,"gold_gain":0,"player_choice":"Fight","damage_taken":0,"max_hp_gain":0,"max_hp_loss":0,"event_name":"Colosseum","floor":27,"gold_loss":0},{"damage_healed":0,"gold_gain":0,"player_choice":"Fled From Nobs","damage_taken":0,"max_hp_gain":0,"max_hp_loss":0,"event_name":"Colosseum","floor":27,"gold_loss":0},{"damage_healed":0,"gold_gain":0,"player_choice":"Inject Mutagens","damage_taken":0,"relics_obtained":["MutagenicStrength"],"max_hp_gain":0,"max_hp_loss":0,"event_name":"Drug Dealer","floor":30,"gold_loss":0},{"damage_healed":0,"gold_gain":0,"player_choice":"Fight","damage_taken":0,"max_hp_gain":0,"max_hp_loss":0,"event_name":"MindBloom","floor":38,"gold_loss":0},{"cards_removed":["Envenom"],"damage_healed":0,"gold_gain":0,"player_choice":"Removed Power","damage_taken":0,"max_hp_gain":0,"max_hp_loss":0,"event_name":"Falling","floor":41,"gold_loss":0}],"is_beta":false,"boss_relics":[{"not_picked":["Empty Cage","Busted Crown"],"picked":"HoveringKite"},{"not_picked":["Snecko Eye","Black Star"],"picked":"Tiny House"}],"items_purged_floors":[20,39,44],"is_endless":false,"potions_floor_spawned":[2,12,13,16,25,27,28,31,36,37],"killed_by":"Writhing Mass","ascension_level":1}