{"gold_per_floor":[117,130,146,160,171,171,198,198,247,247,258,286,286,114,114,218,218,235,62,62,76,93,93],"floor_reached":23,"playtime":920,"items_purged":["Strike_G","Strike_G"],"score":254,"play_id":"18b380af-8e7b-447b-bf91-990ccb47d2bf","local_time":"20210719221144","is_ascension_mode":true,"campfire_choices":[{"data":"Accuracy","floor":6.0,"key":"SMITH"},{"data":"Night Terror","floor":8,"key":"SMITH"},{"floor":15,"key":"REST"}],"neow_cost":"NONE","seed_source_timestamp":416520623028700,"circlet_count":0,"master_deck":["Strike_G","Strike_G","Defend_G","Defend_G","Defend_G","Defend_G","Defend_G","Survivor","Neutralize","Blade Dance","Dagger Throw","Sucker Punch","Night Terror+1","Blade Dance","Accuracy+1","Blade Dance","Bouncing Flask","Footwork","Cloak And Dagger","Burst","CurseOfTheBell","Noxious Fumes","Calculated Gamble+1","Terror"],"special_seed":0,"relics":["Ring of the Snake","Bag of Preparation","Blue Candle","Calling Bell","Potion Belt","Shuriken","Calipers"],"potions_floor_usage":[16,23,23],"damage_taken":[{"damage":0.0,"enemies":"Cultist","floor":1.0,"turns":3.0},{"damage":0.0,"enemies":"2 Louse","floor":2.0,"turns":2.0},{"damage":0.0,"enemies":"Jaw Worm","floor":3.0,"turns":5.0},{"damage":3.0,"enemies":"Blue Slaver","floor":4.0,"turns":5.0},{"damage":1.0,"enemies":"Large Slime","floor":5.0,"turns":5.0},{"damage":16.0,"enemies":"Gremlin Nob","floor":7.0,"turns":3.0},{"damage":3,"enemies":"Looter","floor":11,"turns":3},{"damage":12,"enemies":"3 Sentries","floor":12,"turns":3},{"damage":46,"enemies":"The Guardian","floor":16,"turns":11},{"damage":17,"enemies":"Spheric Guardian","floor":18,"turns":4},{"damage":9,"enemies":"3 Byrds","floor":21,"turns":5},{"damage":35,"enemies":"Snecko","floor":22,"turns":5},{"damage":23,"enemies":"Slavers","floor":23,"turns":2}],"seed_played":"5791036450626380077","potions_obtained":[{"floor":2.0,"key":"SkillPotion"},{"floor":4.0,"key":"PowerPotion"},{"floor":5.0,"key":"FairyPotion"},{"floor":18,"key":"DuplicationPotion"},{"floor":22,"key":"SneckoOil"}],"is_trial":false,"path_per_floor":["M","M","M","M","M","R","E","R","T","?","M","E","?","$","R","B",null,"M","$","?","M","M","E"],"character_chosen":"THE_SILENT","items_purchased":["Footwork","Cloak And Dagger","Noxious Fumes"],"campfire_rested":1,"item_purchase_floors":[14,14,19],"current_hp_per_floor":[70,70,70,67,66,66,50,50,50,43,40,28,28,28,49,3,53,36,36,36,27,21,0],"gold":93,"neow_bonus":"THREE_CARDS","is_prod":false,"is_daily":false,"chose_seed":false,"campfire_upgraded":2,"win_rate":0,"timestamp":1626747104,"path_taken":["M","M","?","M","M","R","E","R","T","?","M","E","?","$","R","BOSS","M","$","?","M","M","E"],"build_version":"2020-12-22","purchased_purges":2,"victory":false,"max_hp_per_floor":[70,70,70,70,70,70,70,70,70,70,70,70,70,70,70,70,70,70,70,70,70,70,70],"card_choices":[{"not_picked":["Slice","Sucker Punch"],"picked":"Blade Dance","floor":0.0},{"not_picked":["Deadly Poison","Escape Plan"],"picked":"Dagger Throw","floor":1.0},{"not_picked":["Flechettes","Acrobatics"],"picked":"Sucker Punch","floor":2.0},{"not_picked":["Underhanded Strike","Blur"],"picked":"Night Terror","floor":3.0},{"not_picked":["Quick Slash","Predator"],"picked":"Blade Dance","floor":4.0},{"not_picked":["Dagger Throw","Skewer"],"picked":"Accuracy","floor":5.0},{"not_picked":["Underhanded Strike","Dagger Spray","Doppelganger"],"picked":"SKIP","floor":7},{"not_picked":["Flying Knee","Caltrops"],"picked":"Blade Dance","floor":11},{"not_picked":["Backstab","Outmaneuver"],"picked":"Bouncing Flask","floor":12},{"not_picked":["Tools of the Trade","Storm of Steel"],"picked":"Burst","floor":16},{"not_picked":["Choke","Bouncing Flask","Predator"],"picked":"SKIP","floor":18},{"not_picked":["Blade Dance","Backstab"],"picked":"Calculated Gamble+1","floor":21},{"not_picked":["Dagger Throw","Bouncing Flask"],"picked":"Terror","floor":22}],"player_experience":497946,"relics_obtained":[{"floor":9,"key":"Bag of Preparation"},{"floor":12,"key":"Blue Candle"},{"floor":17,"key":"Potion Belt"},{"floor":17,"key":"Shuriken"},{"floor":17,"key":"Calipers"}],"event_choices":[{"cards_removed":["Strike_G"],"damage_healed":0,"gold_gain":0,"player_choice":"Card Removal","damage_taken":7,"max_hp_gain":0,"max_hp_loss":0,"event_name":"Golden Wing","floor":10,"gold_loss":0},{"damage_healed":0,"gold_gain":0,"player_choice":"Ignored","damage_taken":0,"max_hp_gain":0,"max_hp_loss":0,"event_name":"Liars Game","floor":13,"gold_loss":0},{"damage_healed":0,"gold_gain":0,"player_choice":"Ignored","damage_taken":0,"max_hp_gain":0,"max_hp_loss":0,"event_name":"Cursed Tome","floor":20,"gold_loss":0}],"is_beta":false,"boss_relics":[{"not_picked":["SacredBark","HoveringKite"],"picked":"Calling Bell"}],"items_purged_floors":[14,19],"is_endless":false,"potions_floor_spawned":[2,4,5,7,11,18,22],"killed_by":"Slavers","ascension_level":5}