{"gold_per_floor":[368,380,390,340,416,416,443,443,466,159,159,87,102,102,102,205,205,222,291,308,15,35,35,102,130,153,153,153,170,220,288,288,391,391,408,458,508,608,619,619,629,629,629,410,474,824,838,852,852,852],"floor_reached":51,"playtime":2716,"items_purged":["Strike_G","Strike_G"],"score":928,"play_id":"82555fac-c0ef-4c3e-a19a-ac938cdbd7dd","local_time":"20210720092549","is_ascension_mode":true,"campfire_choices":[{"data":"Bouncing Flask","floor":6.0,"key":"SMITH"},{"floor":8.0,"key":"REST"},{"data":"Burst","floor":15.0,"key":"SMITH"},{"data":"Noxious Fumes","floor":23.0,"key":"SMITH"},{"data":"Neutralize","floor":27.0,"key":"SMITH"},{"data":"Noxious Fumes","floor":32.0,"key":"SMITH"},{"floor":40,"key":"REST"},{"data":"Bouncing Flask","floor":42,"key":"SMITH"},{"floor":49,"key":"REST"}],"neow_cost":"TEN_PERCENT_HP_LOSS","seed_source_timestamp":0,"circlet_count":0,"master_deck":["Strike_G","Defend_G","Defend_G","Defend_G","Defend_G","Survivor","Neutralize+1","Bouncing Flask+1","Noxious Fumes+1","Masterful Stab","Flechettes","Bouncing Flask+1","Noxious Fumes+1","Noxious Fumes","Burst+1","Corpse Explosion","PiercingWail","Backflip+1","PiercingWail+1","Backflip+1","Dodge and Roll+1","Dodge and Roll+1","After Image","Bouncing Flask","Mayhem","Magnetism","Outmaneuver+1","Bouncing Flask+1","Footwork+1","Caltrops+1","Predator+1","Blur"],"special_seed":0,"relics":["Ring of the Snake","Dream Catcher","Happy Flower","Toy Ornithopter","SsserpentHead","Empty Cage","Lee\u0027s Waffle","Bag of Preparation","Oddly Smooth Stone","Orichalcum","Snecko Eye","Incense Burner","Frozen Egg 2"],"potions_floor_usage":[39,50,50],"damage_taken":[{"damage":0.0,"enemies":"Jaw Worm","floor":1.0,"turns":6.0},{"damage":9.0,"enemies":"Small Slimes","floor":2.0,"turns":3.0},{"damage":0.0,"enemies":"Cultist","floor":3.0,"turns":3.0},{"damage":34.0,"enemies":"3 Sentries","floor":7.0,"turns":7.0},{"damage":1.0,"enemies":"Looter","floor":13.0,"turns":3.0},{"damage":11.0,"enemies":"The Guardian","floor":16.0,"turns":8.0},{"damage":25.0,"enemies":"3 Byrds","floor":18.0,"turns":3.0},{"damage":0.0,"enemies":"Spheric Guardian","floor":19.0,"turns":2.0},{"damage":24.0,"enemies":"Centurion and Healer","floor":20.0,"turns":5.0},{"damage":3.0,"enemies":"Shelled Parasite and Fungi","floor":22.0,"turns":4.0},{"damage":1.0,"enemies":"Sentry and Sphere","floor":24.0,"turns":4.0},{"damage":21.0,"enemies":"Gremlin Leader","floor":25.0,"turns":7.0},{"damage":1.0,"enemies":"Slavers","floor":28.0,"turns":3.0},{"damage":13.0,"enemies":"Centurion and Healer","floor":29.0,"turns":5.0},{"damage":2.0,"enemies":"Shelled Parasite and Fungi","floor":31.0,"turns":6.0},{"damage":19.0,"enemies":"Champ","floor":33.0,"turns":11.0},{"damage":8,"enemies":"Orb Walker","floor":35,"turns":4},{"damage":1,"enemies":"Mind Bloom Boss Battle","floor":38,"turns":7},{"damage":29,"enemies":"3 Darklings","floor":39,"turns":5},{"damage":0,"enemies":"Maw","floor":45,"turns":6},{"damage":0,"enemies":"Spire Growth","floor":47,"turns":5},{"damage":28,"enemies":"4 Shapes","floor":48,"turns":6},{"damage":21,"enemies":"Time Eater","floor":50,"turns":14}],"seed_played":"-6058476942991546114","potions_obtained":[{"floor":1.0,"key":"SkillPotion"},{"floor":2.0,"key":"BlessingOfTheForge"},{"floor":3.0,"key":"BlessingOfTheForge"},{"floor":11.0,"key":"Dexterity Potion"},{"floor":19.0,"key":"GamblersBrew"},{"floor":20.0,"key":"SmokeBomb"},{"floor":29.0,"key":"Swift Potion"},{"floor":33.0,"key":"ColorlessPotion"},{"floor":38,"key":"GamblersBrew"},{"floor":41,"key":"SmokeBomb"}],"is_trial":false,"path_per_floor":["M","M","M","?","?","R","E","R","T","$","?","$","M","?","R","B",null,"M","M","M","$","M","R","M","E","T","R","E","M","?","M","R","B",null,"M","?","?","?","M","R","?","R","T","$","M","?","M","M","R","B",null],"character_chosen":"THE_SILENT","items_purchased":["Noxious Fumes","Toy Ornithopter","Noxious Fumes","Lee\u0027s Waffle","Bag of Preparation","Footwork+1","PowerPotion"],"campfire_rested":3,"item_purchase_floors":[10,10,12,21,21,44,44],"current_hp_per_floor":[63,54,54,54,54,54,20,38,38,38,38,38,37,37,37,26,54,34,34,10,70,67,67,66,49,49,49,53,40,40,38,38,24,59,51,51,41,40,16,35,35,35,35,35,35,35,35,7,26,15],"gold":852,"neow_bonus":"TWO_FIFTY_GOLD","is_prod":false,"is_daily":false,"chose_seed":false,"campfire_upgraded":6,"win_rate":0,"timestamp":1626787549,"path_taken":["M","M","M","?","?","R","E","R","T","$","?","$","?","?","R","BOSS","M","?","M","$","M","R","?","E","T","R","E","M","?","?","R","BOSS","M","?","?","?","M","R","?","R","T","$","?","?","M","M","R","BOSS"],"build_version":"2020-12-22","purchased_purges":2,"victory":true,"max_hp_per_floor":[63,63,63,63,63,63,63,63,63,63,63,63,63,63,63,63,63,63,63,63,70,70,70,70,70,70,70,70,70,70,70,70,70,70,70,66,66,66,66,66,66,66,66,66,66,66,66,66,66,66],"card_choices":[{"not_picked":["Backflip","Expertise"],"picked":"Bouncing Flask","floor":1.0},{"not_picked":["Concentrate","Prepared"],"picked":"Noxious Fumes","floor":2.0},{"not_picked":["Dodge and Roll","Sucker Punch"],"picked":"Masterful Stab","floor":3.0},{"not_picked":["Caltrops","Blur"],"picked":"Flechettes","floor":7.0},{"not_picked":["Prepared","Dodge and Roll"],"picked":"Bouncing Flask","floor":8.0},{"not_picked":["PiercingWail","Footwork"],"picked":"Burst","floor":13.0},{"not_picked":["After Image","Venomology"],"picked":"Corpse Explosion","floor":16.0},{"not_picked":["Deflect","Skewer"],"picked":"PiercingWail","floor":18.0},{"not_picked":["Distraction","Concentrate"],"picked":"Backflip+1","floor":19.0},{"not_picked":["Prepared","Quick Slash+1","Predator+1"],"picked":"SKIP","floor":20.0},{"not_picked":["Sucker Punch+1","Dagger Throw+1"],"picked":"PiercingWail+1","floor":22.0},{"not_picked":["Heel Hook","Cloak And Dagger","PiercingWail"],"picked":"SKIP","floor":24.0},{"not_picked":["A Thousand Cuts","Poisoned Stab"],"picked":"Backflip+1","floor":25.0},{"not_picked":["Sucker Punch","Finisher"],"picked":"Dodge and Roll+1","floor":29.0},{"not_picked":["Masterful Stab","Infinite Blades"],"picked":"Dodge and Roll+1","floor":31.0},{"not_picked":["Malaise","A Thousand Cuts"],"picked":"After Image","floor":33.0},{"not_picked":["Dagger Spray","Acrobatics+1"],"picked":"Bouncing Flask","floor":35},{"not_picked":["Violence","Secret Technique"],"picked":"Mayhem","floor":37},{"not_picked":["Deep Breath","Forethought"],"picked":"Magnetism","floor":37},{"not_picked":["Cloak And Dagger+1","Flying Knee+1"],"picked":"Outmaneuver+1","floor":39},{"not_picked":["Finisher","Quick Slash"],"picked":"Bouncing Flask+1","floor":40},{"not_picked":["Sucker Punch","Prepared+1","Finisher+1"],"picked":"SKIP","floor":45},{"not_picked":["Endless Agony+1","Outmaneuver"],"picked":"Caltrops+1","floor":47},{"not_picked":["Malaise","Cloak And Dagger"],"picked":"Predator+1","floor":48},{"not_picked":["Underhanded Strike","Cloak And Dagger+1"],"picked":"Blur","floor":49}],"player_experience":498866,"relics_obtained":[{"floor":7.0,"key":"Dream Catcher"},{"floor":9.0,"key":"Happy Flower"},{"floor":25.0,"key":"Oddly Smooth Stone"},{"floor":26.0,"key":"Orichalcum"},{"floor":38,"key":"Incense Burner"},{"floor":43,"key":"Frozen Egg 2"}],"event_choices":[{"cards_removed":["Strike_G"],"damage_healed":0.0,"max_hp_gain":0.0,"max_hp_loss":0.0,"gold_gain":0.0,"event_name":"The Cleric","player_choice":"Card Removal","floor":4.0,"gold_loss":50.0,"damage_taken":0.0},{"damage_healed":0.0,"max_hp_gain":0.0,"max_hp_loss":0.0,"gold_gain":76.0,"event_name":"Golden Wing","player_choice":"Gained Gold","floor":5.0,"gold_loss":0.0,"damage_taken":0.0},{"damage_healed":0.0,"max_hp_gain":0.0,"max_hp_loss":0.0,"gold_gain":0.0,"event_name":"Lab","player_choice":"Got Potions","floor":11.0,"gold_loss":0.0,"damage_taken":0.0},{"damage_healed":0.0,"max_hp_gain":0.0,"max_hp_loss":0.0,"gold_gain":0.0,"event_name":"FaceTrader","player_choice":"Trade","floor":14.0,"gold_loss":0.0,"damage_taken":0.0,"relics_obtained":["SsserpentHead"]},{"damage_healed":0.0,"max_hp_gain":0.0,"max_hp_loss":0.0,"gold_gain":0.0,"event_name":"Match and Keep!","player_choice":"0 cards matched","floor":30.0,"gold_loss":0.0,"damage_taken":0.0,"cards_obtained":[]},{"damage_healed":0,"gold_gain":0,"player_choice":"Max HP","damage_taken":0,"max_hp_gain":0,"max_hp_loss":4,"event_name":"Winding Halls","floor":36,"gold_loss":0},{"damage_healed":0,"gold_gain":0,"player_choice":"Memory 3","damage_taken":10,"max_hp_gain":0,"max_hp_loss":0,"event_name":"SensoryStone","floor":37,"gold_loss":0},{"damage_healed":0,"gold_gain":0,"player_choice":"Fight","damage_taken":0,"max_hp_gain":0,"max_hp_loss":0,"event_name":"MindBloom","floor":38,"gold_loss":0},{"damage_healed":0,"gold_gain":0,"player_choice":"Bought 3 Potions","damage_taken":0,"max_hp_gain":0,"max_hp_loss":0,"event_name":"The Woman in Blue","floor":41,"gold_loss":0},{"damage_healed":0,"gold_gain":300,"player_choice":"Gold","damage_taken":0,"max_hp_gain":0,"max_hp_loss":0,"event_name":"Wheel of Change","floor":46,"gold_loss":0}],"is_beta":false,"boss_relics":[{"not_picked":["Philosopher\u0027s Stone","Fusion Hammer"],"picked":"Empty Cage"},{"not_picked":["Sozu","Pandora\u0027s Box"],"picked":"Snecko Eye"}],"items_purged_floors":[10,44],"is_endless":false,"potions_floor_spawned":[1,2,3,16,19,20,22,29,33,38,45],"ascension_level":5}