{"gold_per_floor":[114,114,32,49,61,61,86,86,113,125,147,180,198,48,48,150,150,161,177,177,192,211,211],"floor_reached":23,"playtime":1058,"items_purged":["Strike_G"],"score":264,"play_id":"01b4e845-5ab8-4b9a-9aaa-5537c19c6a6e","local_time":"20210721234600","is_ascension_mode":true,"campfire_choices":[{"data":"Riddle With Holes","floor":6,"key":"SMITH"},{"floor":8,"key":"REST"},{"floor":15,"key":"REST"}],"neow_cost":"TEN_PERCENT_HP_LOSS","seed_source_timestamp":82125363448100,"circlet_count":0,"master_deck":["Strike_G","Strike_G","Strike_G","Defend_G","Defend_G","Defend_G","Defend_G","Survivor","Neutralize","Corpse Explosion","Footwork","All Out Attack","Riddle With Holes+1","Dagger Throw","Backflip","Deflect","Terror","Noxious Fumes","Wraith Form v2","Backflip","Prepared+1"],"relics":["Ring of the Snake","Regal Pillow","Pen Nib","Odd Mushroom","Letter Opener","Cursed Key"],"potions_floor_usage":[7,12,12,16,22,23],"damage_taken":[{"damage":0,"enemies":"Small Slimes","floor":1,"turns":3},{"damage":0,"enemies":"2 Louse","floor":4,"turns":2},{"damage":4,"enemies":"Jaw Worm","floor":5,"turns":2},{"damage":28,"enemies":"Lagavulin","floor":7,"turns":9},{"damage":8,"enemies":"Looter","floor":10,"turns":3},{"damage":4,"enemies":"The Mushroom Lair","floor":11,"turns":2},{"damage":16,"enemies":"Gremlin Nob","floor":12,"turns":4},{"damage":4,"enemies":"Red Slaver","floor":13,"turns":4},{"damage":24,"enemies":"The Guardian","floor":16,"turns":11},{"damage":7,"enemies":"Shell Parasite","floor":18,"turns":5},{"damage":1,"enemies":"3 Byrds","floor":19,"turns":2},{"damage":12,"enemies":"Sentry and Sphere","floor":21,"turns":6},{"damage":33,"enemies":"Snake Plant","floor":22,"turns":6},{"damage":9,"enemies":"Gremlin Leader","floor":23,"turns":3}],"seed_played":"-2788704787079564088","potions_obtained":[{"floor":1,"key":"Poison Potion"},{"floor":4,"key":"Weak Potion"},{"floor":5,"key":"Block Potion"},{"floor":7,"key":"PowerPotion"},{"floor":12,"key":"Weak Potion"},{"floor":22,"key":"BlessingOfTheForge"}],"is_trial":false,"path_per_floor":["M","?","$","M","M","R","E","R","T","M","?","E","M","$","R","B",null,"M","M","?","M","M","E"],"character_chosen":"THE_SILENT","items_purchased":["All Out Attack","Noxious Fumes"],"campfire_rested":2,"item_purchase_floors":[3,14],"current_hp_per_floor":[63,56,56,56,52,52,24,57,57,49,45,29,25,25,58,34,56,49,48,48,36,3,0],"gold":211,"neow_bonus":"THREE_RARE_CARDS","is_prod":false,"is_daily":false,"chose_seed":false,"campfire_upgraded":1,"win_rate":0,"timestamp":1626925560,"path_taken":["M","?","$","M","M","R","E","R","T","M","?","E","M","?","R","BOSS","M","M","?","M","?","E"],"build_version":"2020-12-22","purchased_purges":1,"victory":false,"max_hp_per_floor":[63,63,63,63,63,63,63,63,63,63,63,63,63,63,63,63,63,63,63,63,63,63,63],"card_choices":[{"not_picked":["Tools of the Trade","Burst"],"picked":"Corpse Explosion","floor":0},{"not_picked":["Crippling Poison","Choke"],"picked":"Footwork","floor":1},{"not_picked":["Outmaneuver","Flying Knee"],"picked":"Riddle With Holes","floor":4},{"not_picked":["Dodge and Roll","Escape Plan"],"picked":"Dagger Throw","floor":5},{"not_picked":["Heel Hook","Setup","Dagger Throw"],"picked":"SKIP","floor":7},{"not_picked":["Prepared","Acrobatics"],"picked":"Backflip","floor":10},{"not_picked":["Quick Slash","Backflip"],"picked":"Deflect","floor":11},{"not_picked":["Bane","Quick Slash","Dagger Throw"],"picked":"SKIP","floor":12},{"not_picked":["Concentrate","Backstab"],"picked":"Terror","floor":13},{"not_picked":["Venomology","Doppelganger"],"picked":"Wraith Form v2","floor":16},{"not_picked":["Underhanded Strike+1","Finisher"],"picked":"Backflip","floor":18},{"not_picked":["Outmaneuver","Choke","Quick Slash+1"],"picked":"SKIP","floor":19},{"not_picked":["Outmaneuver","Terror","Dagger Spray"],"picked":"SKIP","floor":21},{"not_picked":["Caltrops","Riddle With Holes+1"],"picked":"Prepared+1","floor":22}],"player_experience":513811,"relics_obtained":[{"floor":7,"key":"Regal Pillow"},{"floor":9,"key":"Pen Nib"},{"floor":11,"key":"Odd Mushroom"},{"floor":12,"key":"Letter Opener"}],"event_choices":[{"cards_removed":["Defend_G"],"damage_healed":0,"gold_gain":0,"player_choice":"Card Removal","damage_taken":7,"max_hp_gain":0,"max_hp_loss":0,"event_name":"Golden Wing","floor":2,"gold_loss":0},{"damage_healed":0,"gold_gain":0,"player_choice":"Fought Mushrooms","damage_taken":0,"max_hp_gain":0,"max_hp_loss":0,"event_name":"Mushrooms","floor":11,"gold_loss":0},{"cards_removed":["Strike_G"],"damage_healed":0,"gold_gain":0,"player_choice":"Purged","damage_taken":0,"max_hp_gain":0,"max_hp_loss":0,"event_name":"Purifier","floor":20,"gold_loss":0}],"is_beta":false,"boss_relics":[{"not_picked":["Runic Dome","SlaversCollar"],"picked":"Cursed Key"}],"items_purged_floors":[14],"is_endless":false,"potions_floor_spawned":[1,4,5,7,12,22],"killed_by":"Gremlin Leader","ascension_level":6}