{"gold_per_floor":[116,66,66,66,91,91,130,230,230,273,273,287,307,345,345,476,476,501,520,543,468,492,525,139,174,210,243,255,267,307,337,349,462,474,497,29,48,48,48,48,63,88,88,88,88,88,20,52,52,52,52,52,12,45,45],"floor_reached":55,"playtime":3150,"items_purged":["Strike_G","Quick Slash"],"score":1016,"play_id":"481fecae-2084-40d0-bb6f-d65437da9b58","local_time":"20210716145947","is_ascension_mode":true,"campfire_choices":[{"data":"Neutralize","floor":6,"key":"SMITH"},{"data":"Dodge and Roll","floor":11,"key":"SMITH"},{"data":"Deadly Poison","floor":15,"key":"SMITH"},{"data":"Bullet Time","floor":28,"key":"SMITH"},{"data":"Bane","floor":32,"key":"SMITH"},{"data":"Catalyst","floor":40,"key":"SMITH"},{"data":"Dark Shackles","floor":44,"key":"SMITH"},{"data":"Acrobatics","floor":46,"key":"SMITH"},{"floor":49,"key":"RECALL"},{"data":"Survivor","floor":52,"key":"SMITH"}],"neow_cost":"NONE","seed_source_timestamp":129189802272100,"circlet_count":0,"master_deck":["Defend_G","Defend_G","Defend_G","Survivor+1","Neutralize+1","Deadly Poison+1","Masterful Stab","Dodge and Roll+1","Cloak And Dagger","Poisoned Stab","Bullet Time+1","Bane+1","Acrobatics+1","Blade Dance","Blade Dance","Well Laid Plans+1","Footwork+1","PiercingWail","Wraith Form v2+1","Masterful Stab+1","Unload+1","Quick Slash+1","Predator+1","Catalyst+1","Dark Shackles+1","Footwork+1","Deep Breath","Prepared+1","Accuracy+1","Dodge and Roll+1","Tactician"],"relics":["Ring of the Snake","NeowsBlessing","Bloody Idol","Oddly Smooth Stone","Bag of Preparation","Frozen Egg 2","Dream Catcher","WristBlade","Calipers","Tough Bandages","MawBank","Bag of Marbles","Bottled Lightning","Astrolabe","HornCleat","Darkstone Periapt","The Courier","Vajra"],"potions_floor_usage":[22,22,33,33,50,55,55],"damage_taken":[{"damage":0,"enemies":"2 Louse","floor":1,"turns":1},{"damage":0,"enemies":"Small Slimes","floor":5,"turns":1},{"damage":0,"enemies":"Lagavulin","floor":7,"turns":1},{"damage":15,"enemies":"3 Sentries","floor":10,"turns":11},{"damage":0,"enemies":"Cultist","floor":12,"turns":3},{"damage":0,"enemies":"Blue Slaver","floor":13,"turns":4},{"damage":7,"enemies":"Lagavulin","floor":14,"turns":6},{"damage":10,"enemies":"Hexaghost","floor":16,"turns":10},{"damage":0,"enemies":"Chosen","floor":18,"turns":3},{"damage":0,"enemies":"Shell Parasite","floor":19,"turns":3},{"damage":0,"enemies":"3 Cultists","floor":20,"turns":5},{"damage":18,"enemies":"Chosen and Byrds","floor":22,"turns":9},{"damage":0,"enemies":"Gremlin Leader","floor":23,"turns":5},{"damage":15,"enemies":"Book of Stabbing","floor":25,"turns":4},{"damage":0,"enemies":"Snake Plant","floor":27,"turns":2},{"damage":8,"enemies":"Slavers","floor":30,"turns":6},{"damage":17,"enemies":"Sentry and Sphere","floor":31,"turns":6},{"damage":7,"enemies":"Champ","floor":33,"turns":11},{"damage":0,"enemies":"Orb Walker","floor":35,"turns":1},{"damage":0,"enemies":"3 Darklings","floor":37,"turns":2},{"damage":0,"enemies":"Sphere and 2 Shapes","floor":41,"turns":3},{"damage":2,"enemies":"Nemesis","floor":42,"turns":5},{"damage":0,"enemies":"Giant Head","floor":48,"turns":5},{"damage":22,"enemies":"Donu and Deca","floor":50,"turns":11},{"damage":11,"enemies":"Shield and Spear","floor":54,"turns":7},{"damage":87,"enemies":"The Heart","floor":55,"turns":9}],"seed_played":"-7105893446481559133","potions_obtained":[{"floor":10,"key":"Swift Potion"},{"floor":12,"key":"Energy Potion"},{"floor":13,"key":"Block Potion"},{"floor":19,"key":"FairyPotion"},{"floor":23,"key":"GhostInAJar"},{"floor":27,"key":"GamblersBrew"},{"floor":41,"key":"Swift Potion"},{"floor":48,"key":"Swift Potion"}],"is_trial":false,"path_per_floor":["M","?","?","?","M","R","E","?","T","E","R","M","M","E","R","B",null,"M","M","M","?","M","E","$","E","T","M","R","?","E","M","R","B",null,"M","$","M","?","?","R","M","E","T","R","?","R","$","E","R","B",null,"R","$","E","B"],"character_chosen":"THE_SILENT","items_purchased":["Tough Bandages","Catalyst","Dark Shackles","HornCleat","Accuracy+1","Strength Potion"],"campfire_rested":0,"item_purchase_floors":[24,36,36,36,47,53],"current_hp_per_floor":[70,70,53,53,53,53,53,53,53,38,38,38,38,31,31,21,70,70,70,70,70,52,52,52,37,37,37,37,37,39,32,37,40,70,70,70,70,66,61,61,66,66,66,66,66,66,66,66,66,44,66,66,66,60,0],"gold":45,"neow_bonus":"THREE_ENEMY_KILL","is_prod":false,"is_daily":false,"chose_seed":false,"campfire_upgraded":9,"win_rate":0,"timestamp":1626461987,"path_taken":["M","?","?","?","?","R","E","?","T","E","R","M","?","E","R","BOSS","M","M","M","?","M","E","$","E","T","M","R","?","E","M","R","BOSS","M","$","M","?","?","R","M","E","T","R","?","R","$","E","R","BOSS","R","$","E","BOSS"],"build_version":"2020-12-22","purchased_purges":2,"victory":false,"max_hp_per_floor":[70,70,70,70,70,70,70,70,70,70,70,70,70,70,70,70,70,70,70,70,70,70,70,70,70,70,70,70,70,70,70,70,70,70,70,70,70,66,66,66,66,66,66,66,66,66,66,66,66,66,66,66,66,66,66],"card_choices":[{"not_picked":["Prepared","Slice"],"picked":"Quick Slash","floor":1},{"not_picked":["Dagger Spray","Tactician"],"picked":"Deadly Poison","floor":5},{"not_picked":["Finisher","Leg Sweep"],"picked":"Masterful Stab","floor":7},{"not_picked":["Flying Knee","Prepared"],"picked":"Dodge and Roll","floor":10},{"not_picked":["Deflect","Dodge and Roll"],"picked":"Cloak And Dagger","floor":12},{"not_picked":["Flying Knee","Deflect"],"picked":"Poisoned Stab","floor":13},{"not_picked":["Dagger Spray","Dodge and Roll"],"picked":"All Out Attack","floor":14},{"not_picked":["Malaise","Die Die Die"],"picked":"Bullet Time","floor":16},{"not_picked":["Backstab","Setup+1"],"picked":"Bane","floor":18},{"not_picked":["Tactician","Outmaneuver"],"picked":"Acrobatics","floor":19},{"not_picked":["Acrobatics","Outmaneuver"],"picked":"Blade Dance","floor":20},{"not_picked":["Acrobatics+1","PiercingWail"],"picked":"Blade Dance","floor":22},{"not_picked":["Prepared+1","Dodge and Roll"],"picked":"Well Laid Plans+1","floor":23},{"not_picked":["Backflip","Envenom+1"],"picked":"Footwork+1","floor":25},{"not_picked":["Dodge and Roll","Outmaneuver","Flying Knee"],"picked":"SKIP","floor":27},{"not_picked":["Underhanded Strike+1","Adrenaline","Dash"],"picked":"SKIP","floor":30},{"not_picked":["Flying Knee","Masterful Stab+1"],"picked":"PiercingWail","floor":31},{"not_picked":["Malaise","Bullet Time"],"picked":"Wraith Form v2+1","floor":33},{"not_picked":["Bane","Escape Plan+1"],"picked":"Predator+1","floor":35},{"not_picked":["Flechettes","Tactician"],"picked":"Footwork+1","floor":37},{"not_picked":["Flash of Steel","Dramatic Entrance"],"picked":"Deep Breath","floor":39},{"not_picked":["Dagger Throw","Endless Agony","Deadly Poison"],"picked":"SKIP","floor":41},{"not_picked":["Outmaneuver","Poisoned Stab+1"],"picked":"Prepared+1","floor":42},{"not_picked":["Concentrate","Blade Dance"],"picked":"Dodge and Roll+1","floor":48},{"not_picked":["Expertise","Bane"],"picked":"Tactician","floor":54}],"player_experience":484616,"relics_obtained":[{"floor":7,"key":"Oddly Smooth Stone"},{"floor":9,"key":"Bag of Preparation"},{"floor":10,"key":"Frozen Egg 2"},{"floor":14,"key":"Dream Catcher"},{"floor":23,"key":"Calipers"},{"floor":25,"key":"MawBank"},{"floor":26,"key":"Bag of Marbles"},{"floor":30,"key":"Bottled Lightning"},{"floor":42,"key":"Darkstone Periapt"},{"floor":48,"key":"The Courier"},{"floor":54,"key":"Vajra"}],"event_choices":[{"cards_removed":["Strike_G"],"damage_healed":0,"gold_gain":0,"player_choice":"Card Removal","damage_taken":0,"max_hp_gain":0,"max_hp_loss":0,"event_name":"The Cleric","floor":2,"gold_loss":50},{"damage_healed":0,"gold_gain":0,"player_choice":"Take Damage","damage_taken":17,"relics_obtained":["Golden Idol"],"max_hp_gain":0,"max_hp_loss":0,"event_name":"Golden Idol","floor":3,"gold_loss":0},{"cards_removed":["Defend_G"],"damage_healed":0,"gold_gain":0,"player_choice":"Offered Basic","damage_taken":0,"max_hp_gain":0,"max_hp_loss":0,"event_name":"Bonfire Elementals","floor":4,"gold_loss":0},{"damage_healed":0,"gold_gain":100,"player_choice":"Pray","damage_taken":0,"max_hp_gain":0,"max_hp_loss":0,"event_name":"Golden Shrine","floor":8,"gold_loss":0},{"cards_removed":["Strike_G"],"damage_healed":0,"gold_gain":0,"player_choice":"Gave Gold","damage_taken":0,"max_hp_gain":0,"max_hp_loss":0,"event_name":"Beggar","floor":21,"gold_loss":75},{"damage_healed":0,"gold_gain":0,"player_choice":"Gave Idol","damage_taken":0,"relics_obtained":["Bloody Idol"],"max_hp_gain":0,"max_hp_loss":0,"event_name":"Forgotten Altar","floor":29,"relics_lost":["Golden Idol"],"gold_loss":0},{"damage_healed":0,"gold_gain":0,"player_choice":"Max HP","damage_taken":0,"max_hp_gain":0,"max_hp_loss":4,"event_name":"Winding Halls","floor":38,"gold_loss":0},{"damage_healed":0,"gold_gain":0,"player_choice":"Memory 2","damage_taken":5,"max_hp_gain":0,"max_hp_loss":0,"event_name":"SensoryStone","floor":39,"gold_loss":0},{"cards_removed":["All Out Attack"],"damage_healed":0,"gold_gain":0,"player_choice":"Removed Attack","damage_taken":0,"max_hp_gain":0,"max_hp_loss":0,"event_name":"Falling","floor":45,"gold_loss":0}],"is_beta":false,"boss_relics":[{"not_picked":["Coffee Dripper","Calling Bell"],"picked":"WristBlade"},{"not_picked":["Runic Dome","Velvet Choker"],"picked":"Astrolabe"}],"items_purged_floors":[24,36],"is_endless":false,"potions_floor_spawned":[10,12,13,14,19,23,27,31,41,48],"killed_by":"The Heart","ascension_level":4}