{"gold_per_floor":[114,133,212,212,227,227,255,255,278,309,325,101,113,113,113,211,261,271,281,114,133,133,133,160,160,207,207,218,251,22,50,50,152,152,163,40,55,66,85,116,116,144,144,144,156,166,166,43,43,43],"floor_reached":51,"playtime":3503,"items_purged":["Strike_G","Strike_G","Strike_G","Strike_G","Parasite"],"score":1025,"play_id":"a94fc693-a3fd-4522-b394-8e4463eb68da","local_time":"20210722004711","is_ascension_mode":true,"campfire_choices":[{"data":"Backstab","floor":6.0,"key":"SMITH"},{"data":"Blade Dance","floor":8.0,"key":"SMITH"},{"floor":15.0,"key":"REST"},{"data":"1","floor":23.0,"key":"LIFT"},{"data":"2","floor":25.0,"key":"LIFT"},{"data":"3","floor":27.0,"key":"LIFT"},{"data":"Wraith Form v2","floor":32.0,"key":"SMITH"},{"data":"Strike_G","floor":41.0,"key":"PURGE"},{"floor":44.0,"key":"REST"},{"data":"Defend_G","floor":49,"key":"PURGE"}],"neow_cost":"NONE","seed_source_timestamp":83192703457500,"circlet_count":0,"master_deck":["Defend_G","Defend_G","Defend_G","Defend_G","Survivor","Neutralize","Backstab+1","Blade Dance+1","Sucker Punch","Slice+1","Blade Dance","Cloak And Dagger","PiercingWail","Adrenaline","Malaise","Blade Dance","Well Laid Plans","Outmaneuver+1","Wraith Form v2+1","Calculated Gamble","Noxious Fumes","After Image","PiercingWail","Adrenaline","Burst","Cloak And Dagger+1","Burst+1"],"special_seed":0,"relics":["Ring of the Snake","Bronze Scales","Strawberry","Oddly Smooth Stone","Tiny House","Girya","Singing Bowl","Smiling Mask","Lantern","Bird Faced Urn","Fusion Hammer","Peace Pipe","Toxic Egg 2","Pear"],"potions_floor_usage":[50],"damage_taken":[{"damage":0.0,"enemies":"Small Slimes","floor":1.0,"turns":3.0},{"damage":0.0,"enemies":"Jaw Worm","floor":2.0,"turns":4.0},{"damage":0.0,"enemies":"2 Louse","floor":5.0,"turns":2.0},{"damage":16.0,"enemies":"Gremlin Nob","floor":7.0,"turns":5.0},{"damage":22.0,"enemies":"Lagavulin","floor":10.0,"turns":5.0},{"damage":0.0,"enemies":"Exordium Thugs","floor":11.0,"turns":4.0},{"damage":0.0,"enemies":"Gremlin Gang","floor":13.0,"turns":3.0},{"damage":22.0,"enemies":"The Guardian","floor":16.0,"turns":13.0},{"damage":8.0,"enemies":"2 Thieves","floor":18.0,"turns":4.0},{"damage":0.0,"enemies":"3 Byrds","floor":19.0,"turns":4.0},{"damage":1.0,"enemies":"Snecko","floor":21.0,"turns":7.0},{"damage":20.0,"enemies":"Gremlin Leader","floor":24.0,"turns":8.0},{"damage":0.0,"enemies":"3 Cultists","floor":28.0,"turns":4.0},{"damage":7.0,"enemies":"Slavers","floor":29.0,"turns":4.0},{"damage":5.0,"enemies":"Gremlin Leader","floor":31.0,"turns":7.0},{"damage":30.0,"enemies":"Champ","floor":33.0,"turns":9.0},{"damage":16.0,"enemies":"3 Darklings","floor":35.0,"turns":6.0},{"damage":0.0,"enemies":"Orb Walker","floor":37.0,"turns":3.0},{"damage":0.0,"enemies":"Transient","floor":38.0,"turns":5.0},{"damage":7.0,"enemies":"3 Darklings","floor":39.0,"turns":6.0},{"damage":36.0,"enemies":"Nemesis","floor":40.0,"turns":9.0},{"damage":13.0,"enemies":"Giant Head","floor":42.0,"turns":9.0},{"damage":1.0,"enemies":"4 Shapes","floor":45.0,"turns":7.0},{"damage":1,"enemies":"Writhing Mass","floor":46,"turns":8},{"damage":22,"enemies":"Awakened One","floor":50,"turns":19}],"seed_played":"5445501705535453996","potions_obtained":[{"floor":2.0,"key":"Block Potion"},{"floor":5.0,"key":"SpeedPotion"},{"floor":10.0,"key":"FairyPotion"},{"floor":17.0,"key":"Block Potion"},{"floor":18.0,"key":"LiquidMemories"},{"floor":24.0,"key":"Poison Potion"},{"floor":29.0,"key":"Swift Potion"},{"floor":40.0,"key":"Weak Potion"},{"floor":45.0,"key":"Poison Potion"}],"is_trial":false,"path_per_floor":["M","M","?","?","M","R","E","R","T","E","M","$","M","?","R","B",null,"M","M","$","M","?","R","E","R","T","R","M","E","$","E","R","B",null,"M","$","M","M","M","E","R","E","T","R","M","M","?","$","R","B",null],"character_chosen":"THE_SILENT","items_purchased":["Adrenaline","Regen Potion","Well Laid Plans","CultistPotion","Calculated Gamble","PiercingWail","PowerPotion","Ancient Potion"],"campfire_rested":2,"item_purchase_floors":[12,12,20,30,30,36,36,48],"current_hp_per_floor":[63,63,63,63,63,63,47,47,54,32,32,32,32,32,55,48,75,67,67,67,66,66,66,48,48,48,48,50,43,43,38,38,14,68,58,58,66,74,75,45,45,40,50,80,87,94,94,94,94,78],"gold":43,"neow_bonus":"THREE_CARDS","is_prod":false,"is_daily":false,"chose_seed":false,"campfire_upgraded":3,"win_rate":0,"timestamp":1626929231,"path_taken":["M","M","?","?","M","R","E","R","T","E","M","$","?","?","R","BOSS","M","M","$","M","?","R","E","R","T","R","M","E","?","E","R","BOSS","M","$","M","M","M","E","R","E","T","R","?","M","?","?","R","BOSS"],"build_version":"2020-12-22","purchased_purges":5,"victory":true,"max_hp_per_floor":[70,70,70,70,70,70,70,70,77,77,77,77,77,77,77,77,82,82,82,82,82,82,82,84,84,84,84,86,86,86,86,86,86,86,88,88,90,90,92,92,92,92,102,102,102,104,99,96,96,96],"card_choices":[{"not_picked":["Backflip","Outmaneuver"],"picked":"Backstab","floor":0.0},{"not_picked":["Sucker Punch","Backstab"],"picked":"Blade Dance","floor":1.0},{"not_picked":["Slice","Quick Slash"],"picked":"Sucker Punch","floor":2.0},{"not_picked":["Underhanded Strike","Outmaneuver"],"picked":"Slice","floor":5.0},{"not_picked":["After Image","Backflip"],"picked":"Blade Dance","floor":7.0},{"not_picked":["Dodge and Roll","Quick Slash"],"picked":"Cloak And Dagger","floor":10.0},{"not_picked":["All Out Attack","Blur"],"picked":"PiercingWail","floor":11.0},{"not_picked":["Quick Slash","PiercingWail","Backflip"],"picked":"SKIP","floor":13.0},{"not_picked":["Corpse Explosion","Envenom"],"picked":"Malaise","floor":16.0},{"not_picked":["Setup","Choke","Dagger Throw"],"picked":"SKIP","floor":18.0},{"not_picked":["Dodge and Roll","Dagger Spray"],"picked":"Blade Dance","floor":19.0},{"not_picked":["Eviscerate","Quick Slash"],"picked":"Outmaneuver+1","floor":21.0},{"not_picked":["Underhanded Strike+1","Catalyst","Deadly Poison"],"picked":"Singing Bowl","floor":24.0},{"not_picked":["Poisoned Stab+1","Sucker Punch+1","Well Laid Plans"],"picked":"Singing Bowl","floor":28.0},{"not_picked":["Deflect","Riddle With Holes+1"],"picked":"Wraith Form v2","floor":29.0},{"not_picked":["Skewer","Crippling Poison"],"picked":"Noxious Fumes","floor":31.0},{"not_picked":["Doppelganger","Tools of the Trade"],"picked":"After Image","floor":33.0},{"not_picked":["Distraction","Eviscerate+1","Bane+1"],"picked":"Singing Bowl","floor":35.0},{"not_picked":["Deflect","PiercingWail","Catalyst+1"],"picked":"Singing Bowl","floor":37.0},{"not_picked":["Dagger Spray+1","Endless Agony"],"picked":"Adrenaline","floor":38.0},{"not_picked":["Quick Slash+1","Deadly Poison+1","Bane"],"picked":"Singing Bowl","floor":39.0},{"not_picked":["Blur+1","Cloak And Dagger+1"],"picked":"Burst","floor":40.0},{"not_picked":["Deflect+1","Eviscerate"],"picked":"Cloak And Dagger+1","floor":42.0},{"not_picked":["Bane","Dagger Throw+1"],"picked":"Burst+1","floor":45.0},{"not_picked":["Flying Knee+1","Skewer+1","Cloak And Dagger+1"],"picked":"Singing Bowl","floor":46}],"player_experience":514869,"relics_obtained":[{"floor":7.0,"key":"Bronze Scales"},{"floor":9.0,"key":"Strawberry"},{"floor":10.0,"key":"Oddly Smooth Stone"},{"floor":24.0,"key":"Singing Bowl"},{"floor":26.0,"key":"Smiling Mask"},{"floor":29.0,"key":"Lantern"},{"floor":31.0,"key":"Bird Faced Urn"},{"floor":40.0,"key":"Peace Pipe"},{"floor":42.0,"key":"Toxic Egg 2"},{"floor":43.0,"key":"Pear"}],"event_choices":[{"damage_healed":0.0,"max_hp_gain":0.0,"max_hp_loss":0.0,"gold_gain":79.0,"event_name":"Golden Wing","player_choice":"Gained Gold","floor":3.0,"gold_loss":0.0,"damage_taken":0.0},{"damage_healed":0.0,"max_hp_gain":0.0,"max_hp_loss":0.0,"gold_gain":0.0,"event_name":"Liars Game","player_choice":"Ignored","floor":4.0,"gold_loss":0.0,"damage_taken":0.0},{"damage_healed":0.0,"max_hp_gain":0.0,"max_hp_loss":0.0,"gold_gain":0.0,"event_name":"Golden Idol","player_choice":"Ignored","floor":14.0,"gold_loss":0.0,"damage_taken":0.0},{"damage_healed":0.0,"max_hp_gain":0.0,"max_hp_loss":0.0,"gold_gain":0.0,"event_name":"WeMeetAgain","player_choice":"Gave Potion","floor":22.0,"gold_loss":0.0,"damage_taken":0.0,"relics_obtained":["Girya"]},{"damage_healed":0,"gold_gain":0,"player_choice":"Max HP","damage_taken":0,"max_hp_gain":0,"max_hp_loss":5,"event_name":"Winding Halls","floor":47,"gold_loss":0}],"is_beta":false,"boss_relics":[{"not_picked":["Ectoplasm","SacredBark"],"picked":"Tiny House"},{"not_picked":["Runic Dome","Black Star"],"picked":"Fusion Hammer"}],"items_purged_floors":[12,20,30,36,48],"is_endless":false,"potions_floor_spawned":[2,5,10,13,18,24,29,40,45,46],"ascension_level":6}