{"gold_per_floor":[111,131,142,159,159,184,197,197,223,223,258,223,223,27,27,128,128,145,145,162,162,195,195,221,234,257,282,295,15,30,62,62,166,166,184,197,197,217,127,127,152,152,152,163,176,201,201,201],"floor_reached":48,"playtime":2774,"items_purged":["Strike_G","Strike_G+1"],"score":946,"play_id":"0d0f3cce-e30e-4568-b5ea-ffc418291d7a","local_time":"20210823231140","is_ascension_mode":true,"campfire_choices":[{"floor":8.0,"key":"REST"},{"data":"Predator","floor":10.0,"key":"SMITH"},{"data":"Bouncing Flask","floor":13.0,"key":"SMITH"},{"data":"Dash","floor":15.0,"key":"SMITH"},{"data":"Calculated Gamble","floor":23.0,"key":"SMITH"},{"data":"Blade Dance","floor":32,"key":"SMITH"},{"data":"Dodge and Roll","floor":40,"key":"SMITH"},{"data":"Night Terror","floor":42,"key":"SMITH"}],"neow_cost":"NONE","seed_source_timestamp":1110747487802400,"circlet_count":0,"master_deck":["Defend_G+1","Defend_G+1","Defend_G+1","Defend_G+1","Defend_G+1","Survivor","Neutralize","Predator+1","Sucker Punch","Blade Dance+1","Dagger Spray","Well Laid Plans","Calculated Gamble+1","Bouncing Flask+1","Dash+1","Malaise","Dodge and Roll+1","PiercingWail","PiercingWail","Accuracy","Accuracy+1","Crippling Poison","Night Terror+1","Acrobatics","Accuracy+1","Bouncing Flask+1","Escape Plan+1","Caltrops+1"],"special_seed":0,"relics":["Ring of the Snake","Ancient Tea Set","Bronze Scales","Orichalcum","Coffee Dripper","Red Mask","Bag of Marbles","Nunchaku","ClockworkSouvenir","Pear","SlaversCollar","Eternal Feather","Shuriken","Incense Burner"],"potions_floor_usage":[24,33,33,41,44,45],"damage_taken":[{"damage":8.0,"enemies":"Jaw Worm","floor":1.0,"turns":8.0},{"damage":2.0,"enemies":"Small Slimes","floor":2.0,"turns":3.0},{"damage":0.0,"enemies":"2 Louse","floor":3.0,"turns":3.0},{"damage":2.0,"enemies":"2 Fungi Beasts","floor":4.0,"turns":4.0},{"damage":29.0,"enemies":"3 Sentries","floor":6.0,"turns":8.0},{"damage":7.0,"enemies":"Looter","floor":7.0,"turns":4.0},{"damage":32.0,"enemies":"Lagavulin","floor":11.0,"turns":7.0},{"damage":0.0,"enemies":"Hexaghost","floor":16.0,"turns":7.0},{"damage":0.0,"enemies":"Chosen","floor":18.0,"turns":4.0},{"damage":3.0,"enemies":"Shell Parasite","floor":20.0,"turns":5.0},{"damage":8.0,"enemies":"Masked Bandits","floor":22.0,"turns":4.0},{"damage":8,"enemies":"Slavers","floor":24,"turns":5},{"damage":8,"enemies":"Shelled Parasite and Fungi","floor":25,"turns":7},{"damage":0,"enemies":"Book of Stabbing","floor":27,"turns":5},{"damage":0,"enemies":"Cultist and Chosen","floor":28,"turns":6},{"damage":0,"enemies":"Snecko","floor":30,"turns":4},{"damage":14,"enemies":"Gremlin Leader","floor":31,"turns":8},{"damage":52,"enemies":"Champ","floor":33,"turns":14},{"damage":10,"enemies":"3 Darklings","floor":35,"turns":5},{"damage":5,"enemies":"Orb Walker","floor":36,"turns":3},{"damage":0,"enemies":"4 Shapes","floor":38,"turns":8},{"damage":14,"enemies":"Reptomancer","floor":41,"turns":6},{"damage":1,"enemies":"3 Darklings","floor":44,"turns":4},{"damage":14,"enemies":"Writhing Mass","floor":45,"turns":6},{"damage":37,"enemies":"Nemesis","floor":46,"turns":5},{"damage":7,"enemies":"Maw","floor":48,"turns":4}],"seed_played":"5795676741371927985","potions_obtained":[{"floor":1.0,"key":"SmokeBomb"},{"floor":6.0,"key":"PowerPotion"},{"floor":11.0,"key":"DistilledChaos"},{"floor":16.0,"key":"FairyPotion"},{"floor":20.0,"key":"Swift Potion"},{"floor":22.0,"key":"Explosive Potion"},{"floor":24,"key":"AttackPotion"},{"floor":35,"key":"SkillPotion"},{"floor":36,"key":"LiquidMemories"},{"floor":41,"key":"Swift Potion"},{"floor":45,"key":"Strength Potion"}],"is_trial":false,"path_per_floor":["M","M","M","M","?","E","M","R","T","R","E","?","R","$","R","B",null,"M","?","M","?","?","R","E","M","T","E","M","$","M","E","R","B",null,"M","M","T","M","?","R","E","R","T","M","M","E","?","M"],"character_chosen":"THE_SILENT","items_purchased":["Dash","Dexterity Potion","Crippling Poison","ClockworkSouvenir"],"campfire_rested":1,"item_purchase_floors":[14,14,29,29],"current_hp_per_floor":[55,53,53,51,56,27,20,42,42,42,10,28,28,28,28,28,63,63,63,60,60,52,52,44,36,36,36,36,36,36,32,32,25,70,60,55,55,55,55,55,41,56,56,55,41,4,4,0],"gold":201,"neow_bonus":"RANDOM_COMMON_RELIC","is_prod":false,"is_daily":false,"chose_seed":false,"campfire_upgraded":7,"win_rate":0,"timestamp":1629774700,"path_taken":["M","M","M","M","?","E","M","R","T","R","E","?","R","$","R","BOSS","M","?","M","?","?","R","E","?","T","E","M","?","M","E","R","BOSS","M","M","?","M","?","R","E","R","T","M","?","E","?","M"],"build_version":"2020-12-22","purchased_purges":2,"victory":false,"max_hp_per_floor":[70,70,70,70,75,75,75,75,75,75,75,75,75,75,75,75,75,75,75,75,75,75,75,75,75,75,75,75,75,75,85,85,85,85,85,85,85,85,85,85,85,85,85,85,85,85,85,85],"card_choices":[{"not_picked":["Prepared","PiercingWail"],"picked":"Predator","floor":1.0},{"not_picked":["Cloak And Dagger","Outmaneuver"],"picked":"Sucker Punch","floor":2.0},{"not_picked":["Dodge and Roll","Dagger Throw"],"picked":"Blade Dance","floor":3.0},{"not_picked":["Acrobatics","Blur"],"picked":"Dagger Spray","floor":4.0},{"not_picked":["Endless Agony","Doppelganger"],"picked":"Well Laid Plans","floor":6.0},{"not_picked":["Skewer","Choke"],"picked":"Calculated Gamble","floor":7.0},{"not_picked":["Bane","Catalyst"],"picked":"Bouncing Flask","floor":11.0},{"not_picked":["Envenom","Venomology"],"picked":"Malaise","floor":16.0},{"not_picked":["Underhanded Strike","Flying Knee"],"picked":"Dodge and Roll","floor":18.0},{"not_picked":["Bane","Concentrate","Outmaneuver"],"picked":"SKIP","floor":20.0},{"not_picked":["Bane","Concentrate","Outmaneuver"],"picked":"SKIP","floor":20.0},{"not_picked":["Outmaneuver","Underhanded Strike"],"picked":"PiercingWail","floor":22.0},{"not_picked":["Grand Finale","Quick Slash","PiercingWail"],"picked":"SKIP","floor":24},{"not_picked":["Well Laid Plans","PiercingWail"],"picked":"Accuracy","floor":25},{"not_picked":["Riddle With Holes","Backstab","Dagger Throw"],"picked":"SKIP","floor":27},{"not_picked":["Outmaneuver+1","Dagger Spray"],"picked":"Accuracy+1","floor":28},{"not_picked":["Dagger Throw","Choke","Outmaneuver"],"picked":"SKIP","floor":30},{"not_picked":["Underhanded Strike","All Out Attack+1","Prepared"],"picked":"SKIP","floor":31},{"not_picked":["Tools of the Trade","Phantasmal Killer"],"picked":"Night Terror","floor":33},{"not_picked":["Deadly Poison+1","Leg Sweep+1"],"picked":"Acrobatics","floor":35},{"not_picked":["Skewer","Outmaneuver"],"picked":"Accuracy+1","floor":36},{"not_picked":["Deflect","Bane"],"picked":"Bouncing Flask","floor":38},{"not_picked":["Reflex","Concentrate"],"picked":"Escape Plan+1","floor":41},{"not_picked":["Dodge and Roll","Sucker Punch+1","Predator"],"picked":"SKIP","floor":44},{"not_picked":["Flying Knee+1","Riddle With Holes+1","Eviscerate+1"],"picked":"SKIP","floor":45},{"not_picked":["Prepared+1","Underhanded Strike+1"],"picked":"Caltrops+1","floor":46}],"player_experience":709754,"relics_obtained":[{"floor":9.0,"key":"Bronze Scales"},{"floor":11.0,"key":"Orichalcum"},{"floor":22.0,"key":"Red Mask"},{"floor":26,"key":"Bag of Marbles"},{"floor":27,"key":"Nunchaku"},{"floor":31,"key":"Pear"},{"floor":41,"key":"Eternal Feather"},{"floor":43,"key":"Shuriken"},{"floor":46,"key":"Incense Burner"}],"event_choices":[{"damage_healed":0.0,"max_hp_gain":5.0,"max_hp_loss":0.0,"gold_gain":0.0,"event_name":"Big Fish","player_choice":"Donut","floor":5.0,"gold_loss":0.0,"damage_taken":0.0},{"damage_healed":18.0,"max_hp_gain":0.0,"max_hp_loss":0.0,"gold_gain":0.0,"event_name":"The Cleric","player_choice":"Healed","floor":12.0,"gold_loss":35.0,"damage_taken":0.0},{"damage_healed":0.0,"max_hp_gain":0.0,"max_hp_loss":0.0,"gold_gain":0.0,"event_name":"Back to Basics","player_choice":"Simplicity","floor":19.0,"gold_loss":0.0,"damage_taken":0.0,"cards_upgraded":["Strike_G","Strike_G","Strike_G","Strike_G","Defend_G","Defend_G","Defend_G","Defend_G","Defend_G"]},{"damage_healed":0.0,"max_hp_gain":0.0,"max_hp_loss":0.0,"gold_gain":0.0,"cards_transformed":["Strike_G","Strike_G"],"event_name":"Drug Dealer","player_choice":"Became Test Subject","floor":21.0,"gold_loss":0.0,"damage_taken":0.0,"cards_obtained":["Eviscerate","PiercingWail"]},{"damage_healed":0.0,"max_hp_gain":0.0,"max_hp_loss":0.0,"gold_gain":0.0,"event_name":"Masked Bandits","player_choice":"Fought Bandits","floor":22.0,"gold_loss":0.0,"damage_taken":0.0},{"cards_removed":["Strike_G"],"damage_healed":0,"gold_gain":0,"player_choice":"Upgrade and Remove","damage_taken":0,"max_hp_gain":0,"max_hp_loss":0,"event_name":"Designer","floor":39,"gold_loss":90,"cards_upgraded":["Bouncing Flask"]},{"cards_removed":["Eviscerate"],"damage_healed":0,"gold_gain":0,"player_choice":"Removed Attack","damage_taken":0,"max_hp_gain":0,"max_hp_loss":0,"event_name":"Falling","floor":47,"gold_loss":0}],"is_beta":false,"boss_relics":[{"not_picked":["SacredBark","HoveringKite"],"picked":"Coffee Dripper"},{"not_picked":["Tiny House","Pandora\u0027s Box"],"picked":"SlaversCollar"}],"items_purged_floors":[14,29],"is_endless":false,"potions_floor_spawned":[1,6,11,16,20,22,24,27,30,31,35,36,41,45],"killed_by":"Maw","ascension_level":9}