{"gold_per_floor":[117,133,153,169,169,169,2,37,60,74,89,89,132,160,160,160],"floor_reached":16,"playtime":684,"items_purged":[],"score":165,"play_id":"ac5a6e0d-7b2a-44ec-a2e1-bbc55e7cd119","local_time":"20210824144801","is_ascension_mode":true,"campfire_choices":[{"data":"Riddle With Holes","floor":6,"key":"SMITH"},{"data":"Dash","floor":12,"key":"SMITH"},{"data":"Footwork","floor":15,"key":"SMITH"}],"neow_cost":"NONE","seed_source_timestamp":1169091806849600,"circlet_count":0,"master_deck":["Strike_G","Strike_G","Strike_G","Strike_G","Defend_G","Defend_G","Defend_G","Defend_G","Defend_G","Survivor","Neutralize","Bane","Riddle With Holes+1","Blade Dance","Slice","Poisoned Stab","Catalyst","Footwork+1","Dash+1","Cloak And Dagger","Wraith Form v2","Blade Dance"],"relics":["Ring of the Snake","Bag of Preparation","CeramicFish"],"potions_floor_usage":[8,16],"damage_taken":[{"damage":6,"enemies":"Cultist","floor":1,"turns":4},{"damage":0,"enemies":"2 Louse","floor":2,"turns":4},{"damage":1,"enemies":"Small Slimes","floor":3,"turns":3},{"damage":0,"enemies":"Red Slaver","floor":4,"turns":5},{"damage":20,"enemies":"Lagavulin","floor":8,"turns":8},{"damage":10,"enemies":"2 Fungi Beasts","floor":10,"turns":3},{"damage":3,"enemies":"Large Slime","floor":11,"turns":4},{"damage":8,"enemies":"Gremlin Nob","floor":13,"turns":3},{"damage":3,"enemies":"Gremlin Gang","floor":14,"turns":6},{"damage":23,"enemies":"The Guardian","floor":16,"turns":12}],"seed_played":"4724873410745495868","potions_obtained":[{"floor":1,"key":"Weak Potion"},{"floor":4,"key":"Dexterity Potion"},{"floor":10,"key":"SpeedPotion"},{"floor":13,"key":"LiquidBronze"},{"floor":14,"key":"Weak Potion"}],"is_trial":false,"path_per_floor":["M","M","M","M","?","R","$","E","T","M","M","R","E","M","R","B"],"character_chosen":"THE_SILENT","items_purchased":["Poisoned Stab","Catalyst","Footwork"],"campfire_rested":0,"item_purchase_floors":[7,7,7],"current_hp_per_floor":[64,64,63,63,63,63,63,43,43,33,30,30,22,19,19,0],"gold":160,"neow_bonus":"TEN_PERCENT_HP_BONUS","is_prod":false,"is_daily":false,"chose_seed":false,"campfire_upgraded":3,"win_rate":0,"timestamp":1629830881,"path_taken":["M","M","M","M","?","R","?","E","T","M","M","R","E","M","R","BOSS"],"build_version":"2020-12-22","purchased_purges":0,"victory":false,"max_hp_per_floor":[77,77,77,77,77,77,77,77,77,77,77,77,77,77,77,77],"card_choices":[{"not_picked":["Caltrops","Heel Hook"],"picked":"Bane","floor":1},{"not_picked":["Underhanded Strike","Outmaneuver"],"picked":"Riddle With Holes","floor":2},{"not_picked":["Acrobatics","Dodge and Roll"],"picked":"Blade Dance","floor":3},{"not_picked":["Heel Hook","Bouncing Flask"],"picked":"Slice","floor":4},{"not_picked":["Reflex","Skewer","Flying Knee"],"picked":"SKIP","floor":8},{"not_picked":["Slice","Blur"],"picked":"Dash","floor":10},{"not_picked":["Expertise","Tactician"],"picked":"Cloak And Dagger","floor":11},{"not_picked":["Acrobatics","Underhanded Strike"],"picked":"Wraith Form v2","floor":13},{"not_picked":["Quick Slash","Dash"],"picked":"Blade Dance","floor":14}],"player_experience":714436,"relics_obtained":[{"floor":8,"key":"Bag of Preparation"},{"floor":13,"key":"CeramicFish"}],"event_choices":[{"cards_removed":["Strike_G"],"damage_healed":0,"gold_gain":0,"player_choice":"Offered Basic","damage_taken":0,"max_hp_gain":0,"max_hp_loss":0,"event_name":"Bonfire Elementals","floor":5,"gold_loss":0}],"is_beta":false,"boss_relics":[],"items_purged_floors":[],"is_endless":false,"potions_floor_spawned":[1,4,10,13,14],"killed_by":"The Guardian","ascension_level":9}