{"gold_per_floor":[114,114,131,146,44,44,64,99,126,126,161,161,171,182,182,277,277,292,292,311,60,74,100,119,119,200,275,3,29,29,56,56,152,152,163,5,24,24,35,69,84,113,161,175,200,210,210,228,228,228,228,228,29,59,59],"floor_reached":56,"playtime":2704,"items_purged":["Strike_G","Strike_G","Strike_G","Strike_G"],"score":1763,"play_id":"70e2b46f-319d-460f-a3cd-8f32d350cfd2","local_time":"20210825023036","is_ascension_mode":true,"campfire_choices":[{"data":"Backstab","floor":6.0,"key":"SMITH"},{"floor":10.0,"key":"REST"},{"floor":12.0,"key":"REST"},{"data":"Accuracy","floor":15.0,"key":"SMITH"},{"data":"Blade Dance","floor":25,"key":"SMITH"},{"data":"Blade Dance","floor":30,"key":"SMITH"},{"data":"Footwork","floor":32,"key":"SMITH"},{"floor":47,"key":"RECALL"},{"floor":49,"key":"REST"},{"floor":52,"key":"REST"}],"neow_cost":"NONE","seed_source_timestamp":1209172511573600,"circlet_count":0,"master_deck":["Strike_G","Defend_G","Defend_G","Defend_G","Defend_G","Defend_G","Survivor","Neutralize","Malaise","Blade Dance+1","Backstab+1","Quick Slash","Leg Sweep","Accuracy+1","Blade Dance+1","Deflect","After Image","Blur","Accuracy","Backflip+1","Cloak And Dagger+1","Footwork+1","Backstab+1","PiercingWail+1","Wraith Form v2+1","Accuracy","Wraith Form v2","Dodge and Roll+1","Footwork+1","Infinite Blades+1","Blur+1","Acrobatics+1","Blade Dance+1","Dodge and Roll"],"special_seed":0,"relics":["Ring of the Snake","Smiling Mask","Orichalcum","MealTicket","Pantograph","WristBlade","OrangePellets","Sundial","Ninja Scroll","Vajra","Boot","Pear","Fusion Hammer","Toy Ornithopter","Blood Vial","Bottled Tornado","Blue Candle"],"potions_floor_usage":[16,18,29,33,37,39,50,53,55,55],"damage_taken":[{"damage":0.0,"enemies":"Small Slimes","floor":1.0,"turns":5.0},{"damage":0.0,"enemies":"2 Louse","floor":3.0,"turns":2.0},{"damage":3.0,"enemies":"Cultist","floor":4.0,"turns":3.0},{"damage":6.0,"enemies":"Looter","floor":7.0,"turns":3.0},{"damage":27.0,"enemies":"3 Sentries","floor":8.0,"turns":12.0},{"damage":23.0,"enemies":"Lagavulin","floor":11.0,"turns":11.0},{"damage":2.0,"enemies":"Exordium Thugs","floor":13.0,"turns":6.0},{"damage":0.0,"enemies":"2 Fungi Beasts","floor":14.0,"turns":2.0},{"damage":13,"enemies":"The Guardian","floor":16,"turns":11},{"damage":1,"enemies":"Chosen","floor":18,"turns":6},{"damage":0,"enemies":"Spheric Guardian","floor":20,"turns":2},{"damage":0,"enemies":"Chosen and Byrds","floor":22,"turns":5},{"damage":19,"enemies":"Book of Stabbing","floor":23,"turns":7},{"damage":1,"enemies":"Centurion and Healer","floor":24,"turns":6},{"damage":15,"enemies":"Gremlin Leader","floor":29,"turns":6},{"damage":7,"enemies":"Book of Stabbing","floor":31,"turns":3},{"damage":4,"enemies":"Champ","floor":33,"turns":10},{"damage":1,"enemies":"3 Darklings","floor":35,"turns":5},{"damage":0,"enemies":"3 Shapes","floor":37,"turns":6},{"damage":13,"enemies":"Transient","floor":39,"turns":5},{"damage":1,"enemies":"Reptomancer","floor":40,"turns":9},{"damage":0,"enemies":"Jaw Worm Horde","floor":41,"turns":3},{"damage":0,"enemies":"Giant Head","floor":42,"turns":7},{"damage":0,"enemies":"Maw","floor":44,"turns":6},{"damage":11,"enemies":"Nemesis","floor":45,"turns":6},{"damage":0,"enemies":"4 Shapes","floor":46,"turns":4},{"damage":0,"enemies":"Transient","floor":48,"turns":5},{"damage":17,"enemies":"Awakened One","floor":50,"turns":13},{"damage":21,"enemies":"Shield and Spear","floor":54,"turns":6},{"damage":115,"enemies":"The Heart","floor":55,"turns":11}],"seed_played":"7309397805921290464","potions_obtained":[{"floor":1.0,"key":"LiquidBronze"},{"floor":3.0,"key":"SpeedPotion"},{"floor":8.0,"key":"Ancient Potion"},{"floor":13.0,"key":"CultistPotion"},{"floor":14.0,"key":"Block Potion"},{"floor":20,"key":"SkillPotion"},{"floor":33,"key":"Block Potion"},{"floor":35,"key":"AttackPotion"},{"floor":41,"key":"ColorlessPotion"},{"floor":42,"key":"FairyPotion"}],"is_trial":false,"path_per_floor":["M","?","M","M","$","R","M","E","T","R","E","R","M","M","R","B",null,"M","?","M","$","M","E","M","R","T","?","$","E","R","E","R","B",null,"M","$","M","?","M","E","M","E","T","M","E","M","R","M","R","B",null,"R","$","E","B",null],"character_chosen":"THE_SILENT","items_purchased":["Swift Potion","OrangePellets","AttackPotion","Footwork","Vajra","Wraith Form v2","Fruit Juice","PowerPotion"],"campfire_rested":4,"item_purchase_floors":[5,21,21,28,28,36,53,53],"current_hp_per_floor":[63,45,45,42,42,42,36,9,9,30,7,28,26,26,26,38,62,61,61,61,70,70,51,50,50,50,43,58,43,43,46,46,67,77,76,80,80,80,67,66,66,66,66,68,59,61,61,63,80,63,76,80,85,64,1],"gold":59,"neow_bonus":"ONE_RANDOM_RARE_CARD","is_prod":false,"is_daily":false,"chose_seed":false,"campfire_upgraded":5,"win_rate":0,"timestamp":1629873036,"path_taken":["M","?","M","M","$","R","M","E","T","R","E","R","M","M","R","BOSS","M","?","M","$","M","E","M","R","T","?","$","E","R","E","R","BOSS","M","?","M","?","?","E","M","E","T","M","E","M","R","M","R","BOSS","R","$","E","BOSS"],"build_version":"2020-12-22","purchased_purges":4,"victory":true,"max_hp_per_floor":[70,70,70,70,70,70,70,70,70,70,70,70,70,70,70,70,70,70,70,70,70,70,70,70,70,70,70,70,70,70,80,80,80,80,80,80,80,80,80,80,80,80,80,80,80,80,80,80,80,80,80,80,85,85,85],"card_choices":[{"not_picked":["Blur","Heel Hook"],"picked":"Blade Dance","floor":1.0},{"not_picked":["All Out Attack","Dagger Spray"],"picked":"Backstab","floor":3.0},{"not_picked":["Deflect","PiercingWail","Deadly Poison"],"picked":"SKIP","floor":4.0},{"not_picked":["Escape Plan","Flechettes"],"picked":"Quick Slash","floor":7.0},{"not_picked":["Cloak And Dagger","Deadly Poison"],"picked":"Leg Sweep","floor":8.0},{"not_picked":["Caltrops","Bane"],"picked":"Accuracy","floor":11.0},{"not_picked":["Outmaneuver","Slice"],"picked":"Blade Dance","floor":13.0},{"not_picked":["Bane","Sucker Punch"],"picked":"Deflect","floor":14.0},{"not_picked":["Storm of Steel","A Thousand Cuts"],"picked":"After Image","floor":16},{"not_picked":["Infinite Blades+1","Underhanded Strike"],"picked":"Blur","floor":18},{"not_picked":["Infinite Blades","Acrobatics"],"picked":"Backflip+1","floor":20},{"not_picked":["Flying Knee+1","Concentrate+1","Underhanded Strike"],"picked":"SKIP","floor":22},{"not_picked":["Skewer","Dagger Throw","Bouncing Flask"],"picked":"SKIP","floor":23},{"not_picked":["Blade Dance","Deflect"],"picked":"Cloak And Dagger+1","floor":24},{"not_picked":["Deadly Poison","Doppelganger"],"picked":"Backstab+1","floor":29},{"not_picked":["Prepared","Heel Hook"],"picked":"PiercingWail+1","floor":31},{"not_picked":["A Thousand Cuts","Doppelganger"],"picked":"Wraith Form v2","floor":33},{"not_picked":["Tactician+1","Calculated Gamble+1"],"picked":"Accuracy","floor":35},{"not_picked":["Blade Dance","Backflip+1"],"picked":"Dodge and Roll+1","floor":37},{"not_picked":["Leg Sweep+1","Heel Hook+1"],"picked":"Footwork+1","floor":39},{"not_picked":["Tools of the Trade","Riddle With Holes"],"picked":"Infinite Blades+1","floor":40},{"not_picked":["Accuracy+1","Bane"],"picked":"Blur+1","floor":41},{"not_picked":["Corpse Explosion","Concentrate+1","Sucker Punch"],"picked":"SKIP","floor":42},{"not_picked":["Cloak And Dagger+1","Deadly Poison+1"],"picked":"Acrobatics+1","floor":44},{"not_picked":["Endless Agony+1","Skewer+1","Corpse Explosion"],"picked":"SKIP","floor":45},{"not_picked":["Infinite Blades+1","Bane+1"],"picked":"Blade Dance+1","floor":46},{"not_picked":["Heel Hook","Prepared","Dagger Throw+1"],"picked":"SKIP","floor":48},{"not_picked":["Predator+1","Prepared"],"picked":"Dodge and Roll","floor":54}],"player_experience":733696,"relics_obtained":[{"floor":8.0,"key":"Orichalcum"},{"floor":9.0,"key":"MealTicket"},{"floor":11.0,"key":"Pantograph"},{"floor":23,"key":"Sundial"},{"floor":26,"key":"Ninja Scroll"},{"floor":29,"key":"Boot"},{"floor":31,"key":"Pear"},{"floor":40,"key":"Toy Ornithopter"},{"floor":42,"key":"Blood Vial"},{"floor":45,"key":"Bottled Tornado"},{"floor":54,"key":"Blue Candle"}],"event_choices":[{"damage_healed":0.0,"max_hp_gain":0.0,"max_hp_loss":0.0,"gold_gain":0.0,"event_name":"Scrap Ooze","player_choice":"Success","floor":2.0,"gold_loss":0.0,"damage_taken":18.0,"relics_obtained":["Smiling Mask"]},{"damage_healed":0,"gold_gain":0,"player_choice":"Read","damage_taken":0,"max_hp_gain":0,"max_hp_loss":0,"event_name":"The Library","floor":19,"gold_loss":0,"cards_obtained":["Accuracy"]},{"damage_healed":0,"gold_gain":75,"player_choice":"Touch","damage_taken":7,"max_hp_gain":0,"max_hp_loss":0,"event_name":"FaceTrader","floor":27,"gold_loss":0},{"damage_healed":0,"gold_gain":0,"player_choice":"Forge","damage_taken":0,"max_hp_gain":0,"max_hp_loss":0,"event_name":"Accursed Blacksmith","floor":38,"gold_loss":0,"cards_upgraded":["Wraith Form v2"]}],"is_beta":false,"boss_relics":[{"not_picked":["Snecko Eye","Coffee Dripper"],"picked":"WristBlade"},{"not_picked":["Velvet Choker","Empty Cage"],"picked":"Fusion Hammer"}],"items_purged_floors":[5,21,28,53],"is_endless":false,"potions_floor_spawned":[1,3,8,13,14,20,23,33,35,41,42,45,46],"ascension_level":9}