{"gold_per_floor":[110,120,138,149,149,149,174,124,171,171,171,197,210,230,230,230],"floor_reached":16,"playtime":638,"items_purged":[],"score":179,"play_id":"2f3f9b40-fc54-4210-8efc-c0423e4ed3e7","local_time":"20210906101119","is_ascension_mode":true,"campfire_choices":[{"data":"Blade Dance","floor":6,"key":"SMITH"},{"data":"Poisoned Stab","floor":10,"key":"SMITH"},{"data":"Crippling Poison","floor":15,"key":"SMITH"}],"neow_cost":"NONE","seed_source_timestamp":325892491901100,"circlet_count":0,"master_deck":["AscendersBane","Strike_G","Strike_G","Strike_G","Defend_G+1","Defend_G","Defend_G+1","Defend_G","Defend_G","Survivor","Neutralize","Blade Dance+1","Poisoned Stab+1","Dagger Spray+1","Dagger Throw","Riddle With Holes","Masterful Stab","Crippling Poison+1"],"relics":["Ring of the Snake","The Courier","War Paint","Omamori"],"potions_floor_usage":[7,12,16,16],"damage_taken":[{"damage":5,"enemies":"Small Slimes","floor":1,"turns":5},{"damage":1,"enemies":"2 Louse","floor":2,"turns":3},{"damage":5,"enemies":"Jaw Worm","floor":3,"turns":3},{"damage":16,"enemies":"Gremlin Gang","floor":4,"turns":4},{"damage":17,"enemies":"3 Sentries","floor":7,"turns":7},{"damage":18,"enemies":"Gremlin Nob","floor":12,"turns":3},{"damage":8,"enemies":"Blue Slaver","floor":13,"turns":3},{"damage":0,"enemies":"Red Slaver","floor":14,"turns":3},{"damage":31,"enemies":"Slime Boss","floor":16,"turns":7}],"seed_played":"-323639703106711425","potions_obtained":[{"floor":1,"key":"Poison Potion"},{"floor":3,"key":"Block Potion"},{"floor":13,"key":"Weak Potion"},{"floor":14,"key":"Regen Potion"}],"is_trial":false,"path_per_floor":["M","M","M","M","?","R","E","?","T","R","?","E","M","M","R","B"],"character_chosen":"THE_SILENT","items_purchased":[],"campfire_rested":0,"item_purchase_floors":[],"current_hp_per_floor":[58,57,52,36,36,36,19,19,19,19,42,24,16,16,16,0],"gold":230,"neow_bonus":"REMOVE_CARD","is_prod":false,"is_daily":false,"chose_seed":false,"campfire_upgraded":3,"win_rate":0,"timestamp":1630937479,"path_taken":["M","M","M","M","?","R","E","?","T","R","?","E","M","M","R","BOSS"],"build_version":"2020-12-22","purchased_purges":0,"victory":false,"max_hp_per_floor":[70,70,70,70,70,70,70,70,70,70,70,70,70,70,70,70],"card_choices":[{"not_picked":["Crippling Poison","Quick Slash"],"picked":"Blade Dance","floor":1},{"not_picked":["Choke","Dodge and Roll"],"picked":"Poisoned Stab","floor":2},{"not_picked":["Acrobatics","Infinite Blades"],"picked":"Dagger Spray","floor":3},{"not_picked":["Eviscerate","Catalyst"],"picked":"Dagger Throw","floor":4},{"not_picked":["Deadly Poison","Blur"],"picked":"Riddle With Holes","floor":7},{"not_picked":["PiercingWail","Deadly Poison"],"picked":"Masterful Stab","floor":12},{"not_picked":["Quick Slash","Poisoned Stab","PiercingWail"],"picked":"SKIP","floor":13},{"not_picked":["Riddle With Holes","Bouncing Flask"],"picked":"Crippling Poison","floor":14}],"player_experience":819267,"relics_obtained":[{"floor":7,"key":"The Courier"},{"floor":9,"key":"War Paint"},{"floor":12,"key":"Omamori"}],"event_choices":[{"damage_healed":0,"gold_gain":0,"player_choice":"Grow","damage_taken":0,"max_hp_gain":0,"max_hp_loss":0,"event_name":"Living Wall","floor":5,"gold_loss":0,"cards_upgraded":["Dagger Spray"]},{"cards_removed":["Strike_G"],"damage_healed":0,"gold_gain":0,"player_choice":"Card Removal","damage_taken":0,"max_hp_gain":0,"max_hp_loss":0,"event_name":"The Cleric","floor":8,"gold_loss":50},{"damage_healed":23,"gold_gain":0,"player_choice":"Banana","damage_taken":0,"max_hp_gain":0,"max_hp_loss":0,"event_name":"Big Fish","floor":11,"gold_loss":0}],"is_beta":false,"boss_relics":[],"items_purged_floors":[],"is_endless":false,"potions_floor_spawned":[1,3,4,13,14],"killed_by":"Slime Boss","ascension_level":12}