{"gold_per_floor":[111,125,125,138,148,148,177,32,32,32,57,71,71,87,87,188,188,204,304,319,319,319,319],"floor_reached":23,"playtime":1273,"items_purged":["Strike_G"],"score":302,"play_id":"74713b8c-65f9-43bf-bf50-247edba22aa8","local_time":"20210901161426","is_ascension_mode":true,"campfire_choices":[{"data":"Predator","floor":6.0,"key":"SMITH"},{"floor":13,"key":"REST"},{"data":"Footwork","floor":15,"key":"SMITH"}],"neow_cost":"NONE","seed_source_timestamp":622770065526100,"circlet_count":0,"master_deck":["AscendersBane","Strike_G","Defend_G","Defend_G","Defend_G","Defend_G","Defend_G","Survivor","Neutralize+1","Predator+1","Riddle With Holes","Calculated Gamble","Cloak And Dagger","Well Laid Plans","Deflect","Footwork+1","Footwork","Glass Knife","Poisoned Stab"],"special_seed":0,"relics":["Ring of the Snake","Art of War","Singing Bowl","CaptainsWheel","Snecko Eye"],"potions_floor_usage":[11,16,16],"damage_taken":[{"damage":4.0,"enemies":"2 Louse","floor":1.0,"turns":4.0},{"damage":2.0,"enemies":"Cultist","floor":2.0,"turns":5.0},{"damage":0.0,"enemies":"Jaw Worm","floor":4.0,"turns":5.0},{"damage":2.0,"enemies":"Red Slaver","floor":5.0,"turns":4.0},{"damage":14.0,"enemies":"3 Sentries","floor":7.0,"turns":10.0},{"damage":15,"enemies":"Lagavulin","floor":11,"turns":8},{"damage":11,"enemies":"Looter","floor":12,"turns":3},{"damage":0,"enemies":"Blue Slaver","floor":14,"turns":3},{"damage":10,"enemies":"Hexaghost","floor":16,"turns":18},{"damage":1,"enemies":"Spheric Guardian","floor":18,"turns":4},{"damage":4,"enemies":"Shell Parasite","floor":20,"turns":4},{"damage":75,"enemies":"Gremlin Leader","floor":23,"turns":11}],"seed_played":"2192288451521667585","potions_obtained":[{"floor":1.0,"key":"Block Potion"},{"floor":4.0,"key":"Swift Potion"},{"floor":5.0,"key":"SpeedPotion"},{"floor":12,"key":"Fire Potion"}],"is_trial":false,"path_per_floor":["M","M","?","M","M","R","E","$","T","?","E","M","R","M","R","B",null,"M","?","M","?","?","E"],"character_chosen":"THE_SILENT","items_purchased":["Well Laid Plans"],"campfire_rested":1,"item_purchase_floors":[8],"current_hp_per_floor":[59,57,50,50,48,48,34,34,34,34,19,8,29,29,29,21,59,60,60,58,58,58,0],"gold":319,"neow_bonus":"UPGRADE_CARD","is_prod":false,"is_daily":false,"chose_seed":false,"campfire_upgraded":2,"win_rate":0,"timestamp":1630527266,"path_taken":["M","M","?","M","M","R","E","$","T","?","E","?","R","M","R","BOSS","M","?","?","?","?","E"],"build_version":"2020-12-22","purchased_purges":1,"victory":false,"max_hp_per_floor":[70,70,70,70,70,70,70,70,70,70,70,70,70,70,70,72,72,74,74,76,76,76,76],"card_choices":[{"not_picked":["Flechettes","Prepared","Caltrops"],"picked":"SKIP","floor":1.0},{"not_picked":["Accuracy","Tactician"],"picked":"Predator","floor":2.0},{"not_picked":["Caltrops","Cloak And Dagger"],"picked":"Riddle With Holes","floor":4.0},{"not_picked":["Dodge and Roll","Underhanded Strike"],"picked":"Calculated Gamble","floor":5.0},{"not_picked":["Heel Hook","Outmaneuver"],"picked":"Cloak And Dagger","floor":7.0},{"not_picked":["Choke","Concentrate"],"picked":"Deflect","floor":11},{"not_picked":["Dodge and Roll","Dagger Spray"],"picked":"Footwork","floor":12},{"not_picked":["Calculated Gamble","Sucker Punch"],"picked":"Footwork","floor":14},{"not_picked":["Storm of Steel","Grand Finale","Tools of the Trade"],"picked":"Singing Bowl","floor":16},{"not_picked":["Escape Plan","Prepared","Sucker Punch"],"picked":"Singing Bowl","floor":18},{"not_picked":["Dagger Spray","Deflect","Acrobatics"],"picked":"Singing Bowl","floor":20}],"player_experience":788261,"relics_obtained":[{"floor":7.0,"key":"Art of War"},{"floor":9.0,"key":"Singing Bowl"},{"floor":11,"key":"CaptainsWheel"}],"event_choices":[{"cards_removed":["Strike_G"],"damage_healed":0.0,"max_hp_gain":0.0,"max_hp_loss":0.0,"gold_gain":0.0,"event_name":"Golden Wing","player_choice":"Card Removal","floor":3.0,"gold_loss":0.0,"damage_taken":7.0},{"damage_healed":0,"gold_gain":0,"player_choice":"0 cards matched","damage_taken":0,"max_hp_gain":0,"max_hp_loss":0,"event_name":"Match and Keep!","floor":10,"gold_loss":0,"cards_obtained":[]},{"damage_healed":0,"gold_gain":100,"player_choice":"Pray","damage_taken":0,"max_hp_gain":0,"max_hp_loss":0,"event_name":"Golden Shrine","floor":19,"gold_loss":0},{"damage_healed":0,"gold_gain":0,"player_choice":"Ignored","damage_taken":0,"max_hp_gain":0,"max_hp_loss":0,"event_name":"Vampires","floor":21,"gold_loss":0},{"damage_healed":0,"gold_gain":0,"cards_transformed":["Strike_G","Strike_G"],"player_choice":"Became Test Subject","damage_taken":0,"max_hp_gain":0,"max_hp_loss":0,"event_name":"Drug Dealer","floor":22,"gold_loss":0,"cards_obtained":["Glass Knife","Poisoned Stab"]}],"is_beta":false,"boss_relics":[{"not_picked":["Cursed Key","SacredBark"],"picked":"Snecko Eye"}],"items_purged_floors":[8],"is_endless":false,"potions_floor_spawned":[1,4,5,12],"killed_by":"Gremlin Leader","ascension_level":10}