{"gold_per_floor":[113,133,144,144,144,144,177,21,21,46,46,77,43,77,77,196,196,220,244,294,309,328,328],"floor_reached":23,"playtime":1083,"items_purged":["Strike_G"],"score":312,"play_id":"f3b9da25-38c5-499c-85ce-e505db478b6a","local_time":"20210903142341","is_ascension_mode":true,"campfire_choices":[{"data":"Riddle With Holes","floor":6,"key":"SMITH"},{"data":"Dagger Spray","floor":11,"key":"SMITH"},{"data":"Sucker Punch","floor":15,"key":"SMITH"}],"neow_cost":"NONE","seed_source_timestamp":81393690452800,"circlet_count":0,"master_deck":["AscendersBane","Strike_G","Strike_G","Strike_G","Defend_G","Defend_G","Defend_G","Defend_G","Defend_G","Survivor","Neutralize","Riddle With Holes+1","Sucker Punch+1","Leg Sweep","Dagger Spray+1","Die Die Die","Backstab","Cloak And Dagger","Well Laid Plans","Phantasmal Killer","Footwork+1","Blade Dance","Accuracy"],"relics":["Ring of the Snake","Golden Idol","Boot","Pantograph","Odd Mushroom","Letter Opener","HoveringKite"],"potions_floor_usage":[7,12,22],"damage_taken":[{"damage":1,"enemies":"Cultist","floor":1,"turns":4},{"damage":1,"enemies":"Small Slimes","floor":2,"turns":3},{"damage":4,"enemies":"Jaw Worm","floor":3,"turns":4},{"damage":20,"enemies":"Lagavulin","floor":7,"turns":9},{"damage":3,"enemies":"Looter","floor":10,"turns":4},{"damage":1,"enemies":"The Mushroom Lair","floor":12,"turns":2},{"damage":10,"enemies":"3 Sentries","floor":14,"turns":5},{"damage":30,"enemies":"Hexaghost","floor":16,"turns":15},{"damage":24,"enemies":"Chosen","floor":18,"turns":7},{"damage":4,"enemies":"3 Byrds","floor":19,"turns":4},{"damage":18,"enemies":"Snake Plant","floor":21,"turns":6},{"damage":13,"enemies":"Shelled Parasite and Fungi","floor":22,"turns":7},{"damage":19,"enemies":"Slavers","floor":23,"turns":1}],"seed_played":"-1561145173171647779","potions_obtained":[{"floor":2,"key":"DistilledChaos"},{"floor":10,"key":"Fruit Juice"},{"floor":18,"key":"FairyPotion"},{"floor":19,"key":"SteroidPotion"}],"is_trial":false,"path_per_floor":["M","M","M","?","?","R","E","$","T","M","R","?","$","E","R","B",null,"M","M","?","M","M","E"],"character_chosen":"THE_SILENT","items_purchased":["Die Die Die","Well Laid Plans"],"campfire_rested":0,"item_purchase_floors":[8,13],"current_hp_per_floor":[62,61,57,50,50,50,30,30,30,27,27,31,31,21,21,16,57,33,29,29,11,19,0],"gold":328,"neow_bonus":"THREE_CARDS","is_prod":false,"is_daily":false,"chose_seed":false,"campfire_upgraded":3,"win_rate":0,"timestamp":1630693421,"path_taken":["M","M","M","?","?","R","E","?","T","M","R","?","$","E","R","BOSS","M","M","?","M","?","E"],"build_version":"2020-12-22","purchased_purges":1,"victory":false,"max_hp_per_floor":[70,70,70,70,65,65,65,65,65,65,65,70,70,70,70,70,70,70,70,70,70,70,70],"card_choices":[{"not_picked":["Slice","Escape Plan"],"picked":"Riddle With Holes","floor":0},{"not_picked":["Poisoned Stab","Flying Knee"],"picked":"Sucker Punch","floor":1},{"not_picked":["Escape Plan","Accuracy","Crippling Poison"],"picked":"SKIP","floor":2},{"not_picked":["Sucker Punch","Dodge and Roll"],"picked":"Leg Sweep","floor":3},{"not_picked":["Accuracy","Acrobatics"],"picked":"Dagger Spray","floor":7},{"not_picked":["Noxious Fumes","Wraith Form v2"],"picked":"Backstab","floor":10},{"not_picked":["Dagger Spray","Quick Slash"],"picked":"Cloak And Dagger","floor":12},{"not_picked":["Deflect","Masterful Stab","Night Terror"],"picked":"SKIP","floor":14},{"not_picked":["Deflect","Masterful Stab","Night Terror"],"picked":"SKIP","floor":14},{"not_picked":["Night Terror","Doppelganger"],"picked":"Phantasmal Killer","floor":16},{"not_picked":["Eviscerate","Dodge and Roll"],"picked":"Footwork+1","floor":18},{"not_picked":["Expertise","Infinite Blades+1","Poisoned Stab"],"picked":"SKIP","floor":19},{"not_picked":["Leg Sweep","Eviscerate"],"picked":"Blade Dance","floor":21},{"not_picked":["Bane","Flying Knee"],"picked":"Accuracy","floor":22}],"player_experience":804620,"relics_obtained":[{"floor":7,"key":"Boot"},{"floor":9,"key":"Pantograph"},{"floor":12,"key":"Odd Mushroom"},{"floor":14,"key":"Letter Opener"}],"event_choices":[{"cards_removed":["Strike_G"],"damage_healed":0,"gold_gain":0,"player_choice":"Card Removal","damage_taken":7,"max_hp_gain":0,"max_hp_loss":0,"event_name":"Golden Wing","floor":4,"gold_loss":0},{"damage_healed":0,"gold_gain":0,"player_choice":"Lose Max HP","damage_taken":0,"relics_obtained":["Golden Idol"],"max_hp_gain":0,"max_hp_loss":5,"event_name":"Golden Idol","floor":5,"gold_loss":0},{"damage_healed":0,"gold_gain":0,"player_choice":"Fought Mushrooms","damage_taken":0,"max_hp_gain":0,"max_hp_loss":0,"event_name":"Mushrooms","floor":12,"gold_loss":0},{"damage_healed":0,"gold_gain":100,"player_choice":"Bet on Murderer","damage_taken":0,"max_hp_gain":0,"max_hp_loss":0,"event_name":"The Joust","floor":20,"gold_loss":50}],"is_beta":false,"boss_relics":[{"not_picked":["Fusion Hammer","Sozu"],"picked":"HoveringKite"}],"items_purged_floors":[8],"is_endless":false,"potions_floor_spawned":[2,10,18,19],"killed_by":"Slavers","ascension_level":11}