{"gold_per_floor":[111,124,136,148,148,174,174,174,174,187,113,113,126,159,159,159],"floor_reached":16,"playtime":866,"items_purged":[],"score":179,"play_id":"9de37617-e727-46b4-9711-115612ad9cf0","local_time":"20210906100032","is_ascension_mode":true,"campfire_choices":[{"floor":8,"key":"REST"},{"floor":12,"key":"DIG"},{"data":"Backflip","floor":15,"key":"SMITH"}],"neow_cost":"NONE","seed_source_timestamp":325017412854700,"circlet_count":0,"master_deck":["AscendersBane","Strike_G","Strike_G","Strike_G","Strike_G","Strike_G","Defend_G","Defend_G","Defend_G+1","Defend_G","Defend_G+1","Survivor","Neutralize+1","Slice","Dagger Throw","Dagger Spray","Backflip+1","Grand Finale","All Out Attack","Acrobatics","Dodge and Roll"],"relics":["Ring of the Snake","Tiny Chest","Shovel","Eternal Feather","White Beast Statue","The Courier","Anchor"],"potions_floor_usage":[6,16,16],"damage_taken":[{"damage":4,"enemies":"Jaw Worm","floor":1,"turns":6},{"damage":0,"enemies":"Small Slimes","floor":2,"turns":4},{"damage":0,"enemies":"2 Louse","floor":3,"turns":3},{"damage":1,"enemies":"Red Slaver","floor":4,"turns":4},{"damage":31,"enemies":"Lagavulin","floor":6,"turns":9},{"damage":1,"enemies":"2 Fungi Beasts","floor":10,"turns":3},{"damage":2,"enemies":"Exordium Thugs","floor":13,"turns":5},{"damage":16,"enemies":"Gremlin Nob","floor":14,"turns":3},{"damage":65,"enemies":"The Guardian","floor":16,"turns":23}],"seed_played":"-4288598026946846845","potions_obtained":[{"floor":1,"key":"SkillPotion"},{"floor":4,"key":"FairyPotion"},{"floor":13,"key":"EntropicBrew"},{"floor":14,"key":"GhostInAJar"}],"is_trial":false,"path_per_floor":["M","M","M","M","?","E","?","R","T","M","?","R","M","E","R","B"],"character_chosen":"THE_SILENT","items_purchased":[],"campfire_rested":1,"item_purchase_floors":[],"current_hp_per_floor":[59,59,59,58,51,20,6,27,27,26,26,35,33,17,29,0],"gold":159,"neow_bonus":"UPGRADE_CARD","is_prod":false,"is_daily":false,"chose_seed":false,"campfire_upgraded":1,"win_rate":0,"timestamp":1630936832,"path_taken":["M","M","M","M","?","E","?","R","T","M","?","R","?","E","R","BOSS"],"build_version":"2020-12-22","purchased_purges":0,"victory":false,"max_hp_per_floor":[70,70,70,70,70,70,70,70,70,70,70,70,70,70,70,70],"card_choices":[{"not_picked":["Concentrate","Dodge and Roll"],"picked":"Slice","floor":1},{"not_picked":["Calculated Gamble","Cloak And Dagger"],"picked":"Dagger Throw","floor":2},{"not_picked":["Outmaneuver","PiercingWail"],"picked":"Dagger Spray","floor":3},{"not_picked":["Dodge and Roll","Acrobatics"],"picked":"Backflip","floor":4},{"not_picked":["Night Terror","Cloak And Dagger"],"picked":"Grand Finale","floor":6},{"not_picked":["PiercingWail","Calculated Gamble"],"picked":"All Out Attack","floor":10},{"not_picked":["Flying Knee","Blade Dance"],"picked":"Acrobatics","floor":13},{"not_picked":["Masterful Stab","Predator"],"picked":"Dodge and Roll","floor":14}],"player_experience":818401,"relics_obtained":[{"floor":6,"key":"Shovel"},{"floor":9,"key":"Eternal Feather"},{"floor":12,"key":"The Courier"},{"floor":14,"key":"Anchor"}],"event_choices":[{"damage_healed":0,"gold_gain":0,"player_choice":"Success","damage_taken":7,"relics_obtained":["Tiny Chest"],"max_hp_gain":0,"max_hp_loss":0,"event_name":"Scrap Ooze","floor":5,"gold_loss":0},{"damage_healed":0,"gold_gain":0,"player_choice":"Entered Light","damage_taken":14,"max_hp_gain":0,"max_hp_loss":0,"event_name":"Shining Light","floor":7,"gold_loss":0,"cards_upgraded":["Defend_G","Defend_G"]},{"damage_healed":0,"gold_gain":0,"player_choice":"Paid Gold","damage_taken":0,"relics_obtained":["White Beast Statue"],"max_hp_gain":0,"max_hp_loss":0,"event_name":"WeMeetAgain","floor":11,"gold_loss":74}],"is_beta":false,"boss_relics":[],"items_purged_floors":[],"is_endless":false,"potions_floor_spawned":[1,4,13,14],"killed_by":"The Guardian","ascension_level":12}