{"gold_per_floor":[110,127,139,153,169,197,197,197,197,207,207,227,257,270,270,369,369,387,387,397,397,312,312,330,330,357,282,302,312,48,48,48,149,149,160,160,160,14,32,62,62,73,98,98,109,109,128,141,141,141],"floor_reached":51,"playtime":3561,"items_purged":["Strike_G"],"score":1027,"play_id":"8508bbb7-226f-4f0d-957d-ba71508c78d0","local_time":"20210902171641","is_ascension_mode":true,"campfire_choices":[{"data":"All Out Attack","floor":7.0,"key":"SMITH"},{"data":"Noxious Fumes","floor":11.0,"key":"SMITH"},{"data":"Dagger Throw","floor":15.0,"key":"SMITH"},{"data":"Madness","floor":23.0,"key":"SMITH"},{"data":"Well Laid Plans","floor":25,"key":"SMITH"},{"data":"Grand Finale","floor":32,"key":"SMITH"},{"data":"Neutralize","floor":41,"key":"SMITH"},{"data":"Survivor","floor":44,"key":"SMITH"},{"data":"Escape Plan","floor":49,"key":"SMITH"}],"neow_cost":"TEN_PERCENT_HP_LOSS","seed_source_timestamp":2782545844100,"circlet_count":0,"master_deck":["AscendersBane","Defend_G","Defend_G","Defend_G","Survivor+1","Neutralize+1","Dagger Throw+1","Backstab","All Out Attack+1","Deflect","Grand Finale+1","Madness+1","Escape Plan+1","Noxious Fumes+1","PiercingWail","Leg Sweep+1","Prepared+1","Venomology+1","Well Laid Plans+1","Acrobatics+1","Acrobatics+1","Concentrate+1","Sadistic Nature","Adrenaline+1","Choke+1","Blur+1","Bouncing Flask+1","Purity+1","Predator","Prepared+1","Expertise+1"],"special_seed":0,"relics":["Ring of the Snake","Mercury Hourglass","Mummified Hand","Toxic Egg 2","Coffee Dripper","Shuriken","Akabeko","Astrolabe","Art of War","Paper Crane","Happy Flower"],"potions_floor_usage":[28,29,33,33,40,40,40,42,42,42,45,47,50,50],"damage_taken":[{"damage":8.0,"enemies":"Small Slimes","floor":1.0,"turns":6.0},{"damage":0.0,"enemies":"Cultist","floor":2.0,"turns":3.0},{"damage":0.0,"enemies":"2 Louse","floor":3.0,"turns":2.0},{"damage":0.0,"enemies":"Exordium Wildlife","floor":4.0,"turns":2.0},{"damage":2.0,"enemies":"2 Fungi Beasts","floor":5.0,"turns":3.0},{"damage":28.0,"enemies":"Gremlin Nob","floor":6.0,"turns":4.0},{"damage":0.0,"enemies":"Large Slime","floor":10.0,"turns":4.0},{"damage":0.0,"enemies":"3 Louse","floor":12.0,"turns":2.0},{"damage":3.0,"enemies":"3 Sentries","floor":13.0,"turns":5.0},{"damage":0.0,"enemies":"Exordium Thugs","floor":14.0,"turns":3.0},{"damage":5.0,"enemies":"Hexaghost","floor":16.0,"turns":10.0},{"damage":2.0,"enemies":"Spheric Guardian","floor":18.0,"turns":4.0},{"damage":15.0,"enemies":"Chosen","floor":20.0,"turns":6.0},{"damage":7.0,"enemies":"Shelled Parasite and Fungi","floor":24.0,"turns":7.0},{"damage":4,"enemies":"Sentry and Sphere","floor":28,"turns":3},{"damage":3,"enemies":"Chosen and Byrds","floor":29,"turns":5},{"damage":8,"enemies":"Collector","floor":33,"turns":7},{"damage":4,"enemies":"3 Shapes","floor":35,"turns":7},{"damage":4,"enemies":"3 Darklings","floor":39,"turns":5},{"damage":5,"enemies":"Giant Head","floor":40,"turns":6},{"damage":13,"enemies":"Jaw Worm Horde","floor":42,"turns":4},{"damage":3,"enemies":"4 Shapes","floor":45,"turns":7},{"damage":15,"enemies":"3 Darklings","floor":47,"turns":4},{"damage":0,"enemies":"Writhing Mass","floor":48,"turns":5},{"damage":1,"enemies":"Awakened One","floor":50,"turns":10}],"seed_played":"1030417530784664579","potions_obtained":[{"floor":3.0,"key":"PowerPotion"},{"floor":5.0,"key":"SteroidPotion"},{"floor":6.0,"key":"FearPotion"},{"floor":10.0,"key":"Poison Potion"},{"floor":16.0,"key":"PowerPotion"},{"floor":40,"key":"SpeedPotion"}],"is_trial":false,"path_per_floor":["M","M","M","M","M","E","R","?","T","M","R","M","E","M","R","B",null,"M","?","M","?","?","R","M","R","T","?","M","M","$","?","R","B",null,"M","?","?","$","M","E","R","M","T","R","M","?","M","M","R","B",null],"character_chosen":"THE_SILENT","items_purchased":["Sadistic Nature","Art of War"],"campfire_rested":0,"item_purchase_floors":[30,38],"current_hp_per_floor":[55,55,55,55,53,25,25,25,25,25,25,25,22,22,22,17,52,50,50,35,35,35,35,28,28,28,28,24,21,21,15,15,7,49,45,45,45,45,41,36,36,23,23,23,20,20,14,14,14,13],"gold":141,"neow_bonus":"REMOVE_TWO","is_prod":false,"is_daily":false,"chose_seed":false,"campfire_upgraded":9,"win_rate":0,"timestamp":1630617401,"path_taken":["M","M","M","M","M","E","R","?","T","M","R","?","E","M","R","BOSS","M","?","M","?","?","R","M","R","T","?","M","M","$","?","R","BOSS","M","?","?","$","M","E","R","M","T","R","M","?","M","M","R","BOSS"],"build_version":"2020-12-22","purchased_purges":1,"victory":true,"max_hp_per_floor":[63,63,63,63,63,63,63,63,63,63,63,63,63,63,63,63,63,63,63,63,63,63,63,63,63,63,63,63,63,63,63,63,63,63,63,60,60,60,60,60,60,60,60,60,60,60,60,60,60,60],"card_choices":[{"not_picked":["Outmaneuver","Expertise"],"picked":"Dagger Throw","floor":1.0},{"not_picked":["Distraction","Outmaneuver","Acrobatics"],"picked":"SKIP","floor":2.0},{"not_picked":["Backflip","Leg Sweep"],"picked":"Backstab","floor":3.0},{"not_picked":["Dodge and Roll","Noxious Fumes"],"picked":"All Out Attack","floor":4.0},{"not_picked":["Accuracy","Poisoned Stab","PiercingWail"],"picked":"SKIP","floor":5.0},{"not_picked":["Outmaneuver","Underhanded Strike"],"picked":"Deflect","floor":6.0},{"not_picked":["Riddle With Holes","Cloak And Dagger"],"picked":"Noxious Fumes","floor":10.0},{"not_picked":["Sucker Punch","Endless Agony"],"picked":"PiercingWail","floor":12.0},{"not_picked":["PiercingWail+1","Burst+1"],"picked":"Leg Sweep+1","floor":13.0},{"not_picked":["Predator","Eviscerate"],"picked":"Prepared+1","floor":14.0},{"not_picked":["Tools of the Trade","Night Terror+1"],"picked":"Venomology+1","floor":16.0},{"not_picked":["Expertise+1","Quick Slash"],"picked":"Well Laid Plans","floor":18.0},{"not_picked":["Bane+1","Crippling Poison+1"],"picked":"Acrobatics+1","floor":20.0},{"not_picked":["Dash","Heel Hook","Flying Knee"],"picked":"SKIP","floor":24},{"not_picked":["Masterful Stab","Dagger Spray"],"picked":"Acrobatics+1","floor":28},{"not_picked":["Blade Dance+1","Outmaneuver+1"],"picked":"Concentrate+1","floor":29},{"not_picked":["Grand Finale","Glass Knife"],"picked":"Adrenaline+1","floor":33},{"not_picked":["Deflect+1","Blade Dance+1","PiercingWail+1"],"picked":"SKIP","floor":35},{"not_picked":["Deep Breath+1","Magnetism"],"picked":"Purity+1","floor":37},{"not_picked":["Terror+1","Outmaneuver+1","Skewer+1"],"picked":"SKIP","floor":39},{"not_picked":["Terror+1","Outmaneuver+1","Skewer+1"],"picked":"SKIP","floor":39},{"not_picked":["Sucker Punch+1","Doppelganger+1"],"picked":"Predator","floor":40},{"not_picked":["Slice+1","Crippling Poison+1"],"picked":"Prepared+1","floor":42},{"not_picked":["Calculated Gamble+1","Cloak And Dagger+1"],"picked":"Expertise+1","floor":45},{"not_picked":["Tactician+1","Bane","Poisoned Stab"],"picked":"SKIP","floor":47},{"not_picked":["Setup+1","Sucker Punch+1","Slice"],"picked":"SKIP","floor":48}],"player_experience":798565,"relics_obtained":[{"floor":6.0,"key":"Mercury Hourglass"},{"floor":9.0,"key":"Mummified Hand"},{"floor":13.0,"key":"Toxic Egg 2"},{"floor":26,"key":"Akabeko"},{"floor":40,"key":"Paper Crane"},{"floor":43,"key":"Happy Flower"}],"event_choices":[{"damage_healed":0.0,"max_hp_gain":0.0,"max_hp_loss":0.0,"gold_gain":0.0,"event_name":"Match and Keep!","player_choice":"3 cards matched","floor":8.0,"gold_loss":0.0,"damage_taken":0.0,"cards_obtained":["Grand Finale","Madness","Escape Plan"]},{"damage_healed":0.0,"max_hp_gain":0.0,"max_hp_loss":0.0,"gold_gain":0.0,"event_name":"The Mausoleum","player_choice":"Ignored","floor":19.0,"gold_loss":0.0,"damage_taken":0.0},{"damage_healed":0.0,"max_hp_gain":0.0,"max_hp_loss":0.0,"gold_gain":0.0,"event_name":"Cursed Tome","player_choice":"Ignored","floor":21.0,"gold_loss":0.0,"damage_taken":0.0},{"damage_healed":0.0,"max_hp_gain":0.0,"max_hp_loss":0.0,"gold_gain":0.0,"event_name":"Addict","player_choice":"Obtained Relic","floor":22.0,"gold_loss":85.0,"damage_taken":0.0,"relics_obtained":["Shuriken"]},{"cards_removed":["Strike_G"],"damage_healed":0,"gold_gain":0,"player_choice":"Gave Gold","damage_taken":0,"max_hp_gain":0,"max_hp_loss":0,"event_name":"Beggar","floor":27,"gold_loss":75},{"damage_healed":0,"gold_gain":0,"player_choice":"Damaged","damage_taken":6,"max_hp_gain":0,"max_hp_loss":0,"event_name":"Wheel of Change","floor":31,"gold_loss":0},{"damage_healed":0,"gold_gain":0,"player_choice":"Max HP","damage_taken":0,"max_hp_gain":0,"max_hp_loss":3,"event_name":"Winding Halls","floor":36,"gold_loss":0},{"damage_healed":0,"gold_gain":0,"player_choice":"Memory 1","damage_taken":0,"max_hp_gain":0,"max_hp_loss":0,"event_name":"SensoryStone","floor":37,"gold_loss":0},{"damage_healed":0,"gold_gain":0,"player_choice":"Ignored","damage_taken":0,"max_hp_gain":0,"max_hp_loss":0,"event_name":"Mysterious Sphere","floor":46,"gold_loss":0}],"is_beta":false,"boss_relics":[{"not_picked":["Empty Cage","Tiny House"],"picked":"Coffee Dripper"},{"not_picked":["Runic Dome","HoveringKite"],"picked":"Astrolabe"}],"items_purged_floors":[30],"is_endless":false,"potions_floor_spawned":[3,5,6,10,14,16,18,28,35,39,40],"ascension_level":10}