{"gold_per_floor":[113,133,146,159,174,204,204,239,239,239,239,239,253,272,272,396,396,409,429,32,32,32,68,68,68,115,127,139,185,197,240,252,395,407,443,58,74,137,137,137,170,170,170,170,194,230,140,160,160,160],"floor_reached":50,"playtime":3095,"items_purged":["Strike_G"],"score":996,"play_id":"5e8642be-9935-470f-bea3-db661427b6a2","local_time":"20210909232713","is_ascension_mode":true,"campfire_choices":[{"data":"Blade Dance","floor":7,"key":"SMITH"},{"floor":12,"key":"REST"},{"data":"Blade Dance","floor":15,"key":"SMITH"},{"data":"Footwork","floor":25,"key":"SMITH"},{"data":"Terror","floor":28,"key":"SMITH"},{"floor":32,"key":"REST"},{"data":"Footwork","floor":40,"key":"SMITH"},{"floor":42,"key":"REST"},{"data":"Burst","floor":44,"key":"SMITH"},{"floor":49,"key":"REST"}],"neow_cost":"PERCENT_DAMAGE","seed_source_timestamp":630387236108900,"circlet_count":0,"master_deck":["AscendersBane","Defend_G+1","Defend_G+1","Defend_G+1","Defend_G+1","Survivor+1","Neutralize","Blade Dance+1","Sucker Punch","Slice","Blade Dance+1","Leg Sweep+1","Terror+1","PiercingWail","Adrenaline","Predator","Footwork+1","Master of Strategy","Blade Dance","Calculated Gamble","Acrobatics","Burst+1","Footwork+1","Well Laid Plans","Dodge and Roll+1","Dodge and Roll+1","Blade Dance+1","Expertise+1"],"relics":["Ring of the Snake","Snake Skull","WingedGreaves","Paper Crane","Golden Idol","Runic Dome","Mummified Hand","Pen Nib","MawBank","Strawberry","Sundial","Matryoshka","Empty Cage","Orrery","War Paint","Tingsha","Toxic Egg 2","Happy Flower","Question Card","Mercury Hourglass"],"potions_floor_usage":[6,18,20,33,50,50],"damage_taken":[{"damage":0,"enemies":"2 Louse","floor":1,"turns":4},{"damage":0,"enemies":"Small Slimes","floor":2,"turns":3},{"damage":0,"enemies":"Cultist","floor":3,"turns":3},{"damage":2,"enemies":"Exordium Wildlife","floor":4,"turns":4},{"damage":3,"enemies":"Blue Slaver","floor":5,"turns":3},{"damage":12,"enemies":"Gremlin Nob","floor":6,"turns":4},{"damage":10,"enemies":"3 Sentries","floor":8,"turns":7},{"damage":0,"enemies":"Large Slime","floor":13,"turns":5},{"damage":0,"enemies":"Looter","floor":14,"turns":2},{"damage":8,"enemies":"The Guardian","floor":16,"turns":15},{"damage":0,"enemies":"2 Thieves","floor":18,"turns":4},{"damage":0,"enemies":"Shell Parasite","floor":19,"turns":3},{"damage":23,"enemies":"Slavers","floor":23,"turns":7},{"damage":2,"enemies":"Book of Stabbing","floor":29,"turns":5},{"damage":17,"enemies":"Gremlin Leader","floor":31,"turns":8},{"damage":14,"enemies":"Champ","floor":33,"turns":11},{"damage":21,"enemies":"3 Darklings","floor":35,"turns":13},{"damage":0,"enemies":"3 Shapes","floor":37,"turns":4},{"damage":0,"enemies":"Mind Bloom Boss Battle","floor":38,"turns":6},{"damage":25,"enemies":"Reptomancer","floor":41,"turns":7},{"damage":10,"enemies":"Spire Growth","floor":45,"turns":5},{"damage":12,"enemies":"Nemesis","floor":46,"turns":7},{"damage":0,"enemies":"Maw","floor":48,"turns":8},{"damage":62,"enemies":"Time Eater","floor":50,"turns":14}],"seed_played":"-7954918283690580618","potions_obtained":[{"floor":1,"key":"Block Potion"},{"floor":2,"key":"CunningPotion"},{"floor":8,"key":"SpeedPotion"},{"floor":14,"key":"Weak Potion"},{"floor":18,"key":"Fruit Juice"},{"floor":33,"key":"GhostInAJar"}],"is_trial":false,"path_per_floor":["M","M","M","M","M","E","R","E","T","?","?","R","M","M","R","B",null,"M","M","$","?","?","E","T","R","T","?","R","E","T","E","R","B",null,"M","$","M","?","?","R","E","R","T","R","M","E","?","M","R","B"],"character_chosen":"THE_SILENT","items_purchased":["Footwork","Master of Strategy","CultistPotion","Orrery","CultistPotion","War Paint"],"campfire_rested":4,"item_purchase_floors":[20,20,20,36,36,36],"current_hp_per_floor":[45,45,45,43,40,28,28,18,18,18,18,37,37,37,37,29,56,56,56,61,61,61,38,38,38,38,38,38,43,43,26,49,35,67,46,46,46,46,46,46,21,44,44,44,34,22,22,22,45,0],"gold":160,"neow_bonus":"REMOVE_TWO","is_prod":false,"is_daily":false,"chose_seed":false,"campfire_upgraded":6,"win_rate":0,"timestamp":1631244433,"path_taken":["M","M","M","M","M","E","R","E","T","?","?","R","M","M","R","BOSS","M","M","$","?","?","E","?","R","T","?","R","E","?","E","R","BOSS","M","$","M","?","?","R","E","R","T","R","M","E","?","?","R","BOSS"],"build_version":"2020-12-22","purchased_purges":1,"victory":false,"max_hp_per_floor":[70,70,70,70,70,70,70,70,70,65,65,65,65,65,65,65,65,65,65,70,70,70,70,70,70,70,70,70,77,77,77,77,77,77,77,77,77,77,77,77,77,77,77,77,77,77,77,77,77,77],"card_choices":[{"not_picked":["Eviscerate","Slice"],"picked":"Blade Dance","floor":1},{"not_picked":["Poisoned Stab","PiercingWail"],"picked":"Sucker Punch","floor":2},{"not_picked":["Bouncing Flask","Choke"],"picked":"Endless Agony","floor":3},{"not_picked":["Flying Knee","Prepared"],"picked":"Slice","floor":4},{"not_picked":["Dodge and Roll","Storm of Steel"],"picked":"Blade Dance","floor":5},{"not_picked":["Escape Plan","Catalyst"],"picked":"Leg Sweep","floor":6},{"not_picked":["Crippling Poison","Leg Sweep"],"picked":"Terror","floor":8},{"not_picked":["Heel Hook","Backflip","Finisher"],"picked":"SKIP","floor":13},{"not_picked":["Bane","Heel Hook","Dodge and Roll"],"picked":"SKIP","floor":14},{"not_picked":["Die Die Die","Phantasmal Killer"],"picked":"Adrenaline","floor":16},{"not_picked":["Bane","Finisher"],"picked":"Predator","floor":18},{"not_picked":["Underhanded Strike","Infinite Blades","Outmaneuver"],"picked":"SKIP","floor":19},{"not_picked":["Flechettes","All Out Attack"],"picked":"Calculated Gamble","floor":23},{"not_picked":["Underhanded Strike","Poisoned Stab","Bane"],"picked":"SKIP","floor":29},{"not_picked":["Outmaneuver","Deadly Poison"],"picked":"Acrobatics","floor":31},{"not_picked":["Adrenaline","Doppelganger"],"picked":"Burst","floor":33},{"not_picked":["Outmaneuver+1","Prepared","Concentrate"],"picked":"SKIP","floor":35},{"not_picked":["Acrobatics","Finisher"],"picked":"Footwork","floor":36},{"not_picked":["Finisher","Cloak And Dagger"],"picked":"Well Laid Plans","floor":36},{"not_picked":["Caltrops","Reflex"],"picked":"Dodge and Roll","floor":36},{"not_picked":["Venomology","Quick Slash+1","Sucker Punch+1"],"picked":"SKIP","floor":37},{"not_picked":["Outmaneuver","Blur"],"picked":"Backflip","floor":38},{"not_picked":["Deflect+1","Caltrops"],"picked":"Dodge and Roll+1","floor":41},{"not_picked":["Caltrops","Backstab","Dagger Spray"],"picked":"Blade Dance+1","floor":45},{"not_picked":["Dodge and Roll+1","Prepared+1","Reflex+1"],"picked":"Expertise+1","floor":46},{"not_picked":["Night Terror+1","Dagger Throw","Eviscerate","Poisoned Stab"],"picked":"SKIP","floor":48}],"player_experience":833758,"relics_obtained":[{"floor":6,"key":"Snake Skull"},{"floor":8,"key":"WingedGreaves"},{"floor":9,"key":"Paper Crane"},{"floor":23,"key":"Mummified Hand"},{"floor":24,"key":"Pen Nib"},{"floor":26,"key":"MawBank"},{"floor":29,"key":"Strawberry"},{"floor":30,"key":"Sundial"},{"floor":31,"key":"Matryoshka"},{"floor":38,"key":"Tingsha"},{"floor":41,"key":"Toxic Egg 2"},{"floor":43,"key":"Happy Flower"},{"floor":43,"key":"Question Card"},{"floor":46,"key":"Mercury Hourglass"}],"event_choices":[{"damage_healed":0,"gold_gain":0,"player_choice":"Lose Max HP","damage_taken":0,"relics_obtained":["Golden Idol"],"max_hp_gain":0,"max_hp_loss":5,"event_name":"Golden Idol","floor":10,"gold_loss":0},{"damage_healed":0,"gold_gain":0,"cards_transformed":["Strike_G"],"player_choice":"Transformed","damage_taken":0,"max_hp_gain":0,"max_hp_loss":0,"event_name":"Transmorgrifier","floor":11,"gold_loss":0,"cards_obtained":["PiercingWail"]},{"damage_healed":0,"gold_gain":0,"player_choice":"Ignored","damage_taken":0,"max_hp_gain":0,"max_hp_loss":0,"event_name":"Ghosts","floor":21,"gold_loss":0},{"damage_healed":0,"gold_gain":0,"player_choice":"Read","damage_taken":0,"max_hp_gain":0,"max_hp_loss":0,"event_name":"The Library","floor":22,"gold_loss":0,"cards_obtained":["Blade Dance"]},{"damage_healed":0,"gold_gain":0,"player_choice":"Simplicity","damage_taken":0,"max_hp_gain":0,"max_hp_loss":0,"event_name":"Back to Basics","floor":27,"gold_loss":0,"cards_upgraded":["Strike_G","Strike_G","Defend_G","Defend_G","Defend_G","Defend_G"]},{"damage_healed":0,"gold_gain":0,"player_choice":"Fight","damage_taken":0,"max_hp_gain":0,"max_hp_loss":0,"event_name":"MindBloom","floor":38,"gold_loss":0},{"cards_removed":["Backflip"],"damage_healed":0,"gold_gain":0,"player_choice":"Removed Skill","damage_taken":0,"max_hp_gain":0,"max_hp_loss":0,"event_name":"Falling","floor":39,"gold_loss":0},{"cards_removed":["Endless Agony"],"damage_healed":0,"gold_gain":0,"player_choice":"Upgrade and Remove","damage_taken":0,"max_hp_gain":0,"max_hp_loss":0,"event_name":"Designer","floor":47,"gold_loss":90,"cards_upgraded":["Dodge and Roll"]}],"is_beta":false,"boss_relics":[{"not_picked":["Runic Pyramid","Snecko Eye"],"picked":"Runic Dome"},{"not_picked":["Velvet Choker","Sozu"],"picked":"Empty Cage"}],"items_purged_floors":[20],"is_endless":false,"potions_floor_spawned":[1,2,8,14,18,29,33,37,38,41],"killed_by":"Time Eater","ascension_level":12}