{"gold_per_floor":[361,376,394,394,421,421,465,488,488,588,137,137,151,175,175,296,296,296,124,124,124,124,124,124,124,124,124,124,124,124,124,124,124,124,124,124,124,124,124,124,124,124,124,124,50,50,50,50,50,50,50,50,0,0,0],"floor_reached":56,"playtime":3304,"items_purged":["Strike_G","Strike_G"],"score":2329,"play_id":"b7dc6909-316c-42eb-aa04-4faf3e75c30b","local_time":"20210912135459","is_ascension_mode":true,"campfire_choices":[{"data":"Blade Dance","floor":6,"key":"SMITH"},{"data":"Accuracy","floor":12,"key":"SMITH"},{"data":"Cloak And Dagger","floor":15,"key":"SMITH"},{"data":"Wraith Form v2","floor":24,"key":"SMITH"},{"data":"Accuracy","floor":27,"key":"SMITH"},{"data":"Ghostly","floor":32,"key":"SMITH"},{"data":"Wraith Form v2","floor":44,"key":"SMITH"},{"floor":49,"key":"RECALL"},{"data":"Blade Dance","floor":52,"key":"SMITH"}],"neow_cost":"TEN_PERCENT_HP_LOSS","seed_source_timestamp":855030129847200,"circlet_count":0,"master_deck":["AscendersBane","Strike_G","Strike_G","Strike_G","Defend_G","Defend_G","Defend_G","Defend_G","Defend_G","Survivor","Neutralize","Masterful Stab","Blade Dance+1","Flying Knee","After Image","Cloak And Dagger+1","Accuracy+1","Cloak And Dagger","Infinite Blades","Wraith Form v2+1","Accuracy+1","Ghostly+1","Ghostly","Ghostly","Ghostly","Ghostly","Doppelganger","Well Laid Plans","Calculated Gamble+1","Wraith Form v2+1","Expertise","Blade Dance+1","Blade Dance+1"],"relics":["Ring of the Snake","Golden Idol","Ancient Tea Set","WingedGreaves","Bottled Lightning","Anchor","Toolbox","Ectoplasm","Ornamental Fan","Omamori","Potion Belt","Lizard Tail","Runic Dome","Toy Ornithopter","Bag of Marbles","Girya","MawBank","Oddly Smooth Stone","Lantern"],"potions_floor_usage":[20,33,37,42,50,55,55,55,55],"damage_taken":[{"damage":8,"enemies":"Jaw Worm","floor":1,"turns":8},{"damage":0,"enemies":"Small Slimes","floor":2,"turns":4},{"damage":0,"enemies":"Cultist","floor":3,"turns":3},{"damage":22,"enemies":"3 Sentries","floor":7,"turns":9},{"damage":0,"enemies":"Blue Slaver","floor":8,"turns":3},{"damage":0,"enemies":"2 Fungi Beasts","floor":13,"turns":3},{"damage":0,"enemies":"Exordium Thugs","floor":14,"turns":5},{"damage":0,"enemies":"Slime Boss","floor":16,"turns":5},{"damage":1,"enemies":"Shell Parasite","floor":18,"turns":5},{"damage":3,"enemies":"Chosen","floor":20,"turns":4},{"damage":0,"enemies":"Shelled Parasite and Fungi","floor":21,"turns":4},{"damage":0,"enemies":"Book of Stabbing","floor":23,"turns":5},{"damage":0,"enemies":"Gremlin Leader","floor":25,"turns":8},{"damage":0,"enemies":"Book of Stabbing","floor":28,"turns":4},{"damage":0,"enemies":"Sentry and Sphere","floor":29,"turns":4},{"damage":2,"enemies":"Slavers","floor":30,"turns":8},{"damage":2,"enemies":"Collector","floor":33,"turns":7},{"damage":0,"enemies":"Orb Walker","floor":35,"turns":3},{"damage":2,"enemies":"3 Darklings","floor":37,"turns":4},{"damage":0,"enemies":"Maw","floor":39,"turns":7},{"damage":0,"enemies":"Giant Head","floor":40,"turns":7},{"damage":2,"enemies":"Reptomancer","floor":41,"turns":7},{"damage":0,"enemies":"Sphere and 2 Shapes","floor":42,"turns":5},{"damage":1,"enemies":"Giant Head","floor":46,"turns":7},{"damage":0,"enemies":"Nemesis","floor":48,"turns":9},{"damage":0,"enemies":"Time Eater","floor":50,"turns":12},{"damage":0,"enemies":"Shield and Spear","floor":54,"turns":7},{"damage":47,"enemies":"The Heart","floor":55,"turns":13}],"seed_played":"-2322946088902551445","potions_obtained":[{"floor":1,"key":"Strength Potion"},{"floor":2,"key":"ColorlessPotion"},{"floor":20,"key":"EssenceOfSteel"},{"floor":23,"key":"FearPotion"},{"floor":28,"key":"SteroidPotion"},{"floor":29,"key":"Dexterity Potion"},{"floor":33,"key":"Swift Potion"},{"floor":37,"key":"Weak Potion"},{"floor":40,"key":"AttackPotion"},{"floor":41,"key":"Fire Potion"},{"floor":42,"key":"Swift Potion"}],"is_trial":false,"path_per_floor":["M","M","M","?","T","R","E","M","T","?","$","R","M","M","R","B",null,"M","$","M","M","?","E","R","E","T","R","E","M","E","?","R","B",null,"M","?","M","?","M","E","E","M","T","R","$","E","?","E","R","B",null,"R","$","E","B",null],"character_chosen":"THE_SILENT","items_purchased":["Accuracy","Anchor","Toolbox","Accuracy","DuplicationPotion","Poison Potion"],"campfire_rested":0,"item_purchase_floors":[11,11,11,19,45,53],"current_hp_per_floor":[55,55,55,55,55,55,33,33,33,33,33,33,33,33,33,33,52,51,51,48,48,29,29,29,29,29,29,29,29,27,27,27,25,28,28,28,26,26,26,26,24,29,29,29,29,28,28,28,28,28,28,28,28,28,10],"gold":0,"neow_bonus":"TWO_FIFTY_GOLD","is_prod":false,"is_daily":false,"chose_seed":false,"campfire_upgraded":8,"win_rate":0,"timestamp":1631469299,"path_taken":["M","M","M","?","?","R","E","M","T","?","$","R","M","M","R","BOSS","M","$","M","M","?","E","R","E","T","R","E","M","E","?","R","BOSS","M","?","M","?","?","E","E","M","T","R","$","E","?","E","R","BOSS","R","$","E","BOSS"],"build_version":"2020-12-22","purchased_purges":2,"victory":true,"max_hp_per_floor":[63,63,63,58,58,58,58,58,58,58,58,58,58,58,58,58,58,58,58,58,58,29,29,29,29,29,29,29,29,29,29,29,29,29,29,29,29,29,29,29,29,29,29,29,29,29,28,28,28,28,28,28,28,28,28],"card_choices":[{"not_picked":["Deflect","Acrobatics"],"picked":"Masterful Stab","floor":1},{"not_picked":["Escape Plan","Infinite Blades"],"picked":"Blade Dance","floor":2},{"not_picked":["Outmaneuver","Quick Slash"],"picked":"Flying Knee","floor":3},{"not_picked":["Dodge and Roll","Deflect"],"picked":"After Image","floor":7},{"not_picked":["Poisoned Stab","Well Laid Plans"],"picked":"Cloak And Dagger","floor":8},{"not_picked":["Setup","PiercingWail"],"picked":"Cloak And Dagger","floor":13},{"not_picked":["Slice","Backflip"],"picked":"Infinite Blades","floor":14},{"not_picked":["Corpse Explosion","Adrenaline"],"picked":"Wraith Form v2","floor":16},{"not_picked":["Flechettes","Poisoned Stab","Expertise"],"picked":"SKIP","floor":18},{"not_picked":["Riddle With Holes","Dagger Throw","Cloak And Dagger"],"picked":"SKIP","floor":20},{"not_picked":["Slice+1","Outmaneuver","Bane"],"picked":"SKIP","floor":21},{"not_picked":["Dagger Spray","Bouncing Flask","Dash"],"picked":"SKIP","floor":23},{"not_picked":["Quick Slash","Bane+1"],"picked":"Doppelganger","floor":25},{"not_picked":["Poisoned Stab","Dagger Spray","Slice"],"picked":"SKIP","floor":28},{"not_picked":["Unload","Poisoned Stab"],"picked":"Well Laid Plans","floor":29},{"not_picked":["Footwork","Deadly Poison"],"picked":"Calculated Gamble+1","floor":30},{"not_picked":["Burst","Bullet Time"],"picked":"Wraith Form v2","floor":33},{"not_picked":["Bane","Quick Slash","Deadly Poison"],"picked":"SKIP","floor":35},{"not_picked":["Deflect","Reflex+1","Doppelganger"],"picked":"SKIP","floor":37},{"not_picked":["Quick Slash","Deadly Poison","Dodge and Roll"],"picked":"SKIP","floor":39},{"not_picked":["Poisoned Stab+1","Underhanded Strike+1","Heel Hook"],"picked":"SKIP","floor":40},{"not_picked":["Leg Sweep","Heel Hook"],"picked":"Expertise","floor":41},{"not_picked":["Underhanded Strike","Cloak And Dagger","Eviscerate"],"picked":"SKIP","floor":42},{"not_picked":["Predator","Bouncing Flask","PiercingWail"],"picked":"SKIP","floor":46},{"not_picked":["Storm of Steel","Footwork"],"picked":"Blade Dance","floor":48},{"not_picked":["Poisoned Stab","Deflect"],"picked":"Blade Dance+1","floor":54}],"player_experience":840715,"relics_obtained":[{"floor":5,"key":"Ancient Tea Set"},{"floor":7,"key":"WingedGreaves"},{"floor":9,"key":"Bottled Lightning"},{"floor":23,"key":"Ornamental Fan"},{"floor":25,"key":"Omamori"},{"floor":28,"key":"Potion Belt"},{"floor":30,"key":"Lizard Tail"},{"floor":40,"key":"Toy Ornithopter"},{"floor":41,"key":"Bag of Marbles"},{"floor":43,"key":"Girya"},{"floor":46,"key":"MawBank"},{"floor":48,"key":"Oddly Smooth Stone"},{"floor":54,"key":"Lantern"}],"event_choices":[{"damage_healed":0,"gold_gain":0,"player_choice":"Lose Max HP","damage_taken":0,"relics_obtained":["Golden Idol"],"max_hp_gain":0,"max_hp_loss":5,"event_name":"Golden Idol","floor":4,"gold_loss":0},{"damage_healed":0,"gold_gain":100,"player_choice":"Pray","damage_taken":0,"max_hp_gain":0,"max_hp_loss":0,"event_name":"Golden Shrine","floor":10,"gold_loss":0},{"damage_healed":0,"gold_gain":0,"player_choice":"Became a Ghost","damage_taken":0,"max_hp_gain":0,"max_hp_loss":29,"event_name":"Ghosts","floor":22,"gold_loss":0,"cards_obtained":["Ghostly","Ghostly","Ghostly","Ghostly","Ghostly"]},{"damage_healed":0,"gold_gain":0,"player_choice":"Ignored","damage_taken":0,"max_hp_gain":0,"max_hp_loss":0,"event_name":"Vampires","floor":31,"gold_loss":0},{"damage_healed":0,"gold_gain":0,"player_choice":"Ignored","damage_taken":0,"max_hp_gain":0,"max_hp_loss":0,"event_name":"Tomb of Lord Red Mask","floor":36,"gold_loss":0},{"damage_healed":0,"gold_gain":0,"player_choice":"Ignored","damage_taken":0,"max_hp_gain":0,"max_hp_loss":0,"event_name":"Golden Shrine","floor":38,"gold_loss":0},{"damage_healed":0,"gold_gain":0,"player_choice":"Max HP","damage_taken":0,"max_hp_gain":0,"max_hp_loss":1,"event_name":"Winding Halls","floor":47,"gold_loss":0}],"is_beta":false,"boss_relics":[{"not_picked":["SlaversCollar","Ring of the Serpent"],"picked":"Ectoplasm"},{"not_picked":["Calling Bell","Cursed Key"],"picked":"Runic Dome"}],"items_purged_floors":[11,19],"is_endless":false,"potions_floor_spawned":[1,2,14,20,23,28,29,33,35,37,40,41,42],"ascension_level":12}