{"gold_per_floor":[110,122,122,142,158,158,172,203,227,237,263,280,280,311,311,311],"floor_reached":16,"playtime":750,"items_purged":[],"score":238,"play_id":"a82075a2-398c-4e53-a331-229a57653c85","local_time":"20210909222327","is_ascension_mode":true,"campfire_choices":[{"data":"Backstab","floor":6,"key":"SMITH"},{"floor":15,"key":"REST"}],"neow_cost":"NONE","seed_source_timestamp":628906858898900,"circlet_count":0,"master_deck":["AscendersBane","Strike_G+1","Strike_G","Strike_G","Strike_G","Strike_G","Defend_G","Defend_G","Defend_G","Defend_G","Survivor","Neutralize","Backflip","Dash+1","Dagger Throw","Backstab+1","Quick Slash","Masterful Stab","Blade Dance","Acrobatics","Dodge and Roll"],"relics":["Ring of the Snake","Question Card","Strawberry","Bag of Marbles","Golden Idol","Dream Catcher"],"potions_floor_usage":[8,14,16,16],"damage_taken":[{"damage":0,"enemies":"Small Slimes","floor":1,"turns":3},{"damage":3,"enemies":"2 Louse","floor":2,"turns":4},{"damage":0,"enemies":"Cultist","floor":4,"turns":4},{"damage":11,"enemies":"Exordium Thugs","floor":5,"turns":6},{"damage":0,"enemies":"Looter","floor":7,"turns":2},{"damage":10,"enemies":"3 Sentries","floor":8,"turns":9},{"damage":4,"enemies":"Large Slime","floor":10,"turns":5},{"damage":0,"enemies":"Gremlin Nob","floor":11,"turns":3},{"damage":0,"enemies":"Blue Slaver","floor":12,"turns":1},{"damage":15,"enemies":"Lagavulin","floor":14,"turns":3},{"damage":37,"enemies":"The Guardian","floor":16,"turns":11}],"seed_played":"-7143938304602686863","potions_obtained":[{"floor":1,"key":"ColorlessPotion"},{"floor":5,"key":"GamblersBrew"},{"floor":8,"key":"SpeedPotion"},{"floor":14,"key":"FearPotion"}],"is_trial":false,"path_per_floor":["M","M","?","M","M","R","M","E","T","M","E","M","?","E","R","B"],"character_chosen":"THE_SILENT","items_purchased":[],"campfire_rested":1,"item_purchase_floors":[],"current_hp_per_floor":[63,60,46,46,35,35,35,25,32,28,28,28,28,13,34,0],"gold":311,"neow_bonus":"REMOVE_CARD","is_prod":false,"is_daily":false,"chose_seed":false,"campfire_upgraded":1,"win_rate":0,"timestamp":1631240607,"path_taken":["M","M","?","M","M","R","M","E","T","M","E","M","?","E","R","BOSS"],"build_version":"2020-12-22","purchased_purges":0,"victory":false,"max_hp_per_floor":[70,70,70,70,70,70,70,70,77,77,77,77,71,71,71,71],"card_choices":[{"not_picked":["Catalyst","Accuracy"],"picked":"Backflip","floor":1},{"not_picked":["Quick Slash","Cloak And Dagger"],"picked":"Dash","floor":2},{"not_picked":["Bane","Expertise"],"picked":"Dagger Throw","floor":4},{"not_picked":["Choke","Backflip"],"picked":"Backstab","floor":5},{"not_picked":["Catalyst","Setup"],"picked":"Quick Slash","floor":7},{"not_picked":["Envenom","Dagger Throw"],"picked":"Masterful Stab","floor":8},{"not_picked":["Deflect","Slice","Acrobatics"],"picked":"Blade Dance","floor":10},{"not_picked":["Phantasmal Killer","Deflect","Acrobatics","Dagger Throw"],"picked":"SKIP","floor":11},{"not_picked":["Deflect","Underhanded Strike","Endless Agony","Backflip"],"picked":"SKIP","floor":12},{"not_picked":["Sucker Punch","Dagger Throw","Accuracy"],"picked":"Acrobatics","floor":14},{"not_picked":["Bouncing Flask","Acrobatics","Dagger Throw"],"picked":"Dodge and Roll","floor":15}],"player_experience":832297,"relics_obtained":[{"floor":8,"key":"Question Card"},{"floor":9,"key":"Strawberry"},{"floor":11,"key":"Bag of Marbles"},{"floor":14,"key":"Dream Catcher"}],"event_choices":[{"damage_healed":0,"gold_gain":0,"player_choice":"Entered Light","damage_taken":14,"max_hp_gain":0,"max_hp_loss":0,"event_name":"Shining Light","floor":3,"gold_loss":0,"cards_upgraded":["Dash","Strike_G"]},{"damage_healed":0,"gold_gain":0,"player_choice":"Lose Max HP","damage_taken":0,"relics_obtained":["Golden Idol"],"max_hp_gain":0,"max_hp_loss":6,"event_name":"Golden Idol","floor":13,"gold_loss":0}],"is_beta":false,"boss_relics":[],"items_purged_floors":[],"is_endless":false,"potions_floor_spawned":[1,5,8,12,14],"killed_by":"The Guardian","ascension_level":12}