{"gold_per_floor":[114,124,144,164,174,203,203,203,203,278,59,59,85,99,99,99],"floor_reached":16,"playtime":711,"items_purged":["Strike_G"],"score":179,"play_id":"2d4f244a-5fbd-4798-9f3c-7602965ece18","local_time":"20210909223528","is_ascension_mode":true,"campfire_choices":[{"floor":8,"key":"REST"},{"floor":12,"key":"REST"},{"floor":15,"key":"REST"}],"neow_cost":"NONE","seed_source_timestamp":629667524675900,"circlet_count":0,"master_deck":["AscendersBane","Strike_G","Strike_G","Strike_G+1","Strike_G","Defend_G","Defend_G","Defend_G","Defend_G","Defend_G","Survivor","Neutralize+1","Sucker Punch","Poisoned Stab","Blade Dance+1","Bane","Footwork","Masterful Stab","Burst","Blur","Terror","All Out Attack","Adrenaline"],"relics":["Ring of the Snake","StrikeDummy","Matryoshka","Orrery"],"potions_floor_usage":[6,6],"damage_taken":[{"damage":0,"enemies":"Cultist","floor":1,"turns":4},{"damage":8,"enemies":"Small Slimes","floor":2,"turns":4},{"damage":4,"enemies":"Jaw Worm","floor":3,"turns":5},{"damage":3,"enemies":"Looter","floor":4,"turns":4},{"damage":0,"enemies":"Large Slime","floor":5,"turns":5},{"damage":23,"enemies":"3 Sentries","floor":6,"turns":8},{"damage":11,"enemies":"Lagavulin","floor":13,"turns":8},{"damage":25,"enemies":"Lots of Slimes","floor":14,"turns":4},{"damage":31,"enemies":"Slime Boss","floor":16,"turns":6}],"seed_played":"-1064590477452716139","potions_obtained":[{"floor":2,"key":"Weak Potion"},{"floor":3,"key":"BlessingOfTheForge"},{"floor":5,"key":"AttackPotion"}],"is_trial":false,"path_per_floor":["M","M","M","M","M","E","?","R","T","?","$","R","E","M","R","B"],"character_chosen":"THE_SILENT","items_purchased":["Orrery"],"campfire_rested":3,"item_purchase_floors":[11],"current_hp_per_floor":[63,55,51,48,48,25,11,32,32,21,21,42,31,6,27,0],"gold":99,"neow_bonus":"UPGRADE_CARD","is_prod":false,"is_daily":false,"chose_seed":false,"campfire_upgraded":0,"win_rate":0,"timestamp":1631241328,"path_taken":["M","M","?","M","M","E","?","R","T","?","?","R","E","M","R","BOSS"],"build_version":"2020-12-22","purchased_purges":1,"victory":false,"max_hp_per_floor":[70,70,70,70,70,70,70,70,70,70,70,70,70,70,70,70],"card_choices":[{"not_picked":["Flying Knee","Flechettes"],"picked":"Sucker Punch","floor":1},{"not_picked":["Finisher","Cloak And Dagger"],"picked":"Poisoned Stab","floor":2},{"not_picked":["Distraction","Dodge and Roll"],"picked":"Blade Dance","floor":3},{"not_picked":["Tactician","Well Laid Plans"],"picked":"Bane","floor":4},{"not_picked":["Dodge and Roll","Distraction"],"picked":"Footwork","floor":5},{"not_picked":["Sucker Punch","Quick Slash","Deflect"],"picked":"SKIP","floor":6},{"not_picked":["Dagger Throw","Concentrate"],"picked":"Masterful Stab","floor":11},{"not_picked":["Escape Plan","Flechettes"],"picked":"Burst","floor":11},{"not_picked":["Flying Knee","Riddle With Holes"],"picked":"Blur","floor":11},{"not_picked":["Poisoned Stab","Underhanded Strike"],"picked":"Terror","floor":11},{"not_picked":["Deflect","Dagger Spray"],"picked":"All Out Attack","floor":13},{"not_picked":["Deadly Poison","Sucker Punch"],"picked":"Adrenaline","floor":14}],"player_experience":833047,"relics_obtained":[{"floor":6,"key":"StrikeDummy"},{"floor":9,"key":"Matryoshka"}],"event_choices":[{"damage_healed":0,"gold_gain":0,"player_choice":"Entered Light","damage_taken":14,"max_hp_gain":0,"max_hp_loss":0,"event_name":"Shining Light","floor":7,"gold_loss":0,"cards_upgraded":["Blade Dance","Strike_G"]},{"damage_healed":0,"gold_gain":75,"player_choice":"Gather Gold","damage_taken":11,"max_hp_gain":0,"max_hp_loss":0,"event_name":"World of Goop","floor":10,"gold_loss":0}],"is_beta":false,"boss_relics":[],"items_purged_floors":[11],"is_endless":false,"potions_floor_spawned":[2,3,5],"killed_by":"Slime Boss","ascension_level":12}