{"gold_per_floor":[118,118,131,146,146,146,146,173,173,22,22,38,0,14,14,91,91,103,118,133,133,143,143,174,174,174,202,202,1,11,43,43,115,115,132,152,165,165,184,214,227,259,316,340,386,398,422,434,446,458],"floor_reached":51,"playtime":2901,"items_purged":["Strike_G"],"score":1311,"play_id":"e3d49797-6050-4327-aa98-45a7450f430c","local_time":"20210926180052","is_ascension_mode":true,"campfire_choices":[{"data":"Envenom","floor":6,"key":"SMITH"},{"data":"Backstab","floor":11,"key":"SMITH"},{"data":"Footwork","floor":15,"key":"SMITH"},{"data":"Wraith Form v2","floor":23,"key":"SMITH"},{"data":"Wraith Form v2","floor":25,"key":"SMITH"},{"data":"PiercingWail","floor":28,"key":"SMITH"},{"floor":32,"key":"DIG"},{"floor":46,"key":"REST"},{"floor":49,"key":"DIG"}],"neow_cost":"NONE","seed_source_timestamp":834243088617900,"circlet_count":0,"master_deck":["AscendersBane","Strike_G","Strike_G","Strike_G","Strike_G","Defend_G","Defend_G","Defend_G","Defend_G","Defend_G","Survivor","Neutralize","Envenom+1","Quick Slash+1","Predator","Backstab+1","Sucker Punch","Footwork+1","Blur","Wraith Form v2+1","Terror","PiercingWail+1","Wraith Form v2+1","Acrobatics","Backflip","Cloak And Dagger+1","Noxious Fumes","Distraction+1","Adrenaline+1","Venomology+1","Dagger Spray+1","Blade Dance+1","Prepared+1","Trip+1","Envenom","Dagger Spray","Cloak And Dagger+1","Crippling Poison+1","After Image+1","Blur+1","Noxious Fumes+1"],"relics":["Ring of the Snake","StrikeDummy","Blood Vial","Letter Opener","TwistedFunnel","Philosopher\u0027s Stone","Anchor","Toxic Egg 2","Shovel","Bottled Flame","Pantograph","Black Star","Frozen Egg 2","Pear","MawBank","Pocketwatch","Dream Catcher","Shuriken","Singing Bowl","Strawberry"],"potions_floor_usage":[8,16,24,27,35,36,37,37,39,39,40,41,45,47,47,50,50],"damage_taken":[{"damage":1,"enemies":"Cultist","floor":1,"turns":4},{"damage":1,"enemies":"Jaw Worm","floor":3,"turns":5},{"damage":2,"enemies":"2 Louse","floor":4,"turns":2},{"damage":24,"enemies":"Gremlin Nob","floor":8,"turns":4},{"damage":3,"enemies":"Exordium Thugs","floor":12,"turns":3},{"damage":0,"enemies":"Exordium Wildlife","floor":14,"turns":3},{"damage":5,"enemies":"Slime Boss","floor":16,"turns":8},{"damage":2,"enemies":"2 Thieves","floor":18,"turns":4},{"damage":13,"enemies":"Spheric Guardian","floor":19,"turns":6},{"damage":3,"enemies":"Snake Plant","floor":20,"turns":3},{"damage":0,"enemies":"Centurion and Healer","floor":22,"turns":6},{"damage":4,"enemies":"Book of Stabbing","floor":24,"turns":6},{"damage":1,"enemies":"Slavers","floor":27,"turns":6},{"damage":8,"enemies":"Chosen and Byrds","floor":30,"turns":6},{"damage":3,"enemies":"Gremlin Leader","floor":31,"turns":7},{"damage":5,"enemies":"Automaton","floor":33,"turns":11},{"damage":0,"enemies":"3 Shapes","floor":35,"turns":7},{"damage":0,"enemies":"3 Darklings","floor":36,"turns":4},{"damage":7,"enemies":"Writhing Mass","floor":37,"turns":6},{"damage":20,"enemies":"Spire Growth","floor":39,"turns":7},{"damage":36,"enemies":"Reptomancer","floor":40,"turns":9},{"damage":0,"enemies":"Jaw Worm Horde","floor":41,"turns":4},{"damage":9,"enemies":"Nemesis","floor":42,"turns":9},{"damage":0,"enemies":"Writhing Mass","floor":44,"turns":8},{"damage":11,"enemies":"Reptomancer","floor":45,"turns":6},{"damage":4,"enemies":"Maw","floor":47,"turns":6},{"damage":68,"enemies":"Time Eater","floor":50,"turns":15}],"seed_played":"-2690923944920869029","potions_obtained":[{"floor":4,"key":"Weak Potion"},{"floor":14,"key":"AttackPotion"},{"floor":16,"key":"SkillPotion"},{"floor":18,"key":"Explosive Potion"},{"floor":30,"key":"Ancient Potion"},{"floor":37,"key":"Weak Potion"},{"floor":40,"key":"Swift Potion"},{"floor":47,"key":"Block Potion"}],"is_trial":false,"path_per_floor":["M","?","M","M","?","R","?","E","T","$","R","M","$","M","R","B",null,"M","M","M","?","M","R","E","R","T","E","R","$","M","E","R","B",null,"M","M","M","?","M","E","M","E","T","M","E","R","M","?","R","B",null],"character_chosen":"THE_SILENT","items_purchased":["TwistedFunnel","Footwork","Noxious Fumes","Fire Potion"],"campfire_rested":1,"item_purchase_floors":[10,13,29,29],"current_hp_per_floor":[62,50,49,47,47,47,47,23,23,23,23,22,22,24,24,21,58,58,47,46,46,48,48,46,46,46,47,47,47,41,40,40,62,68,70,70,63,63,45,36,38,31,31,33,26,52,52,52,59,18],"gold":470,"neow_bonus":"ONE_RANDOM_RARE_CARD","is_prod":false,"is_daily":false,"chose_seed":false,"campfire_upgraded":6,"win_rate":0,"timestamp":1632693652,"path_taken":["M","?","M","M","?","R","?","E","T","$","R","?","$","M","R","BOSS","M","M","M","?","M","R","E","R","T","E","R","$","M","E","R","BOSS","M","?","M","?","M","E","M","E","T","M","E","R","?","?","R","BOSS"],"build_version":"2020-12-22","purchased_purges":1,"victory":true,"max_hp_per_floor":[70,70,70,70,70,70,70,70,70,70,70,70,70,70,70,70,70,70,70,70,70,70,70,70,70,70,70,70,70,70,70,70,70,70,70,70,70,70,70,80,80,80,80,80,82,84,86,83,90,90],"card_choices":[{"not_picked":["Underhanded Strike","Bouncing Flask","Expertise"],"picked":"SKIP","floor":1},{"not_picked":["Flying Knee","Eviscerate"],"picked":"Quick Slash","floor":3},{"not_picked":["Prepared","Tactician"],"picked":"Predator","floor":4},{"not_picked":["Catalyst","Escape Plan"],"picked":"Backstab","floor":8},{"not_picked":["Reflex","Bouncing Flask"],"picked":"Sucker Punch","floor":12},{"not_picked":["Sucker Punch","Dagger Throw"],"picked":"Blur","floor":14},{"not_picked":["Malaise","Adrenaline"],"picked":"Wraith Form v2","floor":16},{"not_picked":["Prepared","Heel Hook"],"picked":"Terror","floor":18},{"not_picked":["Endless Agony","Dagger Spray"],"picked":"PiercingWail","floor":19},{"not_picked":["Caltrops","Dagger Throw","Heel Hook"],"picked":"SKIP","floor":20},{"not_picked":["Expertise","Riddle With Holes"],"picked":"Acrobatics","floor":22},{"not_picked":["Predator","Deadly Poison"],"picked":"Backflip","floor":24},{"not_picked":["Heel Hook","Poisoned Stab"],"picked":"Cloak And Dagger+1","floor":27},{"not_picked":["Reflex+1","Quick Slash"],"picked":"Distraction+1","floor":30},{"not_picked":["Accuracy","Slice"],"picked":"Adrenaline+1","floor":31},{"not_picked":["Grand Finale","Bullet Time+1"],"picked":"Venomology+1","floor":33},{"not_picked":["Outmaneuver+1","Predator+1"],"picked":"Dagger Spray+1","floor":35},{"not_picked":["Bouncing Flask+1","Slice"],"picked":"Blade Dance+1","floor":36},{"not_picked":["Heel Hook+1","Noxious Fumes"],"picked":"Prepared+1","floor":37},{"not_picked":["Outmaneuver+1","Dodge and Roll+1"],"picked":"Cloak And Dagger+1","floor":39},{"not_picked":["PiercingWail+1","Setup+1"],"picked":"Crippling Poison+1","floor":40},{"not_picked":["Expertise+1","Footwork+1"],"picked":"After Image+1","floor":41},{"not_picked":["Eviscerate+1","PiercingWail+1"],"picked":"Blur+1","floor":42},{"not_picked":["Deflect+1","Dodge and Roll+1"],"picked":"Noxious Fumes+1","floor":44},{"not_picked":["Dagger Throw","PiercingWail+1","Backstab"],"picked":"Singing Bowl","floor":45},{"not_picked":["Cloak And Dagger+1","Footwork+1","Leg Sweep+1"],"picked":"Singing Bowl","floor":46},{"not_picked":["Blur+1","Tactician+1","Bane"],"picked":"Singing Bowl","floor":47}],"player_experience":939658,"relics_obtained":[{"floor":8,"key":"Blood Vial"},{"floor":9,"key":"Letter Opener"},{"floor":24,"key":"Anchor"},{"floor":26,"key":"Toxic Egg 2"},{"floor":27,"key":"Shovel"},{"floor":31,"key":"Bottled Flame"},{"floor":32,"key":"Pantograph"},{"floor":40,"key":"Frozen Egg 2"},{"floor":40,"key":"Pear"},{"floor":42,"key":"MawBank"},{"floor":42,"key":"Pocketwatch"},{"floor":43,"key":"Dream Catcher"},{"floor":45,"key":"Shuriken"},{"floor":45,"key":"Singing Bowl"},{"floor":49,"key":"Strawberry"}],"event_choices":[{"damage_healed":0,"gold_gain":0,"player_choice":"Success","damage_taken":12,"relics_obtained":["StrikeDummy"],"max_hp_gain":0,"max_hp_loss":0,"event_name":"Scrap Ooze","floor":2,"gold_loss":0},{"damage_healed":0,"gold_gain":0,"player_choice":"Ignored","damage_taken":0,"max_hp_gain":0,"max_hp_loss":0,"event_name":"Liars Game","floor":5,"gold_loss":0},{"damage_healed":0,"gold_gain":0,"player_choice":"Upgraded","damage_taken":0,"max_hp_gain":0,"max_hp_loss":0,"event_name":"Upgrade Shrine","floor":7,"gold_loss":0,"cards_upgraded":["Quick Slash"]},{"damage_healed":0,"gold_gain":0,"player_choice":"Copied","damage_taken":0,"max_hp_gain":0,"max_hp_loss":0,"event_name":"Duplicator","floor":21,"gold_loss":0,"cards_obtained":["Wraith Form v2"]},{"damage_healed":0,"gold_gain":0,"player_choice":"3 cards matched","damage_taken":0,"max_hp_gain":0,"max_hp_loss":0,"event_name":"Match and Keep!","floor":38,"gold_loss":0,"cards_obtained":["Trip","Envenom","Dagger Spray"]},{"cards_removed":["Parasite"],"damage_healed":0,"gold_gain":0,"player_choice":"Removed Curses","damage_taken":0,"max_hp_gain":0,"max_hp_loss":0,"event_name":"Fountain of Cleansing","floor":48,"gold_loss":0}],"is_beta":false,"boss_relics":[{"not_picked":["Runic Dome","Busted Crown"],"picked":"Philosopher\u0027s Stone"},{"not_picked":["Calling Bell","SacredBark"],"picked":"Black Star"}],"items_purged_floors":[29],"is_endless":false,"potions_floor_spawned":[4,14,16,18,19,30,31,33,35,37,40,44,47],"ascension_level":13}