{"gold_per_floor":[118,131,131,142,162,162,191,204,204,52,52,62,94,111,111,183,183,197,197,197,197,216,216,246,265,292,326,241,241,241,66,66,141,141,151,161,174,5,59,59,92,92,92,92,1,1,29,29,29,29,29,29,29,56,56],"floor_reached":55,"playtime":2513,"items_purged":["Strike_G","Strike_G","Defend_G"],"score":1293,"play_id":"8ae6dbdd-e0db-48a1-ba3e-a6595e30c648","local_time":"20211010133030","is_ascension_mode":true,"campfire_choices":[{"data":"Dagger Spray","floor":6,"key":"SMITH"},{"floor":11,"key":"REST"},{"data":"Blade Dance","floor":15,"key":"SMITH"},{"floor":23,"key":"REST"},{"floor":30,"key":"REST"},{"floor":32,"key":"REST"},{"data":"Bane","floor":40,"key":"PURGE"},{"data":"Defend_G","floor":42,"key":"PURGE"},{"data":"Defend_G","floor":44,"key":"PURGE"},{"data":"Storm of Steel","floor":46,"key":"PURGE"},{"floor":49,"key":"RECALL"},{"data":"Underhanded Strike+1","floor":52,"key":"PURGE"}],"neow_cost":"NONE","seed_source_timestamp":595690742575300,"circlet_count":0,"master_deck":["AscendersBane","Defend_G+1","Survivor+1","Neutralize+1","Malaise+1","Dagger Spray+1","Quick Slash+1","Leg Sweep+1","Blade Dance+1","Accuracy+1","PiercingWail+1","Dagger Throw+1","Corpse Explosion+1","PiercingWail+1","Distraction+1","Backflip+1","PiercingWail+1","Backflip+1","Terror+1","Burst+1","Acrobatics+1","Accuracy+1","Noxious Fumes+1","Blade Dance+1","Accuracy+1","Blade Dance+1","Burst+1","Accuracy+1","Acrobatics+1"],"relics":["Ring of the Snake","Anchor","Paper Crane","Fusion Hammer","Enchiridion","Letter Opener","Akabeko","Smiling Mask","Prayer Wheel","MealTicket","Coffee Dripper","Peace Pipe","Centennial Puzzle","Strawberry","Mark of the Bloom","Orichalcum"],"potions_floor_usage":[5,7,13,16,18,27,33,33,41,47,55],"damage_taken":[{"damage":0,"enemies":"Cultist","floor":1,"turns":6},{"damage":2,"enemies":"Jaw Worm","floor":2,"turns":7},{"damage":0,"enemies":"2 Louse","floor":4,"turns":2},{"damage":0,"enemies":"Lots of Slimes","floor":5,"turns":1},{"damage":35,"enemies":"Gremlin Nob","floor":7,"turns":5},{"damage":0,"enemies":"Blue Slaver","floor":8,"turns":4},{"damage":0,"enemies":"Exordium Thugs","floor":12,"turns":4},{"damage":10,"enemies":"Lagavulin","floor":13,"turns":9},{"damage":0,"enemies":"Exordium Wildlife","floor":14,"turns":3},{"damage":15,"enemies":"The Guardian","floor":16,"turns":16},{"damage":7,"enemies":"Spheric Guardian","floor":18,"turns":4},{"damage":0,"enemies":"Chosen","floor":22,"turns":4},{"damage":4,"enemies":"Book of Stabbing","floor":24,"turns":6},{"damage":4,"enemies":"Snake Plant","floor":25,"turns":5},{"damage":19,"enemies":"Gremlin Leader","floor":27,"turns":9},{"damage":16,"enemies":"Collector","floor":33,"turns":6},{"damage":0,"enemies":"3 Darklings","floor":35,"turns":2},{"damage":0,"enemies":"3 Shapes","floor":36,"turns":3},{"damage":7,"enemies":"Maw","floor":37,"turns":7},{"damage":3,"enemies":"2 Orb Walkers","floor":39,"turns":4},{"damage":9,"enemies":"Nemesis","floor":41,"turns":5},{"damage":8,"enemies":"Reptomancer","floor":47,"turns":5},{"damage":13,"enemies":"Awakened One","floor":50,"turns":8},{"damage":21,"enemies":"Shield and Spear","floor":54,"turns":4},{"damage":31,"enemies":"The Heart","floor":55,"turns":3}],"seed_played":"530880380789752381","potions_obtained":[{"floor":2,"key":"ColorlessPotion"},{"floor":4,"key":"Explosive Potion"},{"floor":8,"key":"SteroidPotion"},{"floor":12,"key":"Weak Potion"},{"floor":14,"key":"Dexterity Potion"},{"floor":22,"key":"SteroidPotion"},{"floor":27,"key":"LiquidBronze"},{"floor":33,"key":"LiquidMemories"},{"floor":35,"key":"Weak Potion"},{"floor":47,"key":"Weak Potion"},{"floor":54,"key":"DistilledChaos"}],"is_trial":false,"path_per_floor":["M","M","?","M","M","R","E","M","T","$","R","M","E","M","R","B",null,"M","?","?","?","M","R","E","M","T","E","?","T","R","$","R","B",null,"M","M","M","$","?","R","E","R","T","R","$","R","E","?","R","B",null,"R","$","E","B"],"character_chosen":"THE_SILENT","items_purchased":["Accuracy","Terror","Strength Potion","Blade Dance","Accuracy","Accuracy","Acrobatics"],"campfire_rested":4,"item_purchase_floors":[10,31,31,38,38,45,45],"current_hp_per_floor":[59,57,57,57,57,57,22,22,22,22,41,41,31,31,31,16,54,47,31,31,31,31,50,46,42,42,23,23,23,42,57,66,50,62,62,62,55,66,63,63,54,54,54,54,66,66,65,65,65,52,52,52,52,31,0],"gold":56,"neow_bonus":"ONE_RANDOM_RARE_CARD","is_prod":false,"is_daily":false,"chose_seed":false,"campfire_upgraded":2,"win_rate":0,"timestamp":1633887030,"path_taken":["M","M","?","M","?","R","E","M","T","$","R","M","E","M","R","BOSS","M","?","?","?","M","R","E","?","T","E","?","?","R","$","R","BOSS","M","M","M","$","?","R","E","R","T","R","$","R","E","?","R","BOSS","R","$","E","BOSS"],"build_version":"2020-12-22","purchased_purges":3,"victory":false,"max_hp_per_floor":[66,66,66,66,66,66,66,66,66,66,66,66,66,66,66,66,66,66,66,66,66,66,66,66,66,66,66,66,66,66,66,66,66,66,66,66,66,66,66,66,66,66,66,66,66,66,73,73,73,73,73,73,73,73,73],"card_choices":[{"not_picked":["Outmaneuver","Tactician"],"picked":"Bane","floor":1},{"not_picked":["Reflex","PiercingWail"],"picked":"Dagger Spray","floor":2},{"not_picked":["Endless Agony","Prepared"],"picked":"Quick Slash","floor":4},{"not_picked":["Bane","PiercingWail","Backflip"],"picked":"SKIP","floor":5},{"not_picked":["Flying Knee","Deflect"],"picked":"Leg Sweep","floor":7},{"not_picked":["Poisoned Stab","Terror"],"picked":"Blade Dance","floor":8},{"not_picked":["Endless Agony","All Out Attack"],"picked":"PiercingWail","floor":12},{"not_picked":["Poisoned Stab","Glass Knife"],"picked":"Dagger Throw","floor":13},{"not_picked":["Flying Knee","Dagger Spray","Poisoned Stab"],"picked":"SKIP","floor":14},{"not_picked":["Venomology","Storm of Steel"],"picked":"Corpse Explosion","floor":16},{"not_picked":["Prepared","Cloak And Dagger"],"picked":"PiercingWail","floor":18},{"not_picked":["Flying Knee","Prepared"],"picked":"Backflip","floor":22},{"not_picked":["Distraction","Slice"],"picked":"PiercingWail","floor":24},{"not_picked":["Crippling Poison","Sucker Punch"],"picked":"Backflip+1","floor":25},{"not_picked":["Deadly Poison","Setup","Endless Agony"],"picked":"SKIP","floor":27},{"not_picked":["Malaise","Phantasmal Killer"],"picked":"Burst","floor":33},{"not_picked":["Reflex","Cloak And Dagger"],"picked":"Acrobatics+1","floor":35},{"not_picked":["Poisoned Stab","Bane+1","Heel Hook+1"],"picked":"SKIP","floor":35},{"not_picked":["Prepared","Bouncing Flask"],"picked":"Accuracy","floor":36},{"not_picked":["Tactician","Calculated Gamble","Glass Knife"],"picked":"SKIP","floor":36},{"not_picked":["Backflip+1","Leg Sweep+1"],"picked":"Noxious Fumes","floor":37},{"not_picked":["Underhanded Strike","PiercingWail","Dash+1"],"picked":"SKIP","floor":37},{"not_picked":["Underhanded Strike+1","Riddle With Holes"],"picked":"Blade Dance","floor":39},{"not_picked":["Eviscerate","Cloak And Dagger"],"picked":"Burst","floor":41},{"not_picked":["Bouncing Flask","Underhanded Strike+1","Riddle With Holes"],"picked":"SKIP","floor":47},{"not_picked":["Flying Knee","Sucker Punch","Masterful Stab+1"],"picked":"SKIP","floor":54}],"player_experience":961454,"relics_obtained":[{"floor":7,"key":"Anchor"},{"floor":9,"key":"Paper Crane"},{"floor":19,"key":"Enchiridion"},{"floor":24,"key":"Letter Opener"},{"floor":26,"key":"Akabeko"},{"floor":27,"key":"Smiling Mask"},{"floor":29,"key":"MealTicket"},{"floor":39,"key":"Peace Pipe"},{"floor":41,"key":"Centennial Puzzle"},{"floor":47,"key":"Strawberry"},{"floor":54,"key":"Orichalcum"}],"event_choices":[{"damage_healed":0,"gold_gain":0,"cards_transformed":["Defend_G"],"player_choice":"Transformed","damage_taken":0,"max_hp_gain":0,"max_hp_loss":0,"event_name":"Transmorgrifier","floor":3,"gold_loss":0,"cards_obtained":["Underhanded Strike"]},{"damage_healed":0,"gold_gain":0,"player_choice":"Obtained Book","damage_taken":16,"max_hp_gain":0,"max_hp_loss":0,"event_name":"Cursed Tome","floor":19,"gold_loss":0},{"damage_healed":0,"gold_gain":0,"cards_transformed":["Strike_G","Strike_G"],"player_choice":"Became Test Subject","damage_taken":0,"max_hp_gain":0,"max_hp_loss":0,"event_name":"Drug Dealer","floor":20,"gold_loss":0,"cards_obtained":["Storm of Steel","Distraction"]},{"cards_removed":["Strike_G"],"damage_healed":0,"gold_gain":0,"player_choice":"Purged","damage_taken":0,"max_hp_gain":0,"max_hp_loss":0,"event_name":"Purifier","floor":21,"gold_loss":0},{"damage_healed":0,"gold_gain":0,"player_choice":"Obtained Relic","damage_taken":0,"relics_obtained":["Prayer Wheel"],"max_hp_gain":0,"max_hp_loss":0,"event_name":"Addict","floor":28,"gold_loss":85},{"damage_healed":0,"gold_gain":0,"player_choice":"Fight","damage_taken":0,"max_hp_gain":0,"max_hp_loss":0,"event_name":"Mysterious Sphere","floor":39,"gold_loss":0},{"damage_healed":0,"gold_gain":0,"player_choice":"Upgrade","damage_taken":0,"relics_obtained":["Mark of the Bloom"],"max_hp_gain":0,"max_hp_loss":0,"event_name":"MindBloom","floor":48,"gold_loss":0,"cards_upgraded":["Defend_G","Survivor","Neutralize","Malaise","Underhanded Strike","Quick Slash","Leg Sweep","Accuracy","PiercingWail","Dagger Throw","Corpse Explosion","PiercingWail","Distraction","Backflip","PiercingWail","Terror","Burst","Accuracy","Noxious Fumes","Blade Dance","Accuracy","Blade Dance","Burst","Accuracy","Acrobatics"]}],"is_beta":false,"boss_relics":[{"not_picked":["Busted Crown","Black Star"],"picked":"Fusion Hammer"},{"not_picked":["Pandora\u0027s Box","Velvet Choker"],"picked":"Coffee Dripper"}],"items_purged_floors":[10,31,38],"is_endless":false,"potions_floor_spawned":[2,4,8,12,14,22,27,33,35,36,47,54],"killed_by":"The Heart","ascension_level":14}