{"gold_per_floor":[113,163,174,184,194,194,223,223,271,271,129,159,172,186,186,259,259,278,289,304,315,315,315,349,145,145,155,205,235,235,254,254,254],"floor_reached":33,"playtime":2445,"items_purged":["Strike_G","Strike_G"],"score":698,"play_id":"09ea1304-f6b8-4c09-a048-7bfbce607dd9","local_time":"20220304153110","is_ascension_mode":true,"campfire_choices":[{"data":"Choke","floor":6.0,"key":"SMITH"},{"floor":8.0,"key":"REST"},{"data":"Blade Dance","floor":15.0,"key":"SMITH"},{"data":"Footwork","floor":23.0,"key":"SMITH"},{"data":"Grand Finale","floor":30,"key":"SMITH"},{"floor":32,"key":"REST"}],"neow_cost":"TEN_PERCENT_HP_LOSS","seed_source_timestamp":199583835999200,"circlet_count":0,"master_deck":["AscendersBane","Strike_G","Strike_G","Strike_G","Defend_G","Defend_G","Defend_G","Survivor","Neutralize","Blade Dance+1","Choke+1","Sucker Punch","All Out Attack","Backstab","Well Laid Plans","Grand Finale+1","Footwork+1","Blade Dance","Backflip","Finisher+1"],"special_seed":0,"relics":["Ring of the Snake","HornCleat","Oddly Smooth Stone","FossilizedHelix","Nunchaku","Runic Pyramid","Boot","Bottled Lightning"],"potions_floor_usage":[24,29,33,33],"damage_taken":[{"damage":0.0,"enemies":"Jaw Worm","floor":1.0,"turns":4.0},{"damage":0.0,"enemies":"Cultist","floor":3.0,"turns":3.0},{"damage":0.0,"enemies":"2 Louse","floor":4.0,"turns":2.0},{"damage":19.0,"enemies":"Exordium Thugs","floor":5.0,"turns":5.0},{"damage":30.0,"enemies":"Lagavulin","floor":7.0,"turns":10.0},{"damage":0.0,"enemies":"Gremlin Nob","floor":12.0,"turns":4.0},{"damage":0.0,"enemies":"2 Fungi Beasts","floor":13.0,"turns":2.0},{"damage":0.0,"enemies":"Large Slime","floor":14.0,"turns":3.0},{"damage":0.0,"enemies":"Slime Boss","floor":16.0,"turns":6.0},{"damage":0.0,"enemies":"Shell Parasite","floor":18.0,"turns":3.0},{"damage":0.0,"enemies":"Chosen","floor":19.0,"turns":3.0},{"damage":10.0,"enemies":"Snake Plant","floor":20.0,"turns":3.0},{"damage":9.0,"enemies":"Centurion and Healer","floor":21.0,"turns":3.0},{"damage":14,"enemies":"Gremlin Leader","floor":24,"turns":8},{"damage":0,"enemies":"Sentry and Sphere","floor":27,"turns":5},{"damage":0,"enemies":"Book of Stabbing","floor":29,"turns":4},{"damage":0,"enemies":"Snake Plant","floor":31,"turns":3},{"damage":45,"enemies":"Collector","floor":33,"turns":6}],"seed_played":"-7786846582327165403","potions_obtained":[{"floor":3.0,"key":"GamblersBrew"},{"floor":7.0,"key":"BlessingOfTheForge"},{"floor":12.0,"key":"Regen Potion"},{"floor":16.0,"key":"DuplicationPotion"},{"floor":24,"key":"AttackPotion"},{"floor":31,"key":"Poison Potion"}],"is_trial":false,"path_per_floor":["M","?","M","M","M","R","E","R","T","T","$","E","M","M","R","B",null,"M","M","M","M","?","R","E","$","T","M","?","E","R","M","R","B"],"character_chosen":"THE_SILENT","items_purchased":["Well Laid Plans","Backflip","DistilledChaos"],"campfire_rested":2,"item_purchase_floors":[11,25,25],"current_hp_per_floor":[59,53,53,53,34,34,4,22,22,22,22,22,22,22,22,22,51,51,51,41,41,41,41,27,27,27,27,27,27,27,27,45,0],"gold":254,"neow_bonus":"REMOVE_TWO","is_prod":false,"is_daily":false,"chose_seed":false,"campfire_upgraded":4,"win_rate":0,"timestamp":1646425870,"path_taken":["M","?","M","?","M","R","E","R","T","?","$","E","M","M","R","BOSS","M","?","M","?","?","R","E","$","T","M","?","E","R","?","R","BOSS"],"build_version":"2022-02-27","purchased_purges":2,"victory":false,"max_hp_per_floor":[60,60,60,60,60,60,60,60,60,60,60,60,60,60,60,60,60,60,60,60,60,60,60,60,60,60,60,60,60,60,60,60,60],"card_choices":[{"not_picked":["Dodge and Roll","Dagger Throw"],"picked":"Blade Dance","floor":1.0},{"not_picked":["Dagger Throw","Dodge and Roll"],"picked":"Choke","floor":3.0},{"not_picked":["Dodge and Roll","Backflip"],"picked":"Sucker Punch","floor":4.0},{"not_picked":["Acrobatics","Sucker Punch"],"picked":"All Out Attack","floor":5.0},{"not_picked":["Poisoned Stab","Bouncing Flask"],"picked":"Backstab","floor":7.0},{"not_picked":["Bane","Calculated Gamble","Expertise"],"picked":"SKIP","floor":12.0},{"not_picked":["Catalyst","Prepared","Riddle With Holes"],"picked":"SKIP","floor":13.0},{"not_picked":["Prepared","Flying Knee","Envenom"],"picked":"SKIP","floor":14.0},{"not_picked":["Unload","Tools of the Trade"],"picked":"Grand Finale","floor":16.0},{"not_picked":["Skewer+1","Deflect","Expertise"],"picked":"SKIP","floor":18.0},{"not_picked":["Crippling Poison","Dagger Throw+1","Dodge and Roll"],"picked":"SKIP","floor":19.0},{"not_picked":["Poisoned Stab","Outmaneuver","Dagger Spray"],"picked":"SKIP","floor":20.0},{"not_picked":["Crippling Poison","Skewer"],"picked":"Footwork","floor":21.0},{"not_picked":["Riddle With Holes","Infinite Blades"],"picked":"Blade Dance","floor":24},{"not_picked":["Flying Knee+1","Bouncing Flask","Night Terror"],"picked":"SKIP","floor":27},{"not_picked":["Distraction","Deflect"],"picked":"Finisher+1","floor":29},{"not_picked":["Deflect","Backflip","Bane"],"picked":"SKIP","floor":31}],"player_experience":1003032,"relics_obtained":[{"floor":7.0,"key":"HornCleat"},{"floor":9.0,"key":"Oddly Smooth Stone"},{"floor":10.0,"key":"FossilizedHelix"},{"floor":12.0,"key":"Nunchaku"},{"floor":24,"key":"Boot"},{"floor":29,"key":"Bottled Lightning"}],"event_choices":[{"damage_healed":0.0,"max_hp_gain":0.0,"max_hp_loss":0.0,"gold_gain":50.0,"event_name":"FaceTrader","player_choice":"Touch","floor":2.0,"gold_loss":0.0,"damage_taken":6.0},{"damage_healed":0.0,"max_hp_gain":0.0,"max_hp_loss":0.0,"gold_gain":0.0,"event_name":"Vampires","player_choice":"Ignored","floor":22.0,"gold_loss":0.0,"damage_taken":0.0},{"damage_healed":0,"gold_gain":50,"player_choice":"Stole From Cult","damage_taken":0,"max_hp_gain":0,"max_hp_loss":0,"event_name":"Nest","floor":28,"gold_loss":0}],"is_beta":false,"boss_relics":[{"not_picked":["Coffee Dripper","Cursed Key"],"picked":"Runic Pyramid"}],"items_purged_floors":[11,25],"is_endless":false,"potions_floor_spawned":[3,7,12,16,19,24,27,31],"killed_by":"Collector","ascension_level":15}