{"gold_per_floor":[116,134,151,23,37,37,69,69,96,124,124,138,149,181,181,181],"floor_reached":16,"playtime":716,"items_purged":["Writhe"],"score":244,"play_id":"59cca945-133e-427e-9738-fd3bf96b1f93","local_time":"20220623014047","is_ascension_mode":true,"campfire_choices":[{"data":"Dagger Spray","floor":6,"key":"SMITH"},{"data":"Slice","floor":8,"key":"SMITH"},{"floor":15,"key":"REST"}],"neow_cost":"CURSE","seed_source_timestamp":514274011685200,"circlet_count":0,"master_deck":["AscendersBane","Strike_G","Strike_G","Strike_G","Strike_G","Defend_G","Defend_G","Defend_G","Survivor","Neutralize","Tools of the Trade","PiercingWail","Slice+1","Prepared","Dagger Spray+1","Quick Slash","Eviscerate","Eviscerate"],"relics":["Ring of the Snake","Strawberry","Oddly Smooth Stone","Ancient Tea Set"],"potions_floor_usage":[7,14,14,16],"damage_taken":[{"damage":7,"enemies":"Small Slimes","floor":1,"turns":4},{"damage":0,"enemies":"Cultist","floor":2,"turns":4},{"damage":0,"enemies":"Jaw Worm","floor":3,"turns":5},{"damage":2,"enemies":"3 Louse","floor":5,"turns":4},{"damage":22,"enemies":"Gremlin Nob","floor":7,"turns":4},{"damage":28,"enemies":"3 Sentries","floor":10,"turns":9},{"damage":0,"enemies":"Looter","floor":12,"turns":3},{"damage":3,"enemies":"Blue Slaver","floor":13,"turns":3},{"damage":3,"enemies":"Gremlin Nob","floor":14,"turns":3},{"damage":22,"enemies":"The Guardian","floor":16,"turns":9}],"seed_played":"-8490059419783133105","potions_obtained":[{"floor":2,"key":"LiquidBronze"},{"floor":12,"key":"GhostInAJar"},{"floor":14,"key":"SpeedPotion"}],"is_trial":false,"path_per_floor":["M","M","M","$","M","R","E","R","T","E","?","M","M","E","R","B"],"character_chosen":"THE_SILENT","items_purchased":["Fire Potion"],"campfire_rested":1,"item_purchase_floors":[4],"current_hp_per_floor":[52,52,52,52,50,50,35,35,35,7,7,7,4,1,22,0],"gold":181,"neow_bonus":"TRANSFORM_TWO_CARDS","is_prod":false,"is_daily":false,"chose_seed":false,"campfire_upgraded":2,"win_rate":0,"timestamp":1655962847,"path_taken":["M","M","M","$","M","R","E","R","T","E","?","M","?","E","R","BOSS"],"build_version":"2022-03-07","purchased_purges":1,"victory":false,"max_hp_per_floor":[66,66,66,66,66,66,73,73,73,73,73,73,73,73,73,73],"relic_stats":{"counters":[10,48],"Ancient Tea Set":[2],"obtain_stats":[{"Strawberry":7,"Oddly Smooth Stone":10,"Ancient Tea Set":14,"Ring of the Snake":0},{"Strawberry":5,"Oddly Smooth Stone":6,"Ancient Tea Set":9,"Ring of the Snake":0},{"Strawberry":21,"Oddly Smooth Stone":30,"Ancient Tea Set":39,"Ring of the Snake":0}],"Ring of the Snake":[20]},"card_choices":[{"not_picked":["Footwork","Well Laid Plans"],"picked":"Slice","floor":1},{"not_picked":["Blur","Flying Knee","Bane"],"picked":"SKIP","floor":2},{"not_picked":["Bane","Bouncing Flask"],"picked":"Prepared","floor":3},{"not_picked":["Catalyst","Bane"],"picked":"Dagger Spray","floor":5},{"not_picked":["Poisoned Stab","Riddle With Holes","Setup"],"picked":"SKIP","floor":7},{"not_picked":["Deadly Poison","Flying Knee","Quick Slash"],"picked":"SKIP","floor":10},{"not_picked":["Blade Dance","Accuracy","Outmaneuver"],"picked":"SKIP","floor":12},{"not_picked":["Deadly Poison","Skewer"],"picked":"Eviscerate","floor":13},{"not_picked":["Envenom","Caltrops"],"picked":"Eviscerate","floor":14}],"player_experience":1049951,"relics_obtained":[{"floor":7,"key":"Strawberry"},{"floor":10,"key":"Oddly Smooth Stone"},{"floor":14,"key":"Ancient Tea Set"}],"event_choices":[{"damage_healed":0,"gold_gain":0,"cards_transformed":["Strike_G"],"player_choice":"Transformed","damage_taken":0,"max_hp_gain":0,"max_hp_loss":0,"event_name":"Transmorgrifier","floor":11,"gold_loss":0,"cards_obtained":["Quick Slash"]}],"is_beta":false,"boss_relics":[],"items_purged_floors":[4],"is_endless":false,"potions_floor_spawned":[2,12,13,14],"killed_by":"The Guardian","ascension_level":20}