{"gold_per_floor":[112,128,128,128,203,231,231],"floor_reached":7,"playtime":212,"items_purged":[],"score":96,"play_id":"e5b1b7e2-ac45-40e1-88ee-e98ebc151dc8","local_time":"20220617003749","is_ascension_mode":true,"campfire_choices":[],"neow_cost":"PERCENT_DAMAGE","seed_source_timestamp":856952473178100,"circlet_count":0,"master_deck":["AscendersBane","Strike_G","Strike_G","Strike_G","Strike_G","Strike_G","Defend_G","Defend_G","Defend_G","Defend_G","Defend_G","Survivor","Neutralize","Secret Technique","Sucker Punch","Poisoned Stab","Backflip"],"relics":["Ring of the Snake","Gremlin Horn","Tingsha"],"potions_floor_usage":[6],"damage_taken":[{"damage":0,"enemies":"Small Slimes","floor":1,"turns":4},{"damage":1,"enemies":"2 Louse","floor":2,"turns":3},{"damage":21,"enemies":"Lagavulin","floor":6,"turns":8},{"damage":16,"enemies":"The Mushroom Lair","floor":7,"turns":2}],"seed_played":"7147218651307659159","potions_obtained":[{"floor":1,"key":"BlessingOfTheForge"}],"is_trial":false,"path_per_floor":["M","M","?","?","?","E","?"],"character_chosen":"THE_SILENT","items_purchased":[],"campfire_rested":0,"item_purchase_floors":[],"current_hp_per_floor":[44,43,25,47,36,15,0],"gold":231,"neow_bonus":"RANDOM_COLORLESS_2","is_prod":false,"is_daily":false,"chose_seed":false,"campfire_upgraded":0,"win_rate":0,"timestamp":1655440669,"path_taken":["M","M","?","?","?","E","?"],"build_version":"2022-03-07","purchased_purges":0,"victory":false,"max_hp_per_floor":[66,66,66,66,66,66,66],"card_choices":[{"not_picked":["Chrysalis","Transmutation"],"picked":"Secret Technique","floor":0},{"not_picked":["Deflect","Dodge and Roll"],"picked":"Sucker Punch","floor":1},{"not_picked":["Accuracy","Leg Sweep"],"picked":"Poisoned Stab","floor":2},{"not_picked":["Cloak And Dagger","Underhanded Strike"],"picked":"Backflip","floor":6}],"player_experience":1042641,"relics_obtained":[{"floor":6,"key":"Tingsha"}],"event_choices":[{"damage_healed":0,"gold_gain":0,"player_choice":"Success","damage_taken":18,"relics_obtained":["Gremlin Horn"],"max_hp_gain":0,"max_hp_loss":0,"event_name":"Scrap Ooze","floor":3,"gold_loss":0},{"damage_healed":22,"gold_gain":0,"player_choice":"Banana","damage_taken":0,"max_hp_gain":0,"max_hp_loss":0,"event_name":"Big Fish","floor":4,"gold_loss":0},{"damage_healed":0,"gold_gain":75,"player_choice":"Gather Gold","damage_taken":11,"max_hp_gain":0,"max_hp_loss":0,"event_name":"World of Goop","floor":5,"gold_loss":0},{"damage_healed":0,"gold_gain":0,"player_choice":"Fought Mushrooms","damage_taken":0,"max_hp_gain":0,"max_hp_loss":0,"event_name":"Mushrooms","floor":7,"gold_loss":0}],"is_beta":false,"boss_relics":[],"items_purged_floors":[],"is_endless":false,"potions_floor_spawned":[1],"killed_by":"The Mushroom Lair","ascension_level":19}