{"gold_per_floor":[117,130,130,143,153,153,181,181,181,225,225,268,268,284,284,383,383,406,426,426,445,117,155,155,189,212,212,212],"floor_reached":28,"playtime":1250,"items_purged":["Strike_G"],"score":591,"play_id":"4eee6f5d-732e-4a69-8511-6f64358cea66","local_time":"20220617003409","is_ascension_mode":true,"campfire_choices":[{"data":"Die Die Die","floor":6,"key":"SMITH"},{"floor":11,"key":"REST"},{"data":"Blade Dance","floor":13,"key":"SMITH"},{"floor":15,"key":"REST"},{"floor":24,"key":"REST"}],"neow_cost":"NONE","seed_source_timestamp":855694489730100,"circlet_count":0,"master_deck":["AscendersBane","Strike_G","Strike_G","Strike_G","Defend_G","Defend_G","Defend_G","Defend_G","Survivor","Neutralize","Slice","Cloak And Dagger","Die Die Die+1","Dagger Spray","Venomology","Blade Dance+1","Accuracy","Dagger Spray+1","Burst","Corpse Explosion","Footwork","Apotheosis","Blade Dance","Calculated Gamble+1","Escape Plan"],"relics":["Ring of the Snake","Molten Egg 2","Golden Idol","The Specimen","Lizard Tail","StrikeDummy","Runic Pyramid","Incense Burner","Calipers","Strawberry"],"potions_floor_usage":[10,10,12,14,16,16,16,19,19,20,20,21,23,25],"damage_taken":[{"damage":0,"enemies":"Jaw Worm","floor":1,"turns":4},{"damage":0,"enemies":"Cultist","floor":2,"turns":4},{"damage":0,"enemies":"2 Louse","floor":4,"turns":3},{"damage":11,"enemies":"Exordium Thugs","floor":5,"turns":7},{"damage":14,"enemies":"3 Sentries","floor":7,"turns":5},{"damage":44,"enemies":"Lagavulin","floor":10,"turns":8},{"damage":2,"enemies":"3 Sentries","floor":12,"turns":4},{"damage":0,"enemies":"3 Louse","floor":14,"turns":4},{"damage":22,"enemies":"The Guardian","floor":16,"turns":12},{"damage":0,"enemies":"3 Byrds","floor":18,"turns":3},{"damage":6,"enemies":"Spheric Guardian","floor":19,"turns":3},{"damage":14,"enemies":"Snake Plant","floor":20,"turns":3},{"damage":0,"enemies":"Sentry and Sphere","floor":21,"turns":3},{"damage":26,"enemies":"Gremlin Leader","floor":23,"turns":7},{"damage":51,"enemies":"Slavers","floor":25,"turns":3},{"damage":20,"enemies":"Shelled Parasite and Fungi","floor":28,"turns":2}],"seed_played":"-4952508926551312451","potions_obtained":[{"floor":4,"key":"PowerPotion"},{"floor":10,"key":"SteroidPotion"},{"floor":12,"key":"CunningPotion"},{"floor":14,"key":"SkillPotion"},{"floor":18,"key":"Fire Potion"},{"floor":21,"key":"LiquidBronze"}],"is_trial":false,"path_per_floor":["M","M","?","M","M","R","E","?","T","E","R","E","R","M","R","B",null,"M","M","M","M","$","E","R","E","T","?","M"],"character_chosen":"THE_SILENT","items_purchased":["Footwork","Apotheosis"],"campfire_rested":3,"item_purchase_floors":[22,22],"current_hp_per_floor":[59,59,59,59,48,48,34,34,34,5,23,21,21,21,39,17,49,49,43,29,29,29,3,21,9,16,16,0],"gold":212,"neow_bonus":"TRANSFORM_CARD","is_prod":false,"is_daily":false,"chose_seed":false,"campfire_upgraded":2,"win_rate":0,"timestamp":1655440449,"path_taken":["M","M","?","M","?","R","E","?","T","E","R","E","R","M","R","BOSS","M","M","M","M","$","E","R","E","T","?","M"],"build_version":"2022-03-07","purchased_purges":1,"victory":false,"max_hp_per_floor":[66,66,66,66,66,66,66,60,60,60,60,60,60,60,60,60,60,60,60,60,60,60,60,60,60,67,67,67],"card_choices":[{"not_picked":["Underhanded Strike","Distraction"],"picked":"Cloak And Dagger","floor":1},{"not_picked":["Bane","Deflect","Cloak And Dagger"],"picked":"SKIP","floor":2},{"not_picked":["All Out Attack","Crippling Poison"],"picked":"Die Die Die","floor":4},{"not_picked":["Concentrate","Underhanded Strike"],"picked":"Dagger Spray","floor":5},{"not_picked":["Escape Plan","Underhanded Strike+1"],"picked":"Venomology","floor":7},{"not_picked":["Outmaneuver","Dodge and Roll"],"picked":"Blade Dance","floor":10},{"not_picked":["Doppelganger","Dagger Throw+1"],"picked":"Accuracy","floor":12},{"not_picked":["Deflect","Bouncing Flask"],"picked":"Dagger Spray+1","floor":14},{"not_picked":["Doppelganger","Tools of the Trade"],"picked":"Burst","floor":16},{"not_picked":["Bane+1","Prepared","Dagger Throw+1"],"picked":"SKIP","floor":18},{"not_picked":["Deflect","Reflex","Outmaneuver"],"picked":"SKIP","floor":19},{"not_picked":["Crippling Poison","Caltrops"],"picked":"Corpse Explosion","floor":21},{"not_picked":["Escape Plan","Sucker Punch+1"],"picked":"Blade Dance","floor":23},{"not_picked":["Sucker Punch+1","Poisoned Stab+1"],"picked":"Calculated Gamble+1","floor":25}],"player_experience":1041391,"relics_obtained":[{"floor":7,"key":"Molten Egg 2"},{"floor":9,"key":"The Specimen"},{"floor":10,"key":"Lizard Tail"},{"floor":12,"key":"StrikeDummy"},{"floor":23,"key":"Incense Burner"},{"floor":25,"key":"Calipers"},{"floor":26,"key":"Strawberry"}],"event_choices":[{"cards_removed":["Strike_G"],"damage_healed":0,"gold_gain":0,"player_choice":"Purged","damage_taken":0,"max_hp_gain":0,"max_hp_loss":0,"event_name":"Purifier","floor":3,"gold_loss":0},{"damage_healed":0,"gold_gain":0,"player_choice":"Lose Max HP","damage_taken":0,"relics_obtained":["Golden Idol"],"max_hp_gain":0,"max_hp_loss":6,"event_name":"Golden Idol","floor":8,"gold_loss":0},{"damage_healed":0,"gold_gain":0,"player_choice":"Read","damage_taken":0,"max_hp_gain":0,"max_hp_loss":0,"event_name":"The Library","floor":27,"gold_loss":0,"cards_obtained":["Escape Plan"]}],"is_beta":false,"boss_relics":[{"not_picked":["Fusion Hammer","Busted Crown"],"picked":"Runic Pyramid"}],"items_purged_floors":[22],"is_endless":false,"potions_floor_spawned":[4,10,12,14,18,21],"killed_by":"Shelled Parasite and Fungi","ascension_level":19}