{"gold_per_floor":[13,30,30,30,30,49,49,93,93,143,162,175,193,20,20,20],"floor_reached":16,"playtime":629,"items_purged":[],"score":204,"play_id":"99ace739-ff4e-475e-ac20-3243f707bf77","local_time":"20220623011238","is_ascension_mode":true,"campfire_choices":[{"data":"Poisoned Stab","floor":7,"key":"SMITH"},{"data":"Calculated Gamble","floor":15,"key":"SMITH"}],"neow_cost":"NO_GOLD","seed_source_timestamp":512670880387500,"circlet_count":0,"master_deck":["AscendersBane","Strike_G","Strike_G","Strike_G","Strike_G","Strike_G","Defend_G","Defend_G","Defend_G","Survivor","Neutralize","Poisoned Stab+1","Tactician","Calculated Gamble+1","Slice","Prepared","Terror","Acrobatics","Underhanded Strike","Dagger Throw","Prepared"],"relics":["Ring of the Snake","Golden Idol","Pantograph","PreservedInsect","Orrery"],"potions_floor_usage":[8,8],"damage_taken":[{"damage":1,"enemies":"Jaw Worm","floor":1,"turns":4},{"damage":1,"enemies":"Small Slimes","floor":2,"turns":4},{"damage":0,"enemies":"2 Louse","floor":6,"turns":3},{"damage":35,"enemies":"Gremlin Nob","floor":8,"turns":5},{"damage":7,"enemies":"Red Slaver","floor":11,"turns":5},{"damage":1,"enemies":"Looter","floor":12,"turns":3},{"damage":1,"enemies":"Exordium Wildlife","floor":13,"turns":2},{"damage":39,"enemies":"Slime Boss","floor":16,"turns":8}],"seed_played":"5138019072780095941","potions_obtained":[{"floor":2,"key":"Weak Potion"},{"floor":6,"key":"LiquidMemories"},{"floor":12,"key":"LiquidBronze"}],"is_trial":false,"path_per_floor":["M","M","?","?","?","M","R","E","T","?","M","M","M","$","R","B"],"character_chosen":"THE_SILENT","items_purchased":["Orrery"],"campfire_rested":0,"item_purchase_floors":[14],"current_hp_per_floor":[58,57,57,57,62,62,62,27,27,21,14,13,12,12,12,0],"gold":20,"neow_bonus":"REMOVE_TWO","is_prod":false,"is_daily":false,"chose_seed":false,"campfire_upgraded":2,"win_rate":0,"timestamp":1655961158,"path_taken":["M","M","?","?","?","M","R","E","T","?","M","M","?","$","R","BOSS"],"build_version":"2022-03-07","purchased_purges":0,"victory":false,"max_hp_per_floor":[66,66,60,60,65,65,65,65,65,65,65,65,65,65,65,65],"relic_stats":{"counters":[8,34],"Golden Idol":24,"Pantograph":25,"PreservedInsect":0,"obtain_stats":[{"Golden Idol":3,"Pantograph":8,"Orrery":14,"PreservedInsect":9,"Ring of the Snake":0},{"Golden Idol":2,"Pantograph":4,"Orrery":7,"PreservedInsect":4,"Ring of the Snake":0},{"Golden Idol":8,"Pantograph":16,"Orrery":26,"PreservedInsect":16,"Ring of the Snake":0}],"Ring of the Snake":[16]},"card_choices":[{"not_picked":["Deflect","Flying Knee","Heel Hook"],"picked":"SKIP","floor":1},{"not_picked":["Choke","PiercingWail"],"picked":"Poisoned Stab","floor":2},{"not_picked":["Blade Dance","Deadly Poison"],"picked":"Tactician","floor":6},{"not_picked":["Caltrops","Terror"],"picked":"Calculated Gamble","floor":8},{"not_picked":["Poisoned Stab","PiercingWail"],"picked":"Slice","floor":11},{"not_picked":["Flying Knee","Bane"],"picked":"Prepared","floor":12},{"not_picked":["Slice","Backstab"],"picked":"Terror","floor":13},{"not_picked":["Distraction","Noxious Fumes"],"picked":"Acrobatics","floor":14},{"not_picked":["Flechettes","Finisher"],"picked":"Underhanded Strike","floor":14},{"not_picked":["Corpse Explosion","Outmaneuver"],"picked":"Dagger Throw","floor":14},{"not_picked":["Finisher","Catalyst"],"picked":"Prepared","floor":14}],"player_experience":1048364,"relics_obtained":[{"floor":8,"key":"Pantograph"},{"floor":9,"key":"PreservedInsect"}],"event_choices":[{"damage_healed":0,"gold_gain":0,"player_choice":"Lose Max HP","damage_taken":0,"relics_obtained":["Golden Idol"],"max_hp_gain":0,"max_hp_loss":6,"event_name":"Golden Idol","floor":3,"gold_loss":0},{"damage_healed":0,"gold_gain":0,"player_choice":"Ignored","damage_taken":0,"max_hp_gain":0,"max_hp_loss":0,"event_name":"Liars Game","floor":4,"gold_loss":0},{"damage_healed":0,"gold_gain":0,"player_choice":"Donut","damage_taken":0,"max_hp_gain":5,"max_hp_loss":0,"event_name":"Big Fish","floor":5,"gold_loss":0},{"damage_healed":0,"gold_gain":50,"player_choice":"Touch","damage_taken":6,"max_hp_gain":0,"max_hp_loss":0,"event_name":"FaceTrader","floor":10,"gold_loss":0}],"is_beta":false,"boss_relics":[],"items_purged_floors":[],"is_endless":false,"potions_floor_spawned":[2,6,12],"killed_by":"Slime Boss","ascension_level":20}