{"gold_per_floor":[110,260,260,260,272,300,300,61,61,77,97,114,140,150,150,223,223,198,216,36,51,61,61,91,91,114,114,125,137,137,137,137,215,215,215],"floor_reached":35,"playtime":1701,"items_purged":["Defend_G","Strike_G"],"score":733,"play_id":"1cc298a4-ef98-4ae3-b7a1-2eb27e8c6fc9","local_time":"20220614161438","is_ascension_mode":true,"campfire_choices":[{"data":"Caltrops","floor":7,"key":"SMITH"},{"floor":15,"key":"REST"},{"floor":23,"key":"REST"},{"floor":25,"key":"REST"},{"data":"Catalyst","floor":27,"key":"SMITH"},{"data":"Catalyst","floor":30,"key":"SMITH"},{"data":"Ghostly","floor":32,"key":"SMITH"}],"neow_cost":"NONE","seed_source_timestamp":652470750017200,"circlet_count":0,"master_deck":["AscendersBane","Strike_G","Strike_G","Strike_G","Strike_G","Defend_G","Defend_G","Defend_G","Defend_G","Survivor","Neutralize","Catalyst+1","Neutralize","Dagger Spray","Caltrops+1","Deadly Poison","Endless Agony","Backstab","Malaise","Adrenaline","Catalyst+1","Backstab","Concentrate","PiercingWail","Die Die Die","Tactician","Catalyst","Ghostly+1","Ghostly","Ghostly"],"relics":["Ring of the Snake","NeowsBlessing","Letter Opener","Toolbox","Ornamental Fan","PreservedInsect","Runic Pyramid","Vajra","SlaversCollar"],"potions_floor_usage":[13,14,19,22],"damage_taken":[{"damage":0,"enemies":"Jaw Worm","floor":1,"turns":1},{"damage":0,"enemies":"Small Slimes","floor":5,"turns":1},{"damage":0,"enemies":"Lagavulin","floor":6,"turns":1},{"damage":1,"enemies":"Cultist","floor":10,"turns":4},{"damage":5,"enemies":"Blue Slaver","floor":11,"turns":3},{"damage":2,"enemies":"3 Louse","floor":12,"turns":3},{"damage":20,"enemies":"Gremlin Nob","floor":13,"turns":4},{"damage":12,"enemies":"Large Slime","floor":14,"turns":5},{"damage":1,"enemies":"Hexaghost","floor":16,"turns":9},{"damage":5,"enemies":"2 Thieves","floor":18,"turns":4},{"damage":9,"enemies":"Shell Parasite","floor":19,"turns":5},{"damage":9,"enemies":"Sentry and Sphere","floor":21,"turns":3},{"damage":22,"enemies":"3 Cultists","floor":22,"turns":5},{"damage":13,"enemies":"Cultist and Chosen","floor":24,"turns":5},{"damage":0,"enemies":"Centurion and Healer","floor":28,"turns":5},{"damage":11,"enemies":"Snake Plant","floor":29,"turns":2},{"damage":16,"enemies":"Automaton","floor":33,"turns":8},{"damage":36,"enemies":"3 Darklings","floor":35,"turns":5}],"seed_played":"-854853797499171341","potions_obtained":[{"floor":1,"key":"PowerPotion"},{"floor":10,"key":"AttackPotion"},{"floor":14,"key":"DistilledChaos"},{"floor":18,"key":"EssenceOfSteel"},{"floor":19,"key":"Ancient Potion"},{"floor":28,"key":"Dexterity Potion"}],"is_trial":false,"path_per_floor":["M","?","?","?","M","E","R","$","T","M","M","M","E","M","R","B",null,"M","M","$","M","M","R","M","R","T","R","M","M","R","?","R","B",null,"M"],"character_chosen":"THE_SILENT","items_purchased":["Toolbox","Concentrate"],"campfire_rested":3,"item_purchase_floors":[8,20],"current_hp_per_floor":[59,59,52,52,52,52,52,52,52,51,46,44,24,12,31,30,57,52,43,43,34,12,31,18,37,37,37,37,26,26,26,26,10,27,0],"gold":215,"neow_bonus":"THREE_ENEMY_KILL","is_prod":false,"is_daily":false,"chose_seed":false,"campfire_upgraded":4,"win_rate":0,"timestamp":1655237678,"path_taken":["M","?","?","?","?","E","R","$","T","M","M","M","E","M","R","BOSS","M","M","$","M","M","R","M","R","T","R","M","M","R","?","R","BOSS","M"],"build_version":"2022-03-07","purchased_purges":2,"victory":false,"max_hp_per_floor":[66,66,66,66,66,66,66,66,66,66,66,66,66,66,66,66,66,66,66,66,66,66,66,66,66,66,66,66,66,66,33,33,33,33,33],"card_choices":[{"not_picked":["Distraction","Deadly Poison"],"picked":"Catalyst","floor":1},{"not_picked":["Reflex","Catalyst"],"picked":"Dagger Spray","floor":5},{"not_picked":["A Thousand Cuts","Dagger Spray"],"picked":"Caltrops","floor":6},{"not_picked":["Blur","Calculated Gamble"],"picked":"Deadly Poison","floor":10},{"not_picked":["Outmaneuver","Dagger Spray","Prepared"],"picked":"SKIP","floor":11},{"not_picked":["Cloak And Dagger","Backflip"],"picked":"Endless Agony","floor":12},{"not_picked":["Dagger Throw","Distraction"],"picked":"Backstab","floor":13},{"not_picked":["Accuracy","Prepared"],"picked":"Malaise","floor":14},{"not_picked":["Glass Knife","Burst"],"picked":"Adrenaline","floor":16},{"not_picked":["All Out Attack","Outmaneuver"],"picked":"Catalyst","floor":18},{"not_picked":["Outmaneuver","Prepared"],"picked":"Backstab","floor":19},{"not_picked":["Dagger Throw","Backflip"],"picked":"PiercingWail","floor":21},{"not_picked":["Flying Knee","Dagger Throw"],"picked":"Die Die Die","floor":22},{"not_picked":["Blade Dance","Slice"],"picked":"Tactician","floor":24},{"not_picked":["Dodge and Roll","Riddle With Holes"],"picked":"Catalyst","floor":28},{"not_picked":["Quick Slash","Calculated Gamble","Accuracy"],"picked":"SKIP","floor":29}],"player_experience":1030605,"relics_obtained":[{"floor":6,"key":"Letter Opener"},{"floor":9,"key":"Ornamental Fan"},{"floor":13,"key":"PreservedInsect"},{"floor":26,"key":"Vajra"}],"event_choices":[{"damage_healed":0,"gold_gain":150,"player_choice":"AGREE","damage_taken":0,"max_hp_gain":0,"max_hp_loss":0,"event_name":"Liars Game","floor":2,"gold_loss":0,"cards_obtained":["Doubt"]},{"cards_removed":["Doubt"],"damage_healed":0,"gold_gain":0,"player_choice":"Card Removal","damage_taken":7,"max_hp_gain":0,"max_hp_loss":0,"event_name":"Golden Wing","floor":3,"gold_loss":0},{"damage_healed":0,"gold_gain":0,"player_choice":"1 cards matched","damage_taken":0,"max_hp_gain":0,"max_hp_loss":0,"event_name":"Match and Keep!","floor":4,"gold_loss":0,"cards_obtained":["Neutralize"]},{"damage_healed":0,"gold_gain":0,"player_choice":"Became a Ghost","damage_taken":0,"max_hp_gain":0,"max_hp_loss":33,"event_name":"Ghosts","floor":31,"gold_loss":0,"cards_obtained":["Ghostly","Ghostly","Ghostly"]}],"is_beta":false,"boss_relics":[{"not_picked":["Cursed Key","HoveringKite"],"picked":"Runic Pyramid"},{"not_picked":["SacredBark","Ring of the Serpent"],"picked":"SlaversCollar"}],"items_purged_floors":[8,20],"is_endless":false,"potions_floor_spawned":[1,10,11,12,14,18,19,28,29],"killed_by":"3 Darklings","ascension_level":17}