{"gold_per_floor":[113,133,133,183,195,221,221,13,37,37,69,89,89,109,109,185,185,199,199,249,262,272,305,205,205,232,232,261,276,112,112,112,187,187,203,228,273,148,148,148,148,176,202,52,87,87,100,112,112,112,112,112,112,112,137,137],"floor_reached":57,"playtime":3088,"items_purged":["Strike_G","Strike_G","Strike_G","Noxious Fumes+1"],"score":3108,"play_id":"22f151f7-9e5a-41c6-8698-cc0d747b90a1","local_time":"20220623025233","is_ascension_mode":true,"campfire_choices":[{"floor":7.0,"key":"REST"},{"data":"Eviscerate","floor":10.0,"key":"SMITH"},{"data":"Reflex","floor":15.0,"key":"SMITH"},{"floor":25.0,"key":"REST"},{"data":"Acrobatics","floor":32.0,"key":"SMITH"},{"floor":40,"key":"REST"},{"floor":46,"key":"RECALL"},{"floor":49,"key":"REST"},{"floor":53,"key":"REST"}],"neow_cost":"NONE","seed_source_timestamp":516125499861100,"circlet_count":0,"master_deck":["AscendersBane","Defend_G","Survivor","Neutralize","Doppelganger","Reflex+1","Dagger Throw","Acrobatics+1","Eviscerate+1","Concentrate+1","Terror","Grand Finale","Grand Finale+1","Tactician+1","Acrobatics","Backflip","Master of Strategy","Master of Strategy","Predator","Reflex+1"],"special_seed":0,"relics":["Ring of the Snake","Snake Skull","Centennial Puzzle","Akabeko","Ornamental Fan","Lantern","Nloth\u0027s Gift","Medical Kit","Fusion Hammer","Turnip","Mango","Pocketwatch","Meat on the Bone","Pen Nib"],"potions_floor_usage":[56],"damage_taken":[{"damage":4.0,"enemies":"Jaw Worm","floor":1.0,"turns":5.0},{"damage":12.0,"enemies":"Small Slimes","floor":2.0,"turns":4.0},{"damage":0.0,"enemies":"Cultist","floor":5.0,"turns":3.0},{"damage":29.0,"enemies":"Lagavulin","floor":6.0,"turns":10.0},{"damage":2.0,"enemies":"Gremlin Nob","floor":11.0,"turns":3.0},{"damage":0.0,"enemies":"3 Louse","floor":12.0,"turns":1.0},{"damage":1.0,"enemies":"Exordium Thugs","floor":14.0,"turns":4.0},{"damage":11.0,"enemies":"The Guardian","floor":16.0,"turns":7.0},{"damage":11.0,"enemies":"2 Thieves","floor":18.0,"turns":4.0},{"damage":12.0,"enemies":"Chosen","floor":21.0,"turns":3.0},{"damage":10.0,"enemies":"Snecko","floor":22.0,"turns":4.0},{"damage":1.0,"enemies":"Book of Stabbing","floor":23.0,"turns":3.0},{"damage":15.0,"enemies":"Gremlin Leader","floor":28.0,"turns":3.0},{"damage":0.0,"enemies":"Snake Plant","floor":29.0,"turns":1.0},{"damage":0.0,"enemies":"Champ","floor":33.0,"turns":2.0},{"damage":0.0,"enemies":"3 Shapes","floor":35.0,"turns":1.0},{"damage":0,"enemies":"Mind Bloom Boss Battle","floor":36,"turns":2},{"damage":14,"enemies":"2 Orb Walkers","floor":37,"turns":2},{"damage":0,"enemies":"Nemesis","floor":42,"turns":1},{"damage":0,"enemies":"Reptomancer","floor":45,"turns":1},{"damage":0,"enemies":"3 Darklings","floor":47,"turns":1},{"damage":0,"enemies":"Sphere and 2 Shapes","floor":48,"turns":1},{"damage":0,"enemies":"Awakened One","floor":50,"turns":2},{"damage":15,"enemies":"Time Eater","floor":51,"turns":4},{"damage":0,"enemies":"Shield and Spear","floor":55,"turns":1},{"damage":33,"enemies":"The Heart","floor":56,"turns":4}],"seed_played":"2488507782638997688","potions_obtained":[{"floor":1.0,"key":"DuplicationPotion"},{"floor":5.0,"key":"Block Potion"},{"floor":11.0,"key":"CunningPotion"},{"floor":14.0,"key":"FearPotion"},{"floor":21.0,"key":"SkillPotion"},{"floor":22.0,"key":"DistilledChaos"},{"floor":29.0,"key":"LiquidMemories"},{"floor":33.0,"key":"Explosive Potion"},{"floor":35.0,"key":"DuplicationPotion"}],"is_trial":false,"path_per_floor":["M","M","?","?","M","E","R","$","T","R","E","M","?","M","R","B",null,"M","?","?","M","M","E","$","R","T","?","E","M","$","?","R","B",null,"M","?","?","$","?","R","?","E","T","$","E","R","M","M","R","B","B",null,"R","$","E","B",null],"character_chosen":"THE_SILENT","items_purchased":["Eviscerate","Fire Potion","Medical Kit"],"campfire_rested":5,"item_purchase_floors":[8,8,30],"current_hp_per_floor":[55,43,36,30,30,1,20,20,20,20,18,18,18,17,17,6,51,40,40,40,28,18,17,17,36,36,36,21,21,21,21,21,21,55,55,55,55,55,45,69,69,69,69,69,69,69,69,69,80,80,65,76,80,80,80,47],"gold":137,"neow_bonus":"TRANSFORM_CARD","is_prod":false,"is_daily":false,"chose_seed":false,"campfire_upgraded":3,"win_rate":0,"timestamp":1655967153,"path_taken":["M","M","?","?","M","E","R","$","T","R","E","?","?","M","R","BOSS","M","?","?","?","M","E","$","R","T","?","E","M","?","?","R","BOSS","M","?","?","$","?","R","?","E","T","$","E","R","?","M","R","BOSS","BOSS","R","$","E","BOSS"],"build_version":"2022-03-07","purchased_purges":4,"victory":true,"max_hp_per_floor":[66,66,66,66,66,66,66,66,66,66,66,66,66,66,66,66,66,66,66,66,66,66,66,66,66,66,66,66,66,66,66,66,66,66,66,66,80,80,80,80,80,80,80,80,80,80,80,80,80,80,80,80,80,80,80,80],"relic_stats":{"Centennial Puzzle":[31],"counters":[26,77],"Ornamental Fan":[148],"Snake Skull":[7],"Turnip":[2],"Pen Nib":[3],"Nloth\u0027s Gift":1,"Medical Kit":[3],"obtain_stats":[{"Lantern":26,"Astrolabe":17,"Mango":37,"Snake Skull":6,"Pen Nib":55,"Medical Kit":30,"Akabeko":11,"Centennial Puzzle":9,"Ornamental Fan":23,"Fusion Hammer":34,"Turnip":36,"Nloth\u0027s Gift":27,"Ring of the Snake":0,"Pocketwatch":42,"Meat on the Bone":45},{"Lantern":12,"Astrolabe":8,"Mango":18,"Snake Skull":4,"Pen Nib":25,"Medical Kit":14,"Akabeko":5,"Centennial Puzzle":4,"Ornamental Fan":12,"Fusion Hammer":15,"Turnip":17,"Nloth\u0027s Gift":12,"Ring of the Snake":0,"Pocketwatch":19,"Meat on the Bone":20},{"Lantern":51,"Astrolabe":37,"Mango":62,"Snake Skull":22,"Pen Nib":73,"Medical Kit":55,"Akabeko":25,"Centennial Puzzle":22,"Ornamental Fan":51,"Fusion Hammer":57,"Turnip":60,"Nloth\u0027s Gift":51,"Ring of the Snake":0,"Pocketwatch":63,"Meat on the Bone":64}],"Ring of the Snake":[52],"Pocketwatch":[3],"Meat on the Bone":0},"card_choices":[{"not_picked":["Riddle With Holes","Flying Knee"],"picked":"Dagger Spray","floor":1.0},{"not_picked":["Dagger Spray","Deflect"],"picked":"Reflex","floor":2.0},{"not_picked":["Footwork","Blur"],"picked":"Dagger Throw","floor":5.0},{"not_picked":["Envenom","Terror"],"picked":"Acrobatics","floor":6.0},{"not_picked":["Dagger Spray","Prepared"],"picked":"Concentrate","floor":11.0},{"not_picked":["Flying Knee","Phantasmal Killer","Sucker Punch"],"picked":"SKIP","floor":12.0},{"not_picked":["Dagger Spray","PiercingWail"],"picked":"Terror","floor":14.0},{"not_picked":["Tools of the Trade","Die Die Die"],"picked":"Grand Finale","floor":16.0},{"not_picked":["Infinite Blades+1","Predator+1"],"picked":"Acrobatics","floor":18.0},{"not_picked":["Choke+1","Tactician","Sucker Punch"],"picked":"SKIP","floor":21.0},{"not_picked":["Poisoned Stab","Dagger Spray","Leg Sweep"],"picked":"SKIP","floor":22.0},{"not_picked":["Envenom","Underhanded Strike"],"picked":"Backflip","floor":23.0},{"not_picked":["Riddle With Holes","Concentrate","Poisoned Stab"],"picked":"SKIP","floor":28.0},{"not_picked":["Dagger Spray","Heel Hook","Slice"],"picked":"SKIP","floor":29.0},{"not_picked":["Bane","Backflip","Cloak And Dagger+1"],"picked":"SKIP","floor":35.0},{"not_picked":["Sadistic Nature","Good Instincts"],"picked":"Master of Strategy","floor":39},{"not_picked":["Thinking Ahead","Purity"],"picked":"Master of Strategy","floor":39},{"not_picked":["Unload","Well Laid Plans"],"picked":"Predator","floor":42},{"not_picked":["Eviscerate+1","Footwork"],"picked":"Reflex+1","floor":45},{"not_picked":["Blade Dance","Sucker Punch+1","Reflex"],"picked":"SKIP","floor":47},{"not_picked":["Blade Dance","Deadly Poison+1","Calculated Gamble"],"picked":"SKIP","floor":48},{"not_picked":["Bullet Time","Predator","Escape Plan"],"picked":"SKIP","floor":55}],"player_experience":1051674,"relics_obtained":[{"floor":6.0,"key":"Snake Skull"},{"floor":9.0,"key":"Centennial Puzzle"},{"floor":11.0,"key":"Akabeko"},{"floor":23.0,"key":"Ornamental Fan"},{"floor":26.0,"key":"Lantern"},{"floor":36,"key":"Turnip"},{"floor":37,"key":"Mango"},{"floor":42,"key":"Pocketwatch"},{"floor":45,"key":"Meat on the Bone"},{"floor":55,"key":"Pen Nib"}],"event_choices":[{"cards_removed":["Defend_G"],"damage_healed":0.0,"max_hp_gain":0.0,"max_hp_loss":0.0,"gold_gain":0.0,"event_name":"Golden Wing","player_choice":"Card Removal","floor":3.0,"gold_loss":0.0,"damage_taken":7.0},{"damage_healed":0.0,"max_hp_gain":0.0,"max_hp_loss":0.0,"gold_gain":50.0,"event_name":"FaceTrader","player_choice":"Touch","floor":4.0,"gold_loss":0.0,"damage_taken":6.0},{"damage_healed":0.0,"max_hp_gain":0.0,"max_hp_loss":0.0,"gold_gain":0.0,"event_name":"Living Wall","player_choice":"Grow","floor":13.0,"gold_loss":0.0,"damage_taken":0.0,"cards_upgraded":["Concentrate"]},{"cards_removed":["Defend_G"],"damage_healed":0.0,"max_hp_gain":0.0,"max_hp_loss":0.0,"gold_gain":0.0,"event_name":"Back to Basics","player_choice":"Elegance","floor":19.0,"gold_loss":0.0,"damage_taken":0.0},{"damage_healed":0.0,"max_hp_gain":0.0,"max_hp_loss":0.0,"gold_gain":50.0,"event_name":"Nest","player_choice":"Stole From Cult","floor":20.0,"gold_loss":0.0,"damage_taken":0.0},{"damage_healed":0.0,"max_hp_gain":0.0,"max_hp_loss":0.0,"gold_gain":0.0,"event_name":"N\u0027loth","player_choice":"Traded Relic","floor":27.0,"relics_lost":["Astrolabe"],"gold_loss":0.0,"damage_taken":0.0,"relics_obtained":["Nloth\u0027s Gift"]},{"damage_healed":0.0,"max_hp_gain":0.0,"max_hp_loss":0.0,"gold_gain":0.0,"event_name":"Match and Keep!","player_choice":"0 cards matched","floor":31.0,"gold_loss":0.0,"damage_taken":0.0,"cards_obtained":[]},{"damage_healed":0,"gold_gain":0,"player_choice":"Fight","damage_taken":0,"max_hp_gain":0,"max_hp_loss":0,"event_name":"MindBloom","floor":36,"gold_loss":0},{"damage_healed":0,"gold_gain":0,"player_choice":"Fight","damage_taken":0,"max_hp_gain":0,"max_hp_loss":0,"event_name":"Mysterious Sphere","floor":37,"gold_loss":0},{"damage_healed":0,"gold_gain":0,"player_choice":"Memory 3","damage_taken":10,"max_hp_gain":0,"max_hp_loss":0,"event_name":"SensoryStone","floor":39,"gold_loss":0},{"cards_removed":["Dagger Spray"],"damage_healed":0,"gold_gain":0,"player_choice":"Purged","damage_taken":0,"max_hp_gain":0,"max_hp_loss":0,"event_name":"Purifier","floor":41,"gold_loss":0}],"is_beta":false,"boss_relics":[{"not_picked":["Runic Pyramid","Black Star"],"picked":"Astrolabe"},{"not_picked":["Velvet Choker","Snecko Eye"],"picked":"Fusion Hammer"}],"items_purged_floors":[8,24,38,44],"is_endless":false,"potions_floor_spawned":[1,5,11,14,21,22,29,33,35,45],"ascension_level":20}