{"gold_per_floor":[116,116,128,142,159,159,190,204,204,220,254,268,268,302,302,302],"floor_reached":16,"playtime":958,"items_purged":[],"score":248,"play_id":"59eab845-fc9f-4cb4-a1a2-9a755c2acd42","local_time":"20220623012844","is_ascension_mode":true,"campfire_choices":[{"data":"Predator","floor":6,"key":"SMITH"},{"data":"Terror","floor":13,"key":"SMITH"},{"floor":15,"key":"REST"}],"neow_cost":"NONE","seed_source_timestamp":513308623237800,"circlet_count":0,"master_deck":["AscendersBane","Strike_G","Strike_G","Strike_G","Strike_G","Strike_G","Defend_G","Defend_G","Defend_G","Defend_G","Defend_G","Survivor","Neutralize","Sucker Punch","Crippling Poison","Terror+1","Predator+1","Backflip","Acrobatics","Underhanded Strike+1","Prepared"],"relics":["Ring of the Snake","Anchor","Bottled Flame","Molten Egg 2","MealTicket"],"potions_floor_usage":[7,11,14,16],"damage_taken":[{"damage":1,"enemies":"Jaw Worm","floor":1,"turns":6},{"damage":3,"enemies":"Cultist","floor":3,"turns":5},{"damage":1,"enemies":"Small Slimes","floor":4,"turns":4},{"damage":4,"enemies":"3 Louse","floor":5,"turns":5},{"damage":3,"enemies":"Gremlin Nob","floor":7,"turns":3},{"damage":9,"enemies":"Gremlin Gang","floor":8,"turns":5},{"damage":1,"enemies":"Exordium Wildlife","floor":10,"turns":4},{"damage":11,"enemies":"3 Sentries","floor":11,"turns":8},{"damage":5,"enemies":"3 Louse","floor":12,"turns":3},{"damage":12,"enemies":"Lagavulin","floor":14,"turns":5},{"damage":27,"enemies":"Hexaghost","floor":16,"turns":9}],"seed_played":"7279017077570642817","potions_obtained":[{"floor":0,"key":"Fire Potion"},{"floor":0,"key":"LiquidMemories"},{"floor":10,"key":"PowerPotion"},{"floor":12,"key":"Fire Potion"},{"floor":14,"key":"ColorlessPotion"}],"is_trial":false,"path_per_floor":["M","?","M","M","M","R","E","M","T","M","E","M","R","E","R","B"],"character_chosen":"THE_SILENT","items_purchased":[],"campfire_rested":1,"item_purchase_floors":[],"current_hp_per_floor":[58,54,51,50,46,46,43,34,34,33,22,17,17,5,24,0],"gold":302,"neow_bonus":"THREE_SMALL_POTIONS","is_prod":false,"is_daily":false,"chose_seed":false,"campfire_upgraded":2,"win_rate":0,"timestamp":1655962124,"path_taken":["M","?","?","M","M","R","E","M","T","M","E","M","R","E","R","BOSS"],"build_version":"2022-03-07","purchased_purges":0,"victory":false,"max_hp_per_floor":[66,66,66,66,66,66,66,66,66,66,66,66,66,66,66,66],"relic_stats":{"Bottled Flame":"Predator","counters":[11,57],"MealTicket":0,"obtain_stats":[{"Anchor":7,"Bottled Flame":9,"Molten Egg 2":11,"MealTicket":14,"Ring of the Snake":0},{"Anchor":5,"Bottled Flame":6,"Molten Egg 2":8,"MealTicket":10,"Ring of the Snake":0},{"Anchor":23,"Bottled Flame":28,"Molten Egg 2":40,"MealTicket":48,"Ring of the Snake":0}],"Ring of the Snake":[22]},"card_choices":[{"not_picked":["Deflect","Infinite Blades"],"picked":"Sucker Punch","floor":1},{"not_picked":["Bane","Quick Slash"],"picked":"Crippling Poison","floor":3},{"not_picked":["Burst","Slice"],"picked":"Terror","floor":4},{"not_picked":["Backflip","Underhanded Strike"],"picked":"Predator","floor":5},{"not_picked":["Poisoned Stab","Infinite Blades","Cloak And Dagger"],"picked":"SKIP","floor":7},{"not_picked":["Heel Hook","Setup"],"picked":"Backflip","floor":8},{"not_picked":["Slice","Sucker Punch","Outmaneuver"],"picked":"SKIP","floor":10},{"not_picked":["Bane+1","Phantasmal Killer"],"picked":"Acrobatics","floor":11},{"not_picked":["PiercingWail","Poisoned Stab+1"],"picked":"Underhanded Strike+1","floor":12},{"not_picked":["Skewer+1","PiercingWail"],"picked":"Prepared","floor":14}],"player_experience":1048993,"relics_obtained":[{"floor":7,"key":"Anchor"},{"floor":9,"key":"Bottled Flame"},{"floor":11,"key":"Molten Egg 2"},{"floor":14,"key":"MealTicket"}],"event_choices":[{"damage_healed":0,"gold_gain":0,"player_choice":"Bought 0 Potions","damage_taken":0,"max_hp_gain":0,"max_hp_loss":0,"event_name":"The Woman in Blue","floor":2,"gold_loss":0}],"is_beta":false,"boss_relics":[],"items_purged_floors":[],"is_endless":false,"potions_floor_spawned":[4,5,10,12,14],"killed_by":"Hexaghost","ascension_level":20}