{"gold_per_floor":[115,115,138,213,237,237,281,302,302,302,315,351,369,407,407,503,503,526,214,238,278,193,228,228,255,255,289,149,184,184,199,199,288,288,307,126,141,363,363,363,397,728,728,759,759,823,848,879,879,879,879,879,21,54,54],"floor_reached":56,"playtime":8457,"items_purged":["Strike_G","Strike_G","Defend_G","Defend_G"],"score":2391,"play_id":"021a9de3-a6b3-4d6f-9d66-009b8eaa41e8","local_time":"20220614153808","is_ascension_mode":true,"campfire_choices":[{"data":"Predator","floor":6.0,"key":"SMITH"},{"data":"Noxious Fumes","floor":15.0,"key":"SMITH"},{"data":"Adrenaline","floor":24.0,"key":"SMITH"},{"data":"Well Laid Plans","floor":30.0,"key":"SMITH"},{"floor":32.0,"key":"REST"},{"data":"Wraith Form v2","floor":40,"key":"SMITH"},{"data":"Purity","floor":45,"key":"SMITH"},{"floor":49,"key":"RECALL"},{"data":"Catalyst","floor":52,"key":"SMITH"}],"neow_cost":"NONE","seed_source_timestamp":643317640442400,"circlet_count":0,"master_deck":["AscendersBane","Strike_G","Defend_G","Survivor","Neutralize","Predator+1","Endless Agony","Escape Plan","Die Die Die+1","Backflip","Noxious Fumes+1","Blade Dance+1","Backflip","Escape Plan","Adrenaline+1","Deflect+1","Master of Strategy","PiercingWail","Dodge and Roll+1","Well Laid Plans+1","Acrobatics","Dagger Spray+1","Wraith Form v2+1","Infinite Blades+1","Envenom+1","Blur+1","Outmaneuver+1","Master of Strategy","Calculated Gamble","Acrobatics","Purity+1","Dark Shackles","Prepared+1","Finisher","Catalyst+1","Blade Dance","Blur","Apotheosis","Accuracy","Acrobatics"],"special_seed":0,"relics":["Ring of the Snake","Golden Idol","Art of War","Potion Belt","The Courier","InkBottle","Philosopher\u0027s Stone","Membership Card","Red Mask","HornCleat","Ice Cream","Snake Skull","Pear","Ornamental Fan","Frozen Eye","PreservedInsect","Astrolabe","The Specimen","Old Coin","Turnip","CaptainsWheel","Bronze Scales","Bird Faced Urn","Anchor","Pantograph","Torii","Lee\u0027s Waffle","Mercury Hourglass","War Paint","Happy Flower"],"potions_floor_usage":[33,35,55,55],"damage_taken":[{"damage":0.0,"enemies":"Cultist","floor":1.0,"turns":3.0},{"damage":0.0,"enemies":"Jaw Worm","floor":3.0,"turns":5.0},{"damage":0.0,"enemies":"2 Louse","floor":5.0,"turns":2.0},{"damage":2.0,"enemies":"Gremlin Nob","floor":7.0,"turns":3.0},{"damage":0.0,"enemies":"Gremlin Gang","floor":8.0,"turns":3.0},{"damage":8.0,"enemies":"Blue Slaver","floor":11.0,"turns":2.0},{"damage":12.0,"enemies":"3 Sentries","floor":12.0,"turns":5.0},{"damage":0.0,"enemies":"2 Fungi Beasts","floor":13.0,"turns":2.0},{"damage":5.0,"enemies":"Lagavulin","floor":14.0,"turns":7.0},{"damage":18.0,"enemies":"Hexaghost","floor":16.0,"turns":9.0},{"damage":1.0,"enemies":"3 Byrds","floor":18.0,"turns":3.0},{"damage":1.0,"enemies":"Shell Parasite","floor":20.0,"turns":3.0},{"damage":6.0,"enemies":"Masked Bandits","floor":21.0,"turns":5.0},{"damage":0.0,"enemies":"Slavers","floor":23.0,"turns":6.0},{"damage":18.0,"enemies":"Book of Stabbing","floor":27.0,"turns":6.0},{"damage":0.0,"enemies":"Slavers","floor":29.0,"turns":5.0},{"damage":0.0,"enemies":"Cultist and Chosen","floor":31.0,"turns":5.0},{"damage":2,"enemies":"Champ","floor":33,"turns":12},{"damage":3,"enemies":"Orb Walker","floor":35,"turns":4},{"damage":0,"enemies":"3 Shapes","floor":37,"turns":4},{"damage":2,"enemies":"Reptomancer","floor":41,"turns":5},{"damage":0,"enemies":"Mind Bloom Boss Battle","floor":42,"turns":6},{"damage":0,"enemies":"Giant Head","floor":44,"turns":7},{"damage":0,"enemies":"2 Orb Walkers","floor":46,"turns":5},{"damage":0,"enemies":"Spire Growth","floor":47,"turns":5},{"damage":0,"enemies":"Reptomancer","floor":48,"turns":6},{"damage":6,"enemies":"Awakened One","floor":50,"turns":18},{"damage":8,"enemies":"Shield and Spear","floor":54,"turns":7},{"damage":1,"enemies":"The Heart","floor":55,"turns":8}],"seed_played":"-8764196251499715451","potions_obtained":[{"floor":5.0,"key":"LiquidMemories"},{"floor":8.0,"key":"Swift Potion"},{"floor":12.0,"key":"Block Potion"},{"floor":14.0,"key":"GhostInAJar"},{"floor":20.0,"key":"PowerPotion"},{"floor":23.0,"key":"FairyPotion"},{"floor":33,"key":"EssenceOfSteel"},{"floor":41,"key":"Energy Potion"},{"floor":46,"key":"Strength Potion"},{"floor":48,"key":"GhostInAJar"}],"is_trial":false,"path_per_floor":["M","?","M","?","M","R","E","M","T","?","M","E","M","E","R","B",null,"M","$","M","?","?","E","R","T","T","E","$","E","R","M","R","B",null,"M","$","M","?","?","R","E","?","T","E","R","?","M","E","R","B",null,"R","$","E","B",null],"character_chosen":"THE_SILENT","items_purchased":["Membership Card","Master of Strategy","CultistPotion","Explosive Potion","Frozen Eye","Block Potion","Master of Strategy","Calculated Gamble","Blur","Apotheosis","Bird Faced Urn","Anchor","Pantograph","Torii","PowerPotion","Lee\u0027s Waffle","Mercury Hourglass","War Paint","Accuracy"],"campfire_rested":1,"item_purchase_floors":[19,19,19,19,28,28,36,36,53,53,53,53,53,53,53,53,53,53,53],"current_hp_per_floor":[59,59,59,48,48,48,46,46,46,46,38,26,26,21,21,3,46,45,45,44,38,38,38,38,38,48,30,30,30,30,30,51,49,65,62,62,62,62,52,52,50,50,50,50,50,50,50,50,50,44,64,64,77,73,76],"gold":54,"neow_bonus":"REMOVE_CARD","is_prod":false,"is_daily":false,"chose_seed":false,"campfire_upgraded":7,"win_rate":0,"timestamp":1655235488,"path_taken":["M","?","M","?","M","R","E","M","T","?","M","E","M","E","R","BOSS","M","$","?","?","?","E","R","?","T","E","$","E","R","M","R","BOSS","M","$","M","?","?","R","E","?","T","E","R","?","M","E","R","BOSS","R","$","E","BOSS"],"build_version":"2022-03-07","purchased_purges":4,"victory":true,"max_hp_per_floor":[66,60,60,60,60,60,60,60,60,60,60,60,60,60,60,60,60,60,60,60,60,60,60,60,60,70,70,70,70,70,70,70,70,70,70,70,70,70,70,70,70,70,70,70,70,70,70,70,70,70,70,70,77,77,77],"card_choices":[{"not_picked":["Cloak And Dagger","PiercingWail"],"picked":"Predator","floor":1.0},{"not_picked":["Dodge and Roll","Outmaneuver"],"picked":"Endless Agony","floor":3.0},{"not_picked":["Underhanded Strike","PiercingWail"],"picked":"Escape Plan","floor":5.0},{"not_picked":["Riddle With Holes","Expertise"],"picked":"Die Die Die","floor":7.0},{"not_picked":["Crippling Poison","Bouncing Flask"],"picked":"Backflip","floor":8.0},{"not_picked":["Flechettes","All Out Attack"],"picked":"Noxious Fumes","floor":11.0},{"not_picked":["Underhanded Strike","Skewer"],"picked":"Blade Dance","floor":12.0},{"not_picked":["Caltrops","Sucker Punch"],"picked":"Backflip","floor":13.0},{"not_picked":["Infinite Blades","Choke"],"picked":"Escape Plan","floor":14.0},{"not_picked":["Night Terror","Tools of the Trade"],"picked":"Adrenaline","floor":16.0},{"not_picked":["All Out Attack","Quick Slash"],"picked":"Deflect+1","floor":18.0},{"not_picked":["Bane","Slice"],"picked":"PiercingWail","floor":20.0},{"not_picked":["Dagger Throw","Flying Knee"],"picked":"Dodge and Roll+1","floor":21.0},{"not_picked":["Distraction","Accuracy"],"picked":"Well Laid Plans","floor":23.0},{"not_picked":["Blur","Bouncing Flask+1"],"picked":"Acrobatics","floor":27.0},{"not_picked":["Predator+1","Quick Slash","Heel Hook"],"picked":"SKIP","floor":29.0},{"not_picked":["Predator+1","Quick Slash","Heel Hook"],"picked":"SKIP","floor":29.0},{"not_picked":["Tools of the Trade","Backflip+1"],"picked":"Dagger Spray+1","floor":31.0},{"not_picked":["Burst","Doppelganger"],"picked":"Wraith Form v2","floor":33},{"not_picked":["Finisher","Leg Sweep"],"picked":"Outmaneuver","floor":35},{"not_picked":["Dodge and Roll","Deadly Poison+1"],"picked":"Acrobatics","floor":37},{"not_picked":["Discovery","Violence"],"picked":"Purity","floor":39},{"not_picked":["Secret Technique","HandOfGreed"],"picked":"Dark Shackles","floor":39},{"not_picked":["Blade Dance+1","Reflex"],"picked":"Prepared+1","floor":41},{"not_picked":["Prepared","Dagger Throw","Cloak And Dagger"],"picked":"SKIP","floor":44},{"not_picked":["Masterful Stab","Dash"],"picked":"Finisher","floor":46},{"not_picked":["Deflect+1","Prepared+1"],"picked":"Catalyst","floor":47},{"not_picked":["Backflip+1","Predator"],"picked":"Blade Dance","floor":48},{"not_picked":["Quick Slash","Dodge and Roll+1"],"picked":"Acrobatics","floor":54}],"player_experience":1021744,"relics_obtained":[{"floor":7.0,"key":"Art of War"},{"floor":9.0,"key":"Potion Belt"},{"floor":12.0,"key":"The Courier"},{"floor":14.0,"key":"InkBottle"},{"floor":21.0,"key":"Red Mask"},{"floor":23.0,"key":"Ice Cream"},{"floor":25.0,"key":"Snake Skull"},{"floor":26.0,"key":"Pear"},{"floor":27.0,"key":"Ornamental Fan"},{"floor":29.0,"key":"PreservedInsect"},{"floor":41,"key":"The Specimen"},{"floor":42,"key":"Old Coin"},{"floor":44,"key":"Turnip"},{"floor":46,"key":"CaptainsWheel"},{"floor":48,"key":"Bronze Scales"},{"floor":54,"key":"Happy Flower"}],"event_choices":[{"damage_healed":0.0,"max_hp_gain":0.0,"max_hp_loss":6.0,"gold_gain":0.0,"event_name":"Golden Idol","player_choice":"Lose Max HP","floor":2.0,"gold_loss":0.0,"damage_taken":0.0,"relics_obtained":["Golden Idol"]},{"damage_healed":0.0,"max_hp_gain":0.0,"max_hp_loss":0.0,"gold_gain":75.0,"event_name":"World of Goop","player_choice":"Gather Gold","floor":4.0,"gold_loss":0.0,"damage_taken":11.0},{"damage_healed":0.0,"max_hp_gain":0.0,"max_hp_loss":0.0,"gold_gain":0.0,"event_name":"Accursed Blacksmith","player_choice":"Forge","floor":10.0,"gold_loss":0.0,"damage_taken":0.0,"cards_upgraded":["Die Die Die"]},{"damage_healed":0.0,"max_hp_gain":0.0,"max_hp_loss":0.0,"gold_gain":0.0,"event_name":"Masked Bandits","player_choice":"Fought Bandits","floor":21.0,"gold_loss":0.0,"damage_taken":0.0},{"damage_healed":0.0,"max_hp_gain":0.0,"max_hp_loss":0.0,"gold_gain":0.0,"event_name":"Addict","player_choice":"Obtained Relic","floor":22.0,"gold_loss":85.0,"damage_taken":0.0,"relics_obtained":["HornCleat"]},{"damage_healed":0,"gold_gain":222,"player_choice":"Wore Mask","damage_taken":0,"max_hp_gain":0,"max_hp_loss":0,"event_name":"Tomb of Lord Red Mask","floor":38,"gold_loss":0},{"damage_healed":0,"gold_gain":0,"player_choice":"Memory 3","damage_taken":10,"max_hp_gain":0,"max_hp_loss":0,"event_name":"SensoryStone","floor":39,"gold_loss":0},{"damage_healed":0,"gold_gain":0,"player_choice":"Fight","damage_taken":0,"max_hp_gain":0,"max_hp_loss":0,"event_name":"MindBloom","floor":42,"gold_loss":0},{"damage_healed":0,"gold_gain":0,"player_choice":"Fight","damage_taken":0,"max_hp_gain":0,"max_hp_loss":0,"event_name":"Mysterious Sphere","floor":46,"gold_loss":0}],"is_beta":false,"boss_relics":[{"not_picked":["Snecko Eye","SlaversCollar"],"picked":"Philosopher\u0027s Stone"},{"not_picked":["WristBlade","Black Star"],"picked":"Astrolabe"}],"items_purged_floors":[19,28,36,53],"is_endless":false,"potions_floor_spawned":[5,8,12,14,20,23,33,41,46,47,48,54],"ascension_level":16}