{"gold_per_floor":[113,125,125,125,141,141,168,67,90,116,131,131,145,155,155,232,232,243,293,293,113,129,129,44,44,94,94,123,143,18,37,37,115,115,130,145,165,185,23,23,35,0,25,60,60,60,90,106,106,106,106,106,23,53,53],"floor_reached":56,"playtime":2205,"items_purged":["Strike_G","Strike_G","Strike_G"],"score":2175,"play_id":"2a45ddb1-57fb-4aae-90dc-ffa3d1d8e09d","local_time":"20220616000921","is_ascension_mode":true,"campfire_choices":[{"data":"Catalyst","floor":6,"key":"SMITH"},{"floor":12,"key":"REST"},{"data":"Bouncing Flask","floor":15,"key":"SMITH"},{"data":"Tactician","floor":23,"key":"SMITH"},{"data":"Survivor","floor":25,"key":"SMITH"},{"data":"Die Die Die","floor":27,"key":"SMITH"},{"floor":32,"key":"REST"},{"data":"Wraith Form v2","floor":40,"key":"SMITH"},{"data":"Acrobatics","floor":46,"key":"SMITH"},{"floor":49,"key":"RECALL"},{"data":"Concentrate","floor":52,"key":"SMITH"}],"neow_cost":"NONE","seed_source_timestamp":766839525078900,"circlet_count":0,"master_deck":["AscendersBane","Strike_G","Strike_G+1","Defend_G","Defend_G","Defend_G","Defend_G","Defend_G","Survivor+1","Neutralize","Bouncing Flask+1","Dagger Throw+1","Catalyst+1","Masterful Stab+1","Poisoned Stab+1","Deadly Poison","Crippling Poison","Die Die Die+1","Tactician+1","Noxious Fumes+1","Deadly Poison+1","Deflect","Wraith Form v2+1","Concentrate+1","Catalyst+1","Acrobatics+1","Acrobatics","Catalyst"],"relics":["Ring of the Snake","NeowsBlessing","Regal Pillow","Centennial Puzzle","Turnip","Runic Pyramid","Boot","Oddly Smooth Stone","Coffee Dripper","DollysMirror","Red Mask","Anchor","Potion Belt","Eternal Feather","Whetstone"],"potions_floor_usage":[7,10,16,18,22,28,28,50,50,50,55,55],"damage_taken":[{"damage":0,"enemies":"Jaw Worm","floor":1,"turns":1},{"damage":0,"enemies":"2 Louse","floor":2,"turns":1},{"damage":0,"enemies":"Small Slimes","floor":5,"turns":1},{"damage":11,"enemies":"Lagavulin","floor":7,"turns":7},{"damage":4,"enemies":"Gremlin Nob","floor":10,"turns":3},{"damage":5,"enemies":"Exordium Wildlife","floor":11,"turns":3},{"damage":0,"enemies":"Looter","floor":13,"turns":2},{"damage":1,"enemies":"Blue Slaver","floor":14,"turns":3},{"damage":9,"enemies":"Hexaghost","floor":16,"turns":5},{"damage":12,"enemies":"Shell Parasite","floor":18,"turns":5},{"damage":0,"enemies":"Spheric Guardian","floor":22,"turns":2},{"damage":12,"enemies":"Slavers","floor":28,"turns":5},{"damage":34,"enemies":"Cultist and Chosen","floor":29,"turns":5},{"damage":12,"enemies":"Snake Plant","floor":31,"turns":2},{"damage":8,"enemies":"Champ","floor":33,"turns":7},{"damage":3,"enemies":"3 Shapes","floor":35,"turns":5},{"damage":2,"enemies":"Orb Walker","floor":36,"turns":4},{"damage":3,"enemies":"3 Darklings","floor":37,"turns":4},{"damage":8,"enemies":"Writhing Mass","floor":38,"turns":5},{"damage":2,"enemies":"4 Shapes","floor":41,"turns":5},{"damage":0,"enemies":"Nemesis","floor":44,"turns":3},{"damage":0,"enemies":"Giant Head","floor":47,"turns":4},{"damage":6,"enemies":"3 Darklings","floor":48,"turns":4},{"damage":45,"enemies":"Awakened One","floor":50,"turns":17},{"damage":39,"enemies":"Shield and Spear","floor":54,"turns":6},{"damage":27,"enemies":"The Heart","floor":55,"turns":5}],"seed_played":"-3473503004127815322","potions_obtained":[{"floor":1,"key":"SpeedPotion"},{"floor":5,"key":"PowerPotion"},{"floor":7,"key":"ColorlessPotion"},{"floor":10,"key":"Poison Potion"},{"floor":16,"key":"Fruit Juice"},{"floor":22,"key":"Block Potion"},{"floor":31,"key":"EssenceOfSteel"},{"floor":36,"key":"GhostInAJar"},{"floor":44,"key":"Swift Potion"},{"floor":47,"key":"SkillPotion"},{"floor":54,"key":"DistilledChaos"}],"is_trial":false,"path_per_floor":["M","M","?","?","M","R","E","$","T","E","M","R","M","M","R","B",null,"M","?","?","$","M","R","?","R","T","R","E","M","$","M","R","B",null,"M","M","M","M","$","R","M","?","T","E","?","R","E","M","R","B",null,"R","$","E","B",null],"character_chosen":"THE_SILENT","items_purchased":["Poisoned Stab","Regen Potion","DollysMirror","Acrobatics","Poison Potion"],"campfire_rested":2,"item_purchase_floors":[8,21,39,53,53],"current_hp_per_floor":[59,59,39,39,39,39,28,28,28,24,19,53,53,52,52,43,60,48,48,48,48,53,53,53,53,53,53,56,22,22,10,46,38,63,60,58,55,47,47,47,45,45,45,45,45,45,45,39,54,9,56,71,71,32,5],"gold":53,"neow_bonus":"THREE_ENEMY_KILL","is_prod":false,"is_daily":false,"chose_seed":false,"campfire_upgraded":8,"win_rate":0,"timestamp":1655352561,"path_taken":["M","M","?","?","M","R","E","$","T","E","M","R","M","M","R","BOSS","M","?","?","$","M","R","?","R","T","R","E","?","?","M","R","BOSS","M","?","M","M","$","R","M","?","T","E","?","R","E","M","R","BOSS","R","$","E","BOSS"],"build_version":"2022-03-07","purchased_purges":3,"victory":true,"max_hp_per_floor":[66,66,66,66,66,66,66,66,66,66,66,66,66,66,66,66,66,66,66,66,66,71,71,71,71,71,71,71,71,71,71,71,71,71,71,71,71,71,71,71,71,71,71,71,71,71,71,71,71,71,71,71,71,71,71],"card_choices":[{"not_picked":["Catalyst","Eviscerate"],"picked":"Bouncing Flask","floor":1},{"not_picked":["Dash","Quick Slash"],"picked":"Dagger Throw","floor":2},{"not_picked":["Terror","Eviscerate"],"picked":"Catalyst","floor":5},{"not_picked":["Sucker Punch","Choke"],"picked":"Masterful Stab","floor":7},{"not_picked":["Setup","Heel Hook"],"picked":"Deadly Poison","floor":10},{"not_picked":["Slice","Flechettes","Sucker Punch"],"picked":"SKIP","floor":11},{"not_picked":["A Thousand Cuts","Deflect"],"picked":"Crippling Poison","floor":13},{"not_picked":["Setup","Skewer","Concentrate"],"picked":"SKIP","floor":14},{"not_picked":["Night Terror","Phantasmal Killer"],"picked":"Die Die Die","floor":16},{"not_picked":["Blade Dance","Deflect"],"picked":"Tactician","floor":18},{"not_picked":["Blade Dance","Deflect"],"picked":"Noxious Fumes+1","floor":22},{"not_picked":["Dagger Spray","Sucker Punch+1","Malaise"],"picked":"SKIP","floor":28},{"not_picked":["Blur","Sucker Punch"],"picked":"Deadly Poison+1","floor":29},{"not_picked":["Predator","Bane"],"picked":"Deflect","floor":31},{"not_picked":["Tools of the Trade","Night Terror"],"picked":"Wraith Form v2","floor":33},{"not_picked":["Dodge and Roll","Well Laid Plans+1","Blade Dance"],"picked":"SKIP","floor":35},{"not_picked":["Deadly Poison","Backstab+1","Dash"],"picked":"SKIP","floor":36},{"not_picked":["Poisoned Stab","Prepared"],"picked":"Concentrate","floor":37},{"not_picked":["Underhanded Strike","Deadly Poison","Prepared"],"picked":"SKIP","floor":38},{"not_picked":["Slice","Cloak And Dagger"],"picked":"Acrobatics","floor":41},{"not_picked":["Dagger Spray","Endless Agony+1","Sucker Punch"],"picked":"SKIP","floor":44},{"not_picked":["Heel Hook","Poisoned Stab","Quick Slash+1"],"picked":"SKIP","floor":47},{"not_picked":["Phantasmal Killer","Dagger Spray","Dagger Throw"],"picked":"SKIP","floor":48},{"not_picked":["Endless Agony+1","Heel Hook"],"picked":"Catalyst","floor":54}],"player_experience":1038127,"relics_obtained":[{"floor":7,"key":"Regal Pillow"},{"floor":9,"key":"Centennial Puzzle"},{"floor":10,"key":"Turnip"},{"floor":28,"key":"Oddly Smooth Stone"},{"floor":43,"key":"Anchor"},{"floor":44,"key":"Potion Belt"},{"floor":47,"key":"Eternal Feather"},{"floor":54,"key":"Whetstone"}],"event_choices":[{"damage_healed":0,"gold_gain":0,"player_choice":"Entered Light","damage_taken":20,"max_hp_gain":0,"max_hp_loss":0,"event_name":"Shining Light","floor":3,"gold_loss":0,"cards_upgraded":["Dagger Throw","Strike_G"]},{"damage_healed":0,"gold_gain":0,"player_choice":"Ignored","damage_taken":0,"max_hp_gain":0,"max_hp_loss":0,"event_name":"Liars Game","floor":4,"gold_loss":0},{"damage_healed":0,"gold_gain":50,"player_choice":"Stole From Cult","damage_taken":0,"max_hp_gain":0,"max_hp_loss":0,"event_name":"Nest","floor":19,"gold_loss":0},{"damage_healed":0,"gold_gain":0,"player_choice":"Ignored","damage_taken":0,"max_hp_gain":0,"max_hp_loss":0,"event_name":"Vampires","floor":20,"gold_loss":0},{"damage_healed":0,"gold_gain":0,"player_choice":"Obtained Relic","damage_taken":0,"relics_obtained":["Boot"],"max_hp_gain":0,"max_hp_loss":0,"event_name":"Addict","floor":24,"gold_loss":85},{"damage_healed":0,"gold_gain":0,"player_choice":"Paid","damage_taken":0,"relics_obtained":["Red Mask"],"max_hp_gain":0,"max_hp_loss":0,"event_name":"Tomb of Lord Red Mask","floor":42,"gold_loss":35},{"damage_healed":0,"gold_gain":0,"player_choice":"0 cards matched","damage_taken":0,"max_hp_gain":0,"max_hp_loss":0,"event_name":"Match and Keep!","floor":45,"gold_loss":0,"cards_obtained":[]},{"damage_healed":0,"gold_gain":0,"player_choice":"0 cards matched","damage_taken":0,"max_hp_gain":0,"max_hp_loss":0,"event_name":"Match and Keep!","floor":45,"gold_loss":0,"cards_obtained":[]}],"is_beta":false,"boss_relics":[{"not_picked":["SacredBark","Philosopher\u0027s Stone"],"picked":"Runic Pyramid"},{"not_picked":["Ring of the Serpent","SlaversCollar"],"picked":"Coffee Dripper"}],"items_purged_floors":[8,21,30],"is_endless":false,"potions_floor_spawned":[1,5,7,10,14,16,22,31,36,37,44,47,54],"ascension_level":18}