{"gold_per_floor":[11,61,73,91,109,109,135,155,155,189,189,114,114,149,149,227,227,239,239,219,232,79,79,92,127,127,127,139,139,173,188,188,262,262,282,297,315,366,381,381,409,409,409,426,426,438,464,501,513,525,537,549,63,91,91],"floor_reached":56,"playtime":5219,"items_purged":["Strike_G","Strike_G"],"score":2203,"play_id":"c29a286a-6537-4b12-9e42-db0c76d4ba44","local_time":"20220614174159","is_ascension_mode":true,"campfire_choices":[{"data":"Calculated Gamble","floor":6,"key":"SMITH"},{"data":"Eviscerate","floor":11,"key":"SMITH"},{"data":"Backstab","floor":13,"key":"SMITH"},{"data":"Cloak And Dagger","floor":15,"key":"SMITH"},{"data":"Adrenaline","floor":23,"key":"SMITH"},{"data":"Burst","floor":27,"key":"SMITH"},{"data":"Terror","floor":32,"key":"SMITH"},{"data":"Adrenaline","floor":40,"key":"SMITH"},{"data":"Skewer","floor":45,"key":"SMITH"},{"floor":49,"key":"RECALL"},{"data":"Cloak And Dagger","floor":52,"key":"SMITH"}],"neow_cost":"NO_GOLD","seed_source_timestamp":654180723074300,"circlet_count":0,"master_deck":["AscendersBane","Defend_G","Defend_G","Defend_G","Survivor","Neutralize","PiercingWail","Calculated Gamble+1","Quick Slash","Slice","Eviscerate+1","Backstab+1","Terror+1","Dagger Throw","Cloak And Dagger+1","Adrenaline+1","Backflip","Reflex","Burst+1","Necronomicurse","Cloak And Dagger+1","Dagger Throw","Corpse Explosion","Backflip+1","Eviscerate","Reflex","Adrenaline+1","Skewer+1","Cloak And Dagger+1","Dodge and Roll+1","Eviscerate","Wraith Form v2+1","Noxious Fumes+1","Caltrops+1","Apotheosis","Blade Dance+1"],"relics":["Ring of the Snake","MealTicket","Shuriken","White Beast Statue","Frozen Egg 2","Runic Pyramid","Lantern","Meat on the Bone","Necronomicon","Pear","Empty Cage","CaptainsWheel","Mercury Hourglass","MawBank","Tough Bandages","Boot"],"potions_floor_usage":[7,16,33,38,38,50,53,55,55],"damage_taken":[{"damage":0,"enemies":"Cultist","floor":1,"turns":4},{"damage":1,"enemies":"Jaw Worm","floor":3,"turns":7},{"damage":0,"enemies":"2 Louse","floor":4,"turns":2},{"damage":0,"enemies":"Looter","floor":5,"turns":2},{"damage":9,"enemies":"Gremlin Nob","floor":7,"turns":3},{"damage":5,"enemies":"Red Slaver","floor":8,"turns":3},{"damage":7,"enemies":"Lagavulin","floor":10,"turns":5},{"damage":2,"enemies":"Gremlin Nob","floor":14,"turns":3},{"damage":0,"enemies":"Slime Boss","floor":16,"turns":5},{"damage":0,"enemies":"Chosen","floor":18,"turns":3},{"damage":0,"enemies":"Spheric Guardian","floor":21,"turns":3},{"damage":9,"enemies":"Centurion and Healer","floor":24,"turns":3},{"damage":2,"enemies":"Book of Stabbing","floor":25,"turns":3},{"damage":0,"enemies":"Snecko","floor":28,"turns":2},{"damage":18,"enemies":"Slavers","floor":30,"turns":5},{"damage":0,"enemies":"Sentry and Sphere","floor":31,"turns":3},{"damage":50,"enemies":"Automaton","floor":33,"turns":5},{"damage":10,"enemies":"Orb Walker","floor":35,"turns":3},{"damage":0,"enemies":"3 Shapes","floor":36,"turns":3},{"damage":0,"enemies":"Jaw Worm Horde","floor":37,"turns":3},{"damage":15,"enemies":"2 Orb Walkers","floor":38,"turns":3},{"damage":0,"enemies":"Maw","floor":39,"turns":4},{"damage":13,"enemies":"Giant Head","floor":41,"turns":3},{"damage":0,"enemies":"Sphere and 2 Shapes","floor":44,"turns":4},{"damage":0,"enemies":"Jaw Worm Horde","floor":46,"turns":1},{"damage":10,"enemies":"Nemesis","floor":47,"turns":3},{"damage":0,"enemies":"Mind Bloom Boss Battle","floor":48,"turns":2},{"damage":2,"enemies":"Donu and Deca","floor":50,"turns":4},{"damage":5,"enemies":"Shield and Spear","floor":54,"turns":5},{"damage":63,"enemies":"The Heart","floor":55,"turns":9}],"seed_played":"-3740993786473362623","potions_obtained":[{"floor":5,"key":"LiquidBronze"},{"floor":7,"key":"FairyPotion"},{"floor":10,"key":"SkillPotion"},{"floor":16,"key":"Strength Potion"},{"floor":33,"key":"Weak Potion"},{"floor":35,"key":"ColorlessPotion"},{"floor":38,"key":"Explosive Potion"},{"floor":39,"key":"GamblersBrew"},{"floor":47,"key":"Weak Potion"},{"floor":48,"key":"PowerPotion"}],"is_trial":false,"path_per_floor":["M","?","M","M","M","R","E","M","T","E","R","?","R","E","R","B",null,"M","?","?","M","$","R","M","E","T","R","M","?","E","M","R","B",null,"M","M","M","?","M","R","E","?","T","M","R","M","E","?","R","B",null,"R","$","E","B",null],"character_chosen":"THE_SILENT","items_purchased":["Reflex","Caltrops+1","Apotheosis","Fruit Juice","BlessingOfTheForge"],"campfire_rested":0,"item_purchase_floors":[22,53,53,53,53],"current_hp_per_floor":[59,53,52,52,52,52,43,38,38,31,31,31,31,29,29,29,57,57,57,57,57,66,66,57,55,55,55,55,34,38,50,50,34,66,56,56,56,41,41,41,40,40,40,40,40,40,42,42,42,40,64,64,77,72,21],"gold":91,"neow_bonus":"TRANSFORM_TWO_CARDS","is_prod":false,"is_daily":false,"chose_seed":false,"campfire_upgraded":10,"win_rate":0,"timestamp":1655242919,"path_taken":["M","?","?","M","M","R","E","M","T","E","R","?","R","E","R","BOSS","M","?","?","M","$","R","M","E","T","R","?","?","E","M","R","BOSS","M","M","M","?","M","R","E","?","T","M","R","M","E","?","R","BOSS","R","$","E","BOSS"],"build_version":"2022-03-07","purchased_purges":2,"victory":true,"max_hp_per_floor":[66,66,66,66,66,66,66,66,66,66,66,66,66,66,66,66,66,66,66,66,66,66,66,66,66,66,66,66,66,76,76,76,76,76,76,76,76,76,76,76,76,72,72,72,72,72,72,72,72,72,72,72,77,77,77],"card_choices":[{"not_picked":["Deflect","Underhanded Strike"],"picked":"Quick Slash","floor":1},{"not_picked":["Finisher","Underhanded Strike"],"picked":"Slice","floor":3},{"not_picked":["Distraction","Poisoned Stab"],"picked":"Eviscerate","floor":4},{"not_picked":["Deadly Poison","Dodge and Roll"],"picked":"Backstab","floor":5},{"not_picked":["Prepared","Poisoned Stab"],"picked":"Terror","floor":7},{"not_picked":["Masterful Stab","Terror"],"picked":"Dagger Throw","floor":8},{"not_picked":["Dodge and Roll","Dagger Spray","Underhanded Strike"],"picked":"SKIP","floor":10},{"not_picked":["Sucker Punch","Infinite Blades+1"],"picked":"Cloak And Dagger","floor":14},{"not_picked":["Tools of the Trade+1","Doppelganger"],"picked":"Adrenaline","floor":16},{"not_picked":["Dodge and Roll","Flying Knee"],"picked":"Backflip","floor":18},{"not_picked":["Terror","Dagger Spray","Sucker Punch"],"picked":"SKIP","floor":21},{"not_picked":["Outmaneuver","Bouncing Flask","Choke"],"picked":"SKIP","floor":24},{"not_picked":["Unload","Skewer"],"picked":"Burst","floor":25},{"not_picked":["Dagger Spray","Dodge and Roll","Expertise"],"picked":"SKIP","floor":28},{"not_picked":["Distraction","Outmaneuver+1"],"picked":"Cloak And Dagger","floor":30},{"not_picked":["Cloak And Dagger","Flying Knee"],"picked":"Dagger Throw","floor":31},{"not_picked":["Storm of Steel","Night Terror"],"picked":"Corpse Explosion","floor":33},{"not_picked":["Prepared","Deflect"],"picked":"Backflip+1","floor":35},{"not_picked":["Dodge and Roll+1","Crippling Poison"],"picked":"Eviscerate","floor":36},{"not_picked":["Backflip","Escape Plan+1"],"picked":"Reflex","floor":37},{"not_picked":["Outmaneuver","Dagger Spray+1"],"picked":"Adrenaline","floor":38},{"not_picked":["Bane","Dagger Spray"],"picked":"Skewer","floor":39},{"not_picked":["Accuracy+1","Acrobatics"],"picked":"Cloak And Dagger+1","floor":41},{"not_picked":["Choke","Predator"],"picked":"Dodge and Roll+1","floor":44},{"not_picked":["Endless Agony+1","Backflip+1"],"picked":"Eviscerate","floor":46},{"not_picked":["Acrobatics+1","Riddle With Holes+1"],"picked":"Wraith Form v2+1","floor":47},{"not_picked":["Bane+1","Cloak And Dagger+1"],"picked":"Noxious Fumes+1","floor":48},{"not_picked":["Backflip","Flechettes"],"picked":"Blade Dance+1","floor":54}],"player_experience":1032306,"relics_obtained":[{"floor":7,"key":"MealTicket"},{"floor":9,"key":"Shuriken"},{"floor":10,"key":"White Beast Statue"},{"floor":14,"key":"Frozen Egg 2"},{"floor":25,"key":"Lantern"},{"floor":26,"key":"Meat on the Bone"},{"floor":29,"key":"Necronomicon"},{"floor":30,"key":"Pear"},{"floor":38,"key":"CaptainsWheel"},{"floor":41,"key":"Mercury Hourglass"},{"floor":47,"key":"MawBank"},{"floor":48,"key":"Tough Bandages"},{"floor":54,"key":"Boot"}],"event_choices":[{"damage_healed":0,"gold_gain":50,"player_choice":"Touch","damage_taken":6,"max_hp_gain":0,"max_hp_loss":0,"event_name":"FaceTrader","floor":2,"gold_loss":0},{"cards_removed":["Strike_G"],"damage_healed":0,"gold_gain":0,"player_choice":"Card Removal","damage_taken":0,"max_hp_gain":0,"max_hp_loss":0,"event_name":"The Cleric","floor":12,"gold_loss":75},{"damage_healed":0,"gold_gain":0,"player_choice":"Ignored","damage_taken":0,"max_hp_gain":0,"max_hp_loss":0,"event_name":"Vampires","floor":19,"gold_loss":0},{"damage_healed":0,"gold_gain":0,"player_choice":"Bought 1 Potion","damage_taken":0,"max_hp_gain":0,"max_hp_loss":0,"event_name":"The Woman in Blue","floor":20,"gold_loss":0},{"damage_healed":0,"gold_gain":0,"player_choice":"Obtained Book","damage_taken":21,"max_hp_gain":0,"max_hp_loss":0,"event_name":"Cursed Tome","floor":29,"gold_loss":0},{"damage_healed":0,"gold_gain":0,"player_choice":"Fight","damage_taken":0,"max_hp_gain":0,"max_hp_loss":0,"event_name":"Mysterious Sphere","floor":38,"gold_loss":0},{"damage_healed":0,"gold_gain":0,"player_choice":"Max HP","damage_taken":0,"max_hp_gain":0,"max_hp_loss":4,"event_name":"Winding Halls","floor":42,"gold_loss":0},{"damage_healed":0,"gold_gain":0,"player_choice":"Fight","damage_taken":0,"max_hp_gain":0,"max_hp_loss":0,"event_name":"MindBloom","floor":48,"gold_loss":0}],"is_beta":false,"boss_relics":[{"not_picked":["Velvet Choker","Fusion Hammer"],"picked":"Runic Pyramid"},{"not_picked":["Black Star","Runic Dome"],"picked":"Empty Cage"}],"items_purged_floors":[22,53],"is_endless":false,"potions_floor_spawned":[5,7,10,14,16,18,21,24,25,28,30,31,33,35,36,37,38,39,41,44,46,47,48,54],"ascension_level":17}