{"gold_per_floor":[115,130,27,42,53,53,85,85,108,108],"floor_reached":10,"playtime":657,"items_purged":["Writhe"],"score":136,"play_id":"79f30f6b-5f1d-463b-9d93-bfa051f22c8a","local_time":"20220625130532","is_ascension_mode":true,"campfire_choices":[{"data":"Calculated Gamble","floor":6,"key":"SMITH"},{"floor":8,"key":"REST"}],"neow_cost":"CURSE","seed_source_timestamp":0,"circlet_count":0,"master_deck":["AscendersBane","Strike_G","Strike_G","Strike_G","Strike_G","Strike_G","Defend_G","Defend_G","Defend_G","Survivor","Neutralize","Deflect","Terror","Dagger Throw","Underhanded Strike","Underhanded Strike","Calculated Gamble+1","Riddle With Holes"],"special_seed":0,"relics":["Ring of the Snake","Akabeko","MealTicket"],"potions_floor_usage":[7,10],"damage_taken":[{"damage":2,"enemies":"2 Louse","floor":1,"turns":4},{"damage":7,"enemies":"Jaw Worm","floor":2,"turns":3},{"damage":7,"enemies":"Small Slimes","floor":4,"turns":3},{"damage":8,"enemies":"3 Louse","floor":5,"turns":4},{"damage":31,"enemies":"3 Sentries","floor":7,"turns":11},{"damage":28,"enemies":"Gremlin Nob","floor":10,"turns":3}],"seed_played":"5697183279371174661","potions_obtained":[{"floor":1,"key":"BlessingOfTheForge"},{"floor":4,"key":"SpeedPotion"}],"is_trial":false,"path_per_floor":["M","M","$","M","M","R","E","R","T","E"],"character_chosen":"THE_SILENT","items_purchased":["Underhanded Strike"],"campfire_rested":1,"item_purchase_floors":[3],"current_hp_per_floor":[57,50,50,43,35,35,4,23,23,0],"gold":108,"neow_bonus":"TRANSFORM_TWO_CARDS","is_prod":false,"is_daily":false,"chose_seed":false,"campfire_upgraded":1,"win_rate":0,"timestamp":1656176732,"path_taken":["M","M","$","M","M","R","E","R","T","E"],"build_version":"2022-03-07","purchased_purges":1,"victory":false,"max_hp_per_floor":[66,66,66,66,66,66,66,66,66,66],"relic_stats":{"counters":[6,28],"MealTicket":0,"obtain_stats":[{"MealTicket":9,"Akabeko":7,"Ring of the Snake":0},{"MealTicket":5,"Akabeko":5,"Ring of the Snake":0},{"MealTicket":25,"Akabeko":25,"Ring of the Snake":0}],"Ring of the Snake":[12]},"card_choices":[{"not_picked":["Masterful Stab","PiercingWail"],"picked":"Dagger Throw","floor":1},{"not_picked":["Flechettes","Masterful Stab"],"picked":"Underhanded Strike","floor":2},{"not_picked":["Deadly Poison","Skewer","Slice"],"picked":"SKIP","floor":4},{"not_picked":["Dagger Spray","Deflect"],"picked":"Calculated Gamble","floor":5},{"not_picked":["Predator","Sucker Punch"],"picked":"Riddle With Holes","floor":7}],"player_experience":1058635,"relics_obtained":[{"floor":7,"key":"Akabeko"},{"floor":9,"key":"MealTicket"}],"event_choices":[],"is_beta":false,"boss_relics":[],"items_purged_floors":[3],"is_endless":false,"potions_floor_spawned":[1,4],"killed_by":"Gremlin Nob","ascension_level":20}