{"gold_per_floor":[118,418,496,212,222,222,255,275,275,275,275,307,326,32,32,103,103,118,134,134,147,147,147,178,178,178,36,66,66,100,110,110,184,184,197,210,210,210,226,226,256,287,322,346,404,416,453,33,33,33,33,33,33,6,36,36],"floor_reached":57,"playtime":4874,"items_purged":["Defend_G","Strike_G","All Out Attack","All Out Attack"],"score":3077,"play_id":"70a87e6c-4f3e-4228-9389-8539f04823c7","local_time":"20220727181636","is_ascension_mode":true,"campfire_choices":[{"data":"Predator","floor":6.0,"key":"SMITH"},{"data":"Neutralize","floor":10.0,"key":"SMITH"},{"data":"Bullet Time","floor":15.0,"key":"SMITH"},{"data":"Adrenaline","floor":23.0,"key":"SMITH"},{"data":"Well Laid Plans","floor":29.0,"key":"SMITH"},{"data":"Reflex","floor":32.0,"key":"SMITH"},{"floor":40,"key":"RECALL"},{"data":"After Image","floor":46,"key":"SMITH"},{"data":"Secret Technique","floor":49,"key":"SMITH"},{"data":"PiercingWail","floor":53,"key":"SMITH"}],"neow_cost":"NONE","seed_source_timestamp":113935691454800,"circlet_count":0,"master_deck":["AscendersBane","Defend_G","Defend_G+1","Survivor","Neutralize+1","Predator+1","Flying Knee","Bullet Time+1","Terror","Acrobatics+1","Backflip","Adrenaline+1","Well Laid Plans+1","Acrobatics+1","Reflex+1","After Image+1","Burst+1","Unload+1","Venomology+1","PiercingWail+1","Footwork+1","Dagger Throw+1","Tactician+1","Flying Knee+1","Secret Technique+1","Endless Agony+1"],"special_seed":0,"relics":["Ring of the Snake","NeowsBlessing","Old Coin","Question Card","Membership Card","StrikeDummy","Shuriken","Paper Crane","Ornamental Fan","Pen Nib","Busted Crown","Molten Egg 2","War Paint","Frozen Eye","InkBottle","Astrolabe","MawBank","Ice Cream","PreservedInsect","TheAbacus","Kunai","Bottled Flame"],"potions_floor_usage":[36,36,36,36,39,41,44,45,45,47,50,50,56,56,56],"damage_taken":[{"damage":0.0,"enemies":"Cultist","floor":1.0,"turns":1.0},{"damage":0.0,"enemies":"Jaw Worm","floor":5.0,"turns":1.0},{"damage":0.0,"enemies":"Gremlin Nob","floor":7.0,"turns":1.0},{"damage":0.0,"enemies":"2 Louse","floor":8.0,"turns":2.0},{"damage":10.0,"enemies":"Lagavulin","floor":12.0,"turns":4.0},{"damage":2.0,"enemies":"Large Slime","floor":13.0,"turns":4.0},{"damage":7.0,"enemies":"Hexaghost","floor":16.0,"turns":5.0},{"damage":0.0,"enemies":"2 Thieves","floor":18.0,"turns":3.0},{"damage":4.0,"enemies":"Shell Parasite","floor":19.0,"turns":3.0},{"damage":0.0,"enemies":"3 Cultists","floor":21.0,"turns":4.0},{"damage":1.0,"enemies":"Slavers","floor":24.0,"turns":3.0},{"damage":0.0,"enemies":"Gremlin Leader","floor":28.0,"turns":3.0},{"damage":0.0,"enemies":"Book of Stabbing","floor":30.0,"turns":3.0},{"damage":6.0,"enemies":"Shelled Parasite and Fungi","floor":31.0,"turns":2.0},{"damage":0.0,"enemies":"Collector","floor":33.0,"turns":3.0},{"damage":0.0,"enemies":"3 Darklings","floor":35.0,"turns":3.0},{"damage":0,"enemies":"Orb Walker","floor":36,"turns":2},{"damage":0,"enemies":"Sphere and 2 Shapes","floor":39,"turns":3},{"damage":5,"enemies":"Reptomancer","floor":41,"turns":6},{"damage":0,"enemies":"Maw","floor":42,"turns":5},{"damage":0,"enemies":"Transient","floor":44,"turns":6},{"damage":0,"enemies":"2 Orb Walkers","floor":45,"turns":3},{"damage":0,"enemies":"Giant Head","floor":47,"turns":4},{"damage":0,"enemies":"Time Eater","floor":50,"turns":8},{"damage":10,"enemies":"Awakened One","floor":51,"turns":7},{"damage":17,"enemies":"Shield and Spear","floor":55,"turns":6},{"damage":37,"enemies":"The Heart","floor":56,"turns":8}],"seed_played":"495024692692297193","potions_obtained":[{"floor":7.0,"key":"SteroidPotion"},{"floor":12.0,"key":"Block Potion"},{"floor":47,"key":"Poison Potion"}],"is_trial":false,"path_per_floor":["M","?","T","$","M","R","E","M","T","R","?","E","M","$","R","B",null,"M","M","?","M","?","R","E","?","T","$","E","R","E","M","R","B",null,"M","M","?","?","M","R","E","M","T","M","?","R","E","$","R","B","B",null,"R","$","E","B",null],"character_chosen":"THE_SILENT","items_purchased":["Membership Card","Predator","DistilledChaos","Backflip","Ornamental Fan","Pen Nib","Frozen Eye","TheAbacus","Kunai","Secret Technique","LiquidMemories","SpeedPotion"],"campfire_rested":0,"item_purchase_floors":[4,4,4,14,14,14,27,48,48,48,48,54],"current_hp_per_floor":[59,48,48,48,48,48,48,48,48,48,48,38,36,36,36,29,57,57,53,53,53,53,53,52,52,52,52,52,52,52,46,46,46,61,61,61,61,61,61,61,56,56,56,56,56,56,56,56,56,56,46,59,59,59,42,5],"gold":36,"neow_bonus":"THREE_ENEMY_KILL","is_prod":false,"is_daily":false,"chose_seed":false,"campfire_upgraded":9,"win_rate":0,"timestamp":1658960196,"path_taken":["M","?","?","$","M","R","E","M","T","R","?","E","M","$","R","BOSS","M","M","?","M","?","R","E","?","T","?","E","R","E","M","R","BOSS","M","M","?","?","M","R","E","M","T","?","?","R","E","$","R","BOSS","BOSS","R","$","E","BOSS"],"build_version":"2022-03-07","purchased_purges":4,"victory":true,"max_hp_per_floor":[66,66,66,66,66,66,66,66,66,66,66,66,66,66,66,66,66,66,66,66,66,66,66,66,66,66,66,66,66,66,66,66,66,66,66,66,66,63,63,63,63,63,63,63,63,63,63,63,63,63,63,63,63,63,63,63],"card_choices":[{"not_picked":["Dodge and Roll","Expertise","Infinite Blades"],"picked":"SKIP","floor":1.0},{"not_picked":["Heel Hook","Masterful Stab","Escape Plan"],"picked":"All Out Attack","floor":5.0},{"not_picked":["Underhanded Strike","Prepared","Concentrate"],"picked":"Flying Knee","floor":7.0},{"not_picked":["Endless Agony","Poisoned Stab","Dodge and Roll","Leg Sweep"],"picked":"SKIP","floor":8.0},{"not_picked":["Poisoned Stab","Dodge and Roll","Masterful Stab"],"picked":"Terror","floor":12.0},{"not_picked":["Dagger Throw","Deflect","Backstab"],"picked":"Acrobatics","floor":13.0},{"not_picked":["Phantasmal Killer","Burst","Glass Knife"],"picked":"Adrenaline","floor":16.0},{"not_picked":["Deadly Poison"],"picked":"Well Laid Plans","floor":18.0},{"not_picked":["Outmaneuver"],"picked":"Acrobatics+1","floor":19.0},{"not_picked":["Tactician","PiercingWail"],"picked":"SKIP","floor":21.0},{"not_picked":["Backflip","Venomology"],"picked":"SKIP","floor":24.0},{"not_picked":["Infinite Blades","Sucker Punch+1"],"picked":"SKIP","floor":28.0},{"not_picked":["Accuracy","Caltrops"],"picked":"SKIP","floor":30.0},{"not_picked":["Accuracy","Caltrops"],"picked":"SKIP","floor":30.0},{"not_picked":["Underhanded Strike+1","Deadly Poison"],"picked":"SKIP","floor":31.0},{"not_picked":["Unload+1"],"picked":"After Image","floor":33.0},{"not_picked":["Cloak And Dagger+1","Poisoned Stab+1"],"picked":"SKIP","floor":35.0},{"not_picked":["Dodge and Roll"],"picked":"PiercingWail","floor":36},{"not_picked":["PiercingWail+1"],"picked":"Footwork+1","floor":39},{"not_picked":["Choke+1"],"picked":"Dagger Throw+1","floor":41},{"not_picked":["Well Laid Plans+1"],"picked":"Tactician+1","floor":42},{"not_picked":["Backstab+1"],"picked":"Flying Knee+1","floor":44},{"not_picked":["Flying Knee+1","Quick Slash+1"],"picked":"SKIP","floor":47},{"not_picked":["Cloak And Dagger"],"picked":"Endless Agony+1","floor":55}],"player_experience":1085657,"relics_obtained":[{"floor":3.0,"key":"Question Card"},{"floor":7.0,"key":"StrikeDummy"},{"floor":9.0,"key":"Shuriken"},{"floor":12.0,"key":"Paper Crane"},{"floor":24.0,"key":"Molten Egg 2"},{"floor":26.0,"key":"War Paint"},{"floor":28.0,"key":"InkBottle"},{"floor":41,"key":"MawBank"},{"floor":45,"key":"Ice Cream"},{"floor":47,"key":"PreservedInsect"},{"floor":55,"key":"Bottled Flame"}],"event_choices":[{"damage_healed":0.0,"max_hp_gain":0.0,"max_hp_loss":0.0,"gold_gain":0.0,"event_name":"Scrap Ooze","player_choice":"Success","floor":2.0,"gold_loss":0.0,"damage_taken":11.0,"relics_obtained":["Old Coin"]},{"damage_healed":0.0,"max_hp_gain":0.0,"max_hp_loss":0.0,"gold_gain":0.0,"cards_transformed":["Defend_G"],"event_name":"Living Wall","player_choice":"Change","floor":11.0,"gold_loss":0.0,"damage_taken":0.0,"cards_obtained":["Bullet Time"]},{"damage_healed":0.0,"max_hp_gain":0.0,"max_hp_loss":0.0,"gold_gain":0.0,"cards_transformed":["Strike_G","Strike_G"],"event_name":"Drug Dealer","player_choice":"Became Test Subject","floor":20.0,"gold_loss":0.0,"damage_taken":0.0,"cards_obtained":["All Out Attack","Reflex"]},{"damage_healed":0.0,"max_hp_gain":0.0,"max_hp_loss":0.0,"gold_gain":0.0,"event_name":"Vampires","player_choice":"Ignored","floor":22.0,"gold_loss":0.0,"damage_taken":0.0},{"damage_healed":0.0,"max_hp_gain":0.0,"max_hp_loss":0.0,"gold_gain":0.0,"event_name":"Ghosts","player_choice":"Ignored","floor":25.0,"gold_loss":0.0,"damage_taken":0.0},{"damage_healed":0,"gold_gain":0,"player_choice":"Ignored","damage_taken":0,"max_hp_gain":0,"max_hp_loss":0,"event_name":"Tomb of Lord Red Mask","floor":37,"gold_loss":0},{"damage_healed":0,"gold_gain":0,"player_choice":"Max HP","damage_taken":0,"max_hp_gain":0,"max_hp_loss":3,"event_name":"Winding Halls","floor":38,"gold_loss":0},{"damage_healed":0,"gold_gain":0,"player_choice":"Fight","damage_taken":0,"max_hp_gain":0,"max_hp_loss":0,"event_name":"Mysterious Sphere","floor":45,"gold_loss":0}],"is_beta":false,"boss_relics":[{"not_picked":["Tiny House","Ring of the Serpent"],"picked":"Busted Crown"},{"not_picked":["SlaversCollar","Fusion Hammer"],"picked":"Astrolabe"}],"items_purged_floors":[4,14,27,48],"is_endless":false,"potions_floor_spawned":[7,12,13,19,21,31,33,35,42,47],"ascension_level":20}