{"gold_per_floor":[119,130,149,149,160,160,177,206,231,231,77,77,107,117,117,117],"floor_reached":16,"playtime":476,"items_purged":["Strike_G"],"score":224,"play_id":"ae0dc2aa-a830-423d-b540-a89aa7c7268c","local_time":"20220720232507","is_ascension_mode":true,"campfire_choices":[{"data":"Flechettes","floor":6.0,"key":"SMITH"},{"floor":12.0,"key":"REST"},{"data":"Prepared","floor":15,"key":"SMITH"}],"neow_cost":"NONE","seed_source_timestamp":2925520713040200,"circlet_count":0,"master_deck":["AscendersBane","Strike_G","Strike_G","Strike_G","Defend_G","Defend_G","Defend_G","Defend_G","Survivor","Neutralize","Slice","Blade Dance","Flechettes+1","Slice","Underhanded Strike","Prepared+1"],"special_seed":0,"relics":["Ring of the Snake","Unceasing Top","Regal Pillow","Centennial Puzzle"],"potions_floor_usage":[],"damage_taken":[{"damage":6.0,"enemies":"Cultist","floor":1.0,"turns":3.0},{"damage":8.0,"enemies":"2 Louse","floor":2.0,"turns":3.0},{"damage":0.0,"enemies":"Jaw Worm","floor":3.0,"turns":3.0},{"damage":0.0,"enemies":"2 Fungi Beasts","floor":5.0,"turns":3.0},{"damage":0.0,"enemies":"Looter","floor":7.0,"turns":2.0},{"damage":46.0,"enemies":"Lagavulin","floor":8.0,"turns":7.0},{"damage":19.0,"enemies":"Gremlin Nob","floor":13.0,"turns":4.0},{"damage":3,"enemies":"3 Louse","floor":14,"turns":3},{"damage":20,"enemies":"Slime Boss","floor":16,"turns":6}],"seed_played":"-4780069764625030198","potions_obtained":[{"floor":2.0,"key":"EssenceOfSteel"},{"floor":3.0,"key":"CunningPotion"},{"floor":7.0,"key":"Fruit Juice"},{"floor":13.0,"key":"Ancient Potion"}],"is_trial":false,"path_per_floor":["M","M","M","?","M","R","M","E","T","?","$","R","E","M","R","B"],"character_chosen":"THE_SILENT","items_purchased":["DuplicationPotion"],"campfire_rested":1,"item_purchase_floors":[11],"current_hp_per_floor":[53,45,45,45,45,45,45,4,4,4,4,40,21,18,18,0],"gold":117,"neow_bonus":"REMOVE_CARD","is_prod":false,"is_daily":false,"chose_seed":false,"campfire_upgraded":2,"win_rate":0,"timestamp":1658373907,"path_taken":["M","M","?","?","M","R","?","E","T","?","$","R","E","M","R","BOSS"],"build_version":"2022-03-07","purchased_purges":1,"victory":false,"max_hp_per_floor":[66,66,66,66,66,66,66,71,71,71,71,71,71,71,71,71],"relic_stats":{"Regal Pillow":15,"Centennial Puzzle":[6],"counters":[9,34],"obtain_stats":[{"Regal Pillow":9,"Centennial Puzzle":13,"Unceasing Top":8,"Ring of the Snake":0},{"Regal Pillow":6,"Centennial Puzzle":7,"Unceasing Top":6,"Ring of the Snake":0},{"Regal Pillow":21,"Centennial Puzzle":25,"Unceasing Top":21,"Ring of the Snake":0}],"Unceasing Top":[1],"Ring of the Snake":[18]},"card_choices":[{"not_picked":["Sucker Punch","Infinite Blades"],"picked":"Slice","floor":1.0},{"not_picked":["Dodge and Roll","Blur"],"picked":"Blade Dance","floor":2.0},{"not_picked":["Poisoned Stab","Dagger Spray"],"picked":"Flechettes","floor":3.0},{"not_picked":["Prepared","Underhanded Strike","Bullet Time"],"picked":"SKIP","floor":5.0},{"not_picked":["Caltrops","Flying Knee","Deflect"],"picked":"SKIP","floor":7.0},{"not_picked":["Eviscerate","Flying Knee"],"picked":"Slice","floor":8.0},{"not_picked":["Poisoned Stab","Underhanded Strike","Endless Agony"],"picked":"SKIP","floor":13.0},{"not_picked":["Poisoned Stab","Endless Agony"],"picked":"Underhanded Strike","floor":13.0},{"not_picked":["Outmaneuver","Slice"],"picked":"Prepared","floor":14}],"player_experience":1233852,"relics_obtained":[{"floor":8.0,"key":"Unceasing Top"},{"floor":9.0,"key":"Regal Pillow"},{"floor":13.0,"key":"Centennial Puzzle"}],"event_choices":[{"cards_removed":["Strike_G"],"damage_healed":0.0,"max_hp_gain":0.0,"max_hp_loss":0.0,"gold_gain":0.0,"event_name":"Bonfire Elementals","player_choice":"Offered Basic","floor":4.0,"gold_loss":0.0,"damage_taken":0.0},{"damage_healed":0.0,"max_hp_gain":0.0,"max_hp_loss":0.0,"gold_gain":0.0,"event_name":"Shining Light","player_choice":"Ignored","floor":10.0,"gold_loss":0.0,"damage_taken":0.0}],"is_beta":false,"boss_relics":[],"items_purged_floors":[11],"is_endless":false,"potions_floor_spawned":[2,3,7,13],"killed_by":"Slime Boss","ascension_level":20}