{"gold_per_floor":[114,39,39,52,66,66,98,98,98,98,98,110,110,128,128,128],"floor_reached":16,"playtime":352,"items_purged":["Defend_G"],"score":200,"play_id":"2cfea6b2-6018-45b4-b30b-ffe62e4a45f8","local_time":"20220728214819","is_ascension_mode":true,"campfire_choices":[{"data":"Glass Knife","floor":6,"key":"SMITH"},{"floor":10,"key":"DIG"},{"floor":13,"key":"REST"},{"data":"Noxious Fumes","floor":15,"key":"SMITH"}],"neow_cost":"NONE","seed_source_timestamp":217651408100400,"circlet_count":0,"master_deck":["AscendersBane","Strike_G","Strike_G","Strike_G","Strike_G+1","Strike_G","Defend_G+1","Defend_G","Defend_G","Survivor","Neutralize+1","Heel Hook","Glass Knife+1","Noxious Fumes+1","PiercingWail","Bouncing Flask","Poisoned Stab"],"relics":["Ring of the Snake","NeowsBlessing","Shovel","Pen Nib"],"potions_floor_usage":[16],"damage_taken":[{"damage":0,"enemies":"Cultist","floor":1,"turns":1},{"damage":0,"enemies":"2 Louse","floor":4,"turns":1},{"damage":0,"enemies":"Jaw Worm","floor":5,"turns":1},{"damage":32,"enemies":"Lagavulin","floor":7,"turns":7},{"damage":0,"enemies":"Blue Slaver","floor":12,"turns":3},{"damage":0,"enemies":"Looter","floor":14,"turns":2},{"damage":33,"enemies":"Slime Boss","floor":16,"turns":6}],"seed_played":"8016486157554067384","potions_obtained":[{"floor":7,"key":"Poison Potion"},{"floor":14,"key":"SpeedPotion"}],"is_trial":false,"path_per_floor":["M","$","?","M","M","R","E","?","T","R","?","M","R","M","R","B"],"character_chosen":"THE_SILENT","items_purchased":[],"campfire_rested":1,"item_purchase_floors":[],"current_hp_per_floor":[59,59,59,59,59,59,27,27,27,27,7,7,26,26,26,0],"gold":128,"neow_bonus":"THREE_ENEMY_KILL","is_prod":false,"is_daily":false,"chose_seed":false,"campfire_upgraded":2,"win_rate":0,"timestamp":1659059299,"path_taken":["M","$","?","M","?","R","E","?","T","R","?","M","R","M","R","BOSS"],"build_version":"2022-03-07","purchased_purges":1,"victory":false,"max_hp_per_floor":[66,66,66,66,66,66,66,66,66,66,66,66,66,66,66,66],"card_choices":[{"not_picked":["Cloak And Dagger","PiercingWail","Prepared"],"picked":"SKIP","floor":1},{"not_picked":["Cloak And Dagger","Dagger Spray"],"picked":"Heel Hook","floor":4},{"not_picked":["Acrobatics","PiercingWail"],"picked":"Glass Knife","floor":5},{"not_picked":["Leg Sweep","Backflip"],"picked":"Noxious Fumes","floor":7},{"not_picked":["Concentrate","Poisoned Stab"],"picked":"Bouncing Flask","floor":12},{"not_picked":["Riddle With Holes","Quick Slash"],"picked":"Poisoned Stab","floor":14}],"player_experience":1097368,"relics_obtained":[{"floor":7,"key":"Shovel"},{"floor":10,"key":"Pen Nib"}],"event_choices":[{"damage_healed":0,"gold_gain":0,"player_choice":"Upgraded","damage_taken":0,"max_hp_gain":0,"max_hp_loss":0,"event_name":"Upgrade Shrine","floor":3,"gold_loss":0,"cards_upgraded":["Neutralize"]},{"damage_healed":0,"gold_gain":0,"cards_transformed":["Defend_G"],"player_choice":"Change","damage_taken":0,"max_hp_gain":0,"max_hp_loss":0,"event_name":"Living Wall","floor":8,"gold_loss":0,"cards_obtained":["PiercingWail"]},{"damage_healed":0,"gold_gain":0,"player_choice":"Entered Light","damage_taken":20,"max_hp_gain":0,"max_hp_loss":0,"event_name":"Shining Light","floor":11,"gold_loss":0,"cards_upgraded":["Strike_G","Defend_G"]}],"is_beta":false,"boss_relics":[],"items_purged_floors":[2],"is_endless":false,"potions_floor_spawned":[7,14],"killed_by":"Slime Boss","ascension_level":20}