{"gold_per_floor":[113,132,142,192,205,205,239,2,29,29,53,53],"floor_reached":12,"playtime":293,"items_purged":["Defend_G"],"score":160,"play_id":"bf67bed9-0e00-4460-929f-3b90930256e0","local_time":"20220804013957","is_ascension_mode":true,"campfire_choices":[{"data":"Dagger Throw","floor":6,"key":"SMITH"}],"neow_cost":"NONE","seed_source_timestamp":87682855089500,"circlet_count":0,"master_deck":["AscendersBane","Strike_G","Strike_G","Strike_G","Strike_G","Strike_G","Defend_G","Defend_G","Defend_G","Defend_G","Survivor","Neutralize","Dagger Throw+1","Underhanded Strike","Dagger Throw","Predator"],"relics":["Ring of the Snake","NeowsBlessing","Anchor","Toolbox","Nunchaku","Golden Idol"],"potions_floor_usage":[5,7],"damage_taken":[{"damage":0,"enemies":"Cultist","floor":1,"turns":1},{"damage":0,"enemies":"2 Louse","floor":2,"turns":1},{"damage":0,"enemies":"Jaw Worm","floor":3,"turns":1},{"damage":0,"enemies":"3 Louse","floor":5,"turns":5},{"damage":41,"enemies":"Lagavulin","floor":7,"turns":8},{"damage":0,"enemies":"Looter","floor":11,"turns":2},{"damage":20,"enemies":"3 Sentries","floor":12,"turns":4}],"seed_played":"4916908897367697241","potions_obtained":[{"floor":2,"key":"PowerPotion"},{"floor":3,"key":"Dexterity Potion"},{"floor":7,"key":"Ancient Potion"}],"is_trial":false,"path_per_floor":["M","M","M","?","M","R","E","$","T","?","M","E"],"character_chosen":"THE_SILENT","items_purchased":["Toolbox"],"campfire_rested":0,"item_purchase_floors":[8],"current_hp_per_floor":[59,59,59,53,53,53,12,12,12,12,12,0],"gold":53,"neow_bonus":"THREE_ENEMY_KILL","is_prod":false,"is_daily":false,"chose_seed":false,"campfire_upgraded":1,"win_rate":0,"timestamp":1659591597,"path_taken":["M","?","M","?","?","R","E","$","T","?","M","E"],"build_version":"2022-03-07","purchased_purges":1,"victory":false,"max_hp_per_floor":[66,66,66,66,66,66,66,66,66,60,60,60],"card_choices":[{"not_picked":["Dodge and Roll","Outmaneuver"],"picked":"Dagger Throw","floor":1},{"not_picked":["Sucker Punch","Noxious Fumes"],"picked":"Underhanded Strike","floor":2},{"not_picked":["Skewer","PiercingWail","Choke"],"picked":"SKIP","floor":3},{"not_picked":["Malaise","Deadly Poison","Backflip"],"picked":"SKIP","floor":5},{"not_picked":["Calculated Gamble","Leg Sweep"],"picked":"Dagger Throw","floor":7},{"not_picked":["Slice","Infinite Blades"],"picked":"Predator","floor":11}],"player_experience":1111164,"relics_obtained":[{"floor":7,"key":"Anchor"},{"floor":9,"key":"Nunchaku"}],"event_choices":[{"damage_healed":0,"gold_gain":50,"player_choice":"Touch","damage_taken":6,"max_hp_gain":0,"max_hp_loss":0,"event_name":"FaceTrader","floor":4,"gold_loss":0},{"damage_healed":0,"gold_gain":0,"player_choice":"Lose Max HP","damage_taken":0,"relics_obtained":["Golden Idol"],"max_hp_gain":0,"max_hp_loss":6,"event_name":"Golden Idol","floor":10,"gold_loss":0}],"is_beta":false,"boss_relics":[],"items_purged_floors":[8],"is_endless":false,"potions_floor_spawned":[2,3,7],"killed_by":"3 Sentries","ascension_level":20}