{"gold_per_floor":[109,109,127,52,64,64,95,112,112,138,161,161,86,104,104,182,182,197,122,122,122,135,135,166,184,184,199,219,119,139,155,155,155],"floor_reached":33,"playtime":1807,"items_purged":["Strike_G","Strike_G"],"score":708,"play_id":"17673454-d912-40df-b17c-b92778bad8de","local_time":"20220728165410","is_ascension_mode":true,"campfire_choices":[{"data":"Neutralize","floor":6,"key":"SMITH"},{"data":"Predator","floor":12,"key":"SMITH"},{"data":"Crippling Poison","floor":15,"key":"SMITH"},{"data":"Die Die Die","floor":23,"key":"SMITH"},{"data":"Acrobatics","floor":32,"key":"SMITH"}],"neow_cost":"NONE","seed_source_timestamp":198525184177900,"circlet_count":0,"master_deck":["AscendersBane","Strike_G","Strike_G","Strike_G","Defend_G","Defend_G","Survivor","Neutralize+1","Predator+1","Heel Hook","Heel Hook","Dagger Throw","Crippling Poison+1","Die Die Die+1","Backflip","Acrobatics+1","Acrobatics+1","Outmaneuver"],"special_seed":0,"relics":["Ring of the Snake","Orichalcum","Nunchaku","Vajra","HornCleat","Coffee Dripper","Lizard Tail","Eternal Feather"],"potions_floor_usage":[7,16,24,33,33],"damage_taken":[{"damage":0.0,"enemies":"Cultist","floor":1.0,"turns":4.0},{"damage":2.0,"enemies":"2 Louse","floor":3.0,"turns":4.0},{"damage":0,"enemies":"Jaw Worm","floor":5,"turns":4},{"damage":14,"enemies":"3 Sentries","floor":7,"turns":8},{"damage":1,"enemies":"Blue Slaver","floor":8,"turns":2},{"damage":0,"enemies":"Gremlin Nob","floor":10,"turns":3},{"damage":2,"enemies":"Large Slime","floor":14,"turns":6},{"damage":0,"enemies":"Slime Boss","floor":16,"turns":7},{"damage":5,"enemies":"Shell Parasite","floor":18,"turns":3},{"damage":0,"enemies":"Spheric Guardian","floor":22,"turns":3},{"damage":11,"enemies":"Slavers","floor":24,"turns":3},{"damage":13,"enemies":"Centurion and Healer","floor":25,"turns":6},{"damage":12,"enemies":"Snake Plant","floor":27,"turns":4},{"damage":0,"enemies":"Snecko","floor":28,"turns":4},{"damage":0,"enemies":"Cultist and Chosen","floor":30,"turns":5},{"damage":0,"enemies":"Snake Plant","floor":31,"turns":3},{"damage":90,"enemies":"Collector","floor":33,"turns":7}],"seed_played":"-7523402483954101560","potions_obtained":[{"floor":1.0,"key":"DuplicationPotion"},{"floor":5,"key":"PowerPotion"},{"floor":10,"key":"Energy Potion"},{"floor":16,"key":"SmokeBomb"},{"floor":27,"key":"LiquidMemories"},{"floor":30,"key":"SpeedPotion"},{"floor":31,"key":"Strength Potion"}],"is_trial":false,"path_per_floor":["M","?","M","?","M","R","E","M","T","E","T","R","$","M","R","B",null,"M","?","?","?","M","R","E","M","T","M","M","$","M","M","R","B"],"character_chosen":"THE_SILENT","items_purchased":[],"campfire_rested":0,"item_purchase_floors":[],"current_hp_per_floor":[59,64,62,62,62,62,48,47,47,47,47,47,47,45,45,45,65,60,60,60,50,50,50,39,26,26,14,14,14,14,14,23,0],"gold":155,"neow_bonus":"RANDOM_COMMON_RELIC","is_prod":false,"is_daily":false,"chose_seed":false,"campfire_upgraded":5,"win_rate":0,"timestamp":1659041650,"path_taken":["M","?","M","?","M","R","E","M","T","E","?","R","?","M","R","BOSS","M","?","?","?","M","R","E","M","T","M","M","$","?","M","R","BOSS"],"build_version":"2022-03-07","purchased_purges":2,"victory":false,"max_hp_per_floor":[66,71,71,71,71,71,71,71,71,71,71,71,71,71,71,71,71,71,71,71,71,71,71,71,71,71,71,71,71,71,71,71,71],"card_choices":[{"not_picked":["Infinite Blades","Flying Knee"],"picked":"Predator","floor":1.0},{"not_picked":["Infinite Blades","Choke"],"picked":"Heel Hook","floor":3.0},{"not_picked":["Predator","Setup"],"picked":"Heel Hook","floor":5},{"not_picked":["Backflip","Storm of Steel","Accuracy"],"picked":"SKIP","floor":7},{"not_picked":["Backflip","Storm of Steel","Accuracy"],"picked":"SKIP","floor":7},{"not_picked":["Prepared","Deflect"],"picked":"Dagger Throw","floor":8},{"not_picked":["Malaise","Deflect","Tactician"],"picked":"SKIP","floor":10},{"not_picked":["Sucker Punch","Distraction"],"picked":"Crippling Poison","floor":14},{"not_picked":["Bullet Time","Night Terror"],"picked":"Die Die Die","floor":16},{"not_picked":["Slice","Flying Knee","Eviscerate"],"picked":"SKIP","floor":18},{"not_picked":["Bouncing Flask","Dagger Throw","Accuracy"],"picked":"SKIP","floor":22},{"not_picked":["Quick Slash+1","Cloak And Dagger+1","Tactician"],"picked":"SKIP","floor":24},{"not_picked":["Underhanded Strike+1","Noxious Fumes+1"],"picked":"Backflip","floor":25},{"not_picked":["Backflip","Quick Slash"],"picked":"Acrobatics","floor":27},{"not_picked":["Sucker Punch","Slice+1"],"picked":"Acrobatics+1","floor":28},{"not_picked":["Bouncing Flask","Blade Dance","Underhanded Strike"],"picked":"SKIP","floor":30},{"not_picked":["Sucker Punch","Acrobatics"],"picked":"Outmaneuver","floor":31}],"player_experience":1090531,"relics_obtained":[{"floor":7,"key":"Nunchaku"},{"floor":9,"key":"Vajra"},{"floor":10,"key":"HornCleat"},{"floor":24,"key":"Lizard Tail"},{"floor":26,"key":"Eternal Feather"}],"event_choices":[{"damage_healed":0.0,"max_hp_gain":5.0,"max_hp_loss":0.0,"gold_gain":0.0,"event_name":"Big Fish","player_choice":"Donut","floor":2.0,"gold_loss":0.0,"damage_taken":0.0},{"cards_removed":["Defend_G"],"damage_healed":0.0,"max_hp_gain":0.0,"max_hp_loss":0.0,"gold_gain":0.0,"event_name":"The Cleric","player_choice":"Card Removal","floor":4.0,"gold_loss":75.0,"damage_taken":0.0},{"cards_removed":["Defend_G"],"damage_healed":0,"gold_gain":0,"player_choice":"Gave Gold","damage_taken":0,"max_hp_gain":0,"max_hp_loss":0,"event_name":"Beggar","floor":19,"gold_loss":75},{"cards_removed":["Defend_G"],"damage_healed":0,"gold_gain":0,"player_choice":"Elegance","damage_taken":0,"max_hp_gain":0,"max_hp_loss":0,"event_name":"Back to Basics","floor":20,"gold_loss":0},{"damage_healed":0,"gold_gain":0,"player_choice":"Damaged","damage_taken":10,"max_hp_gain":0,"max_hp_loss":0,"event_name":"Wheel of Change","floor":21,"gold_loss":0}],"is_beta":false,"boss_relics":[{"not_picked":["SacredBark","Tiny House"],"picked":"Coffee Dripper"}],"items_purged_floors":[13,29],"is_endless":false,"potions_floor_spawned":[1,5,10,14,16,22,27,30,31],"killed_by":"Collector","ascension_level":20}