{"gold_per_floor":[119,132,132,132,148,183,183,218,218,218,143,143,173,202,202,275,275,245,90,90,110,110,110],"floor_reached":23,"playtime":825,"items_purged":["Strike_G","Strike_G"],"score":410,"play_id":"4f87babe-f82f-4be7-ad1b-792cdd46dfd9","local_time":"20220805160910","is_ascension_mode":true,"campfire_choices":[{"data":"Bouncing Flask","floor":7,"key":"SMITH"},{"floor":10,"key":"REST"},{"data":"Neutralize","floor":12,"key":"SMITH"},{"data":"Bane","floor":15,"key":"SMITH"}],"neow_cost":"NONE","seed_source_timestamp":225703499915200,"circlet_count":0,"master_deck":["AscendersBane","Strike_G","Strike_G","Strike_G","Defend_G","Defend_G","Defend_G","Defend_G","Defend_G","Survivor","Neutralize+1","Dagger Throw","Bouncing Flask+1","Quick Slash","Bane+1","Acrobatics","After Image","Bouncing Flask"],"relics":["Ring of the Snake","NeowsBlessing","Orichalcum","Singing Bowl","Darkstone Periapt","Odd Mushroom","Sundial","Runic Pyramid"],"potions_floor_usage":[6,13,14],"damage_taken":[{"damage":0,"enemies":"Cultist","floor":1,"turns":1},{"damage":0,"enemies":"Jaw Worm","floor":2,"turns":1},{"damage":0,"enemies":"Small Slimes","floor":5,"turns":1},{"damage":31,"enemies":"3 Sentries","floor":6,"turns":12},{"damage":27,"enemies":"Gremlin Nob","floor":8,"turns":4},{"damage":5,"enemies":"The Mushroom Lair","floor":13,"turns":2},{"damage":11,"enemies":"3 Sentries","floor":14,"turns":10},{"damage":14,"enemies":"Hexaghost","floor":16,"turns":8},{"damage":26,"enemies":"2 Thieves","floor":18,"turns":4},{"damage":16,"enemies":"Shell Parasite","floor":21,"turns":5},{"damage":23,"enemies":"Slavers","floor":23,"turns":1}],"seed_played":"-1520905563628911156","potions_obtained":[{"floor":5,"key":"Regen Potion"},{"floor":6,"key":"Explosive Potion"},{"floor":13,"key":"EssenceOfSteel"},{"floor":21,"key":"Block Potion"}],"is_trial":false,"path_per_floor":["M","M","T","T","M","E","R","E","T","R","$","R","?","E","R","B",null,"M","$","?","M","?","E"],"character_chosen":"THE_SILENT","items_purchased":["Energy Potion"],"campfire_rested":1,"item_purchase_floors":[19],"current_hp_per_floor":[59,59,59,59,59,43,43,16,16,35,35,35,32,23,23,9,55,29,29,29,15,15,0],"gold":110,"neow_bonus":"THREE_ENEMY_KILL","is_prod":false,"is_daily":false,"chose_seed":false,"campfire_upgraded":3,"win_rate":0,"timestamp":1659730150,"path_taken":["M","M","?","?","M","E","R","E","T","R","?","R","?","E","R","BOSS","M","$","?","M","?","E"],"build_version":"2022-03-07","purchased_purges":2,"victory":false,"max_hp_per_floor":[66,66,66,66,66,66,66,66,66,66,66,66,68,70,70,70,70,70,70,70,72,72,72],"card_choices":[{"not_picked":["Bane","Crippling Poison"],"picked":"Dagger Throw","floor":1},{"not_picked":["Acrobatics","Catalyst"],"picked":"Bouncing Flask","floor":2},{"not_picked":["Distraction","Outmaneuver"],"picked":"Quick Slash","floor":5},{"not_picked":["Deadly Poison","Acrobatics"],"picked":"Bane","floor":6},{"not_picked":["Leg Sweep","Eviscerate"],"picked":"Acrobatics","floor":8},{"not_picked":["PiercingWail","Prepared","Underhanded Strike"],"picked":"Singing Bowl","floor":13},{"not_picked":["Bouncing Flask","Dodge and Roll","Choke"],"picked":"Singing Bowl","floor":14},{"not_picked":["Malaise","Tools of the Trade"],"picked":"After Image","floor":16},{"not_picked":["Quick Slash","Eviscerate"],"picked":"Bouncing Flask","floor":18},{"not_picked":["All Out Attack","Deflect","Leg Sweep"],"picked":"Singing Bowl","floor":21}],"player_experience":1117376,"relics_obtained":[{"floor":3,"key":"Orichalcum"},{"floor":4,"key":"Singing Bowl"},{"floor":6,"key":"Darkstone Periapt"},{"floor":13,"key":"Odd Mushroom"},{"floor":14,"key":"Sundial"}],"event_choices":[{"damage_healed":0,"gold_gain":0,"player_choice":"Fought Mushrooms","damage_taken":0,"max_hp_gain":0,"max_hp_loss":0,"event_name":"Mushrooms","floor":13,"gold_loss":0},{"damage_healed":0,"gold_gain":0,"player_choice":"Ignored","damage_taken":0,"max_hp_gain":0,"max_hp_loss":0,"event_name":"The Mausoleum","floor":20,"gold_loss":0},{"damage_healed":0,"gold_gain":0,"player_choice":"Ignored","damage_taken":0,"max_hp_gain":0,"max_hp_loss":0,"event_name":"Vampires","floor":22,"gold_loss":0}],"is_beta":false,"boss_relics":[{"not_picked":["Ring of the Serpent","SacredBark"],"picked":"Runic Pyramid"}],"items_purged_floors":[11,19],"is_endless":false,"potions_floor_spawned":[5,6,13,21],"killed_by":"Slavers","ascension_level":20}