{"gold_per_floor":[115,127,141,111,128,160,160,179,250,262,262,277,277,303,303,303],"floor_reached":16,"playtime":720,"items_purged":[],"score":228,"play_id":"bb846956-ba71-4488-97b6-9af98a8ddb12","local_time":"20220728220137","is_ascension_mode":true,"campfire_choices":[{"floor":7.0,"key":"REST"},{"floor":11,"key":"REST"},{"data":"Skewer","floor":15,"key":"SMITH"}],"neow_cost":"PERCENT_DAMAGE","seed_source_timestamp":218011948897800,"circlet_count":0,"master_deck":["AscendersBane","Strike_G","Strike_G","Strike_G","Strike_G","Strike_G","Defend_G","Defend_G","Defend_G","Defend_G","Defend_G","Survivor","Neutralize","Adrenaline","Blade Dance","Underhanded Strike","Underhanded Strike","Blade Dance","Skewer+1"],"special_seed":0,"relics":["Ring of the Snake","Potion Belt","Singing Bowl","TungstenRod"],"potions_floor_usage":[14,14,16],"damage_taken":[{"damage":1.0,"enemies":"2 Louse","floor":1.0,"turns":3.0},{"damage":1.0,"enemies":"Cultist","floor":2.0,"turns":4.0},{"damage":4.0,"enemies":"Small Slimes","floor":3.0,"turns":3.0},{"damage":3.0,"enemies":"Gremlin Gang","floor":5.0,"turns":3.0},{"damage":32.0,"enemies":"3 Sentries","floor":6.0,"turns":13.0},{"damage":6.0,"enemies":"Looter","floor":8.0,"turns":4.0},{"damage":6,"enemies":"3 Louse","floor":10,"turns":5},{"damage":1,"enemies":"Exordium Thugs","floor":12,"turns":4},{"damage":13,"enemies":"Lagavulin","floor":14,"turns":6},{"damage":53,"enemies":"Hexaghost","floor":16,"turns":9}],"seed_played":"7508627356250555265","potions_obtained":[{"floor":2.0,"key":"DuplicationPotion"},{"floor":4.0,"key":"AttackPotion"},{"floor":8.0,"key":"SneckoOil"},{"floor":10,"key":"Weak Potion"},{"floor":14,"key":"SpeedPotion"}],"is_trial":false,"path_per_floor":["M","M","M","?","M","E","R","M","T","M","R","M","?","E","R","B"],"character_chosen":"THE_SILENT","items_purchased":[],"campfire_rested":2,"item_purchase_floors":[],"current_hp_per_floor":[43,42,38,38,35,3,22,16,16,10,29,28,66,53,53,0],"gold":303,"neow_bonus":"THREE_RARE_CARDS","is_prod":false,"is_daily":false,"chose_seed":false,"campfire_upgraded":1,"win_rate":0,"timestamp":1659060097,"path_taken":["M","M","M","?","M","E","R","M","T","M","R","?","?","E","R","BOSS"],"build_version":"2022-03-07","purchased_purges":0,"victory":false,"max_hp_per_floor":[66,66,66,66,66,66,66,66,66,66,66,66,66,66,66,66],"card_choices":[{"not_picked":["Bullet Time","Die Die Die"],"picked":"Adrenaline","floor":0.0},{"not_picked":["Acrobatics","All Out Attack"],"picked":"Blade Dance","floor":1.0},{"not_picked":["Prepared","Dodge and Roll","Outmaneuver"],"picked":"SKIP","floor":2.0},{"not_picked":["Acrobatics","Calculated Gamble","Expertise"],"picked":"SKIP","floor":3.0},{"not_picked":["Deflect","Setup","Outmaneuver"],"picked":"SKIP","floor":5.0},{"not_picked":["Quick Slash","Footwork"],"picked":"Underhanded Strike","floor":6.0},{"not_picked":["PiercingWail","Deflect"],"picked":"Underhanded Strike","floor":8.0},{"not_picked":["Sucker Punch","Outmaneuver"],"picked":"Blade Dance","floor":10},{"not_picked":["Glass Knife","Deflect"],"picked":"Leg Sweep","floor":12},{"not_picked":["PiercingWail","Deflect"],"picked":"Skewer","floor":14}],"player_experience":1097720,"relics_obtained":[{"floor":6.0,"key":"Potion Belt"},{"floor":9.0,"key":"Singing Bowl"},{"floor":14,"key":"TungstenRod"}],"event_choices":[{"damage_healed":0.0,"max_hp_gain":0.0,"max_hp_loss":0.0,"gold_gain":0.0,"event_name":"The Woman in Blue","player_choice":"Bought 2 Potions","floor":4.0,"gold_loss":0.0,"damage_taken":0.0},{"cards_removed":["Leg Sweep"],"damage_healed":38,"gold_gain":0,"player_choice":"Offered Uncommon","damage_taken":0,"max_hp_gain":0,"max_hp_loss":0,"event_name":"Bonfire Elementals","floor":13,"gold_loss":0}],"is_beta":false,"boss_relics":[],"items_purged_floors":[],"is_endless":false,"potions_floor_spawned":[2,8,10,14],"killed_by":"Hexaghost","ascension_level":20}