{"gold_per_floor":[110,120,120,120,139,139,180,194,194,209,209,229,247,290,290,380,380,395,395,35,48,61,61],"floor_reached":23,"playtime":1367,"items_purged":["Strike_G"],"score":410,"play_id":"02fec487-1c6d-4d2a-9299-4c37a0a9d2a6","local_time":"20221116175844","is_ascension_mode":true,"campfire_choices":[{"data":"Dash","floor":6,"key":"SMITH"},{"data":"A Thousand Cuts","floor":11,"key":"SMITH"},{"data":"Well Laid Plans","floor":15,"key":"SMITH"}],"neow_cost":"NONE","seed_source_timestamp":568560243985200,"circlet_count":0,"master_deck":["AscendersBane","Strike_G","Strike_G","Strike_G","Defend_G","Defend_G","Defend_G","Defend_G","Survivor","Neutralize","A Thousand Cuts+1","Deadly Poison","Crippling Poison","Dash+1","Cloak And Dagger","Blade Dance","Slice+1","Bane+1","Blade Dance","Well Laid Plans+1","Die Die Die+1","Leg Sweep+1","Backflip","After Image","Dagger Throw+1","Eviscerate+1","Concentrate","Blade Dance","Noxious Fumes"],"relics":["Ring of the Snake","Bloody Idol","White Beast Statue","Molten Egg 2","Kunai","SacredBark","Orrery"],"potions_floor_usage":[7,14,16,21,21,22,23],"damage_taken":[{"damage":0,"enemies":"2 Louse","floor":1,"turns":2},{"damage":6,"enemies":"Jaw Worm","floor":2,"turns":4},{"damage":1,"enemies":"Small Slimes","floor":5,"turns":3},{"damage":2,"enemies":"Lagavulin","floor":7,"turns":6},{"damage":0,"enemies":"3 Louse","floor":8,"turns":4},{"damage":2,"enemies":"Red Slaver","floor":10,"turns":3},{"damage":2,"enemies":"Lots of Slimes","floor":12,"turns":4},{"damage":0,"enemies":"3 Louse","floor":13,"turns":2},{"damage":8,"enemies":"3 Sentries","floor":14,"turns":6},{"damage":13,"enemies":"Hexaghost","floor":16,"turns":9},{"damage":16,"enemies":"Shell Parasite","floor":18,"turns":6},{"damage":0,"enemies":"2 Thieves","floor":21,"turns":4},{"damage":18,"enemies":"Snake Plant","floor":22,"turns":6},{"damage":31,"enemies":"Book of Stabbing","floor":23,"turns":5}],"seed_played":"8063196668998859909","potions_obtained":[{"floor":1,"key":"Energy Potion"},{"floor":5,"key":"DuplicationPotion"},{"floor":8,"key":"Swift Potion"},{"floor":10,"key":"BlessingOfTheForge"},{"floor":14,"key":"Energy Potion"},{"floor":16,"key":"Poison Potion"},{"floor":21,"key":"Swift Potion"},{"floor":22,"key":"Swift Potion"}],"is_trial":false,"path_per_floor":["M","M","?","?","M","R","E","M","T","M","R","M","M","E","R","B",null,"M","?","$","M","M","E"],"character_chosen":"THE_SILENT","items_purchased":["Backflip","Orrery","Concentrate"],"campfire_rested":0,"item_purchase_floors":[20,20,20],"current_hp_per_floor":[59,53,53,46,45,45,43,43,43,41,41,39,39,31,31,18,50,34,34,34,44,31,0],"gold":61,"neow_bonus":"TRANSFORM_CARD","is_prod":false,"is_daily":false,"chose_seed":false,"campfire_upgraded":3,"win_rate":0,"timestamp":1668639524,"path_taken":["M","M","?","?","M","R","E","M","T","M","R","M","M","E","R","BOSS","M","?","$","M","M","E"],"build_version":"2022-10-04","purchased_purges":1,"victory":false,"max_hp_per_floor":[66,66,60,60,60,60,60,60,60,60,60,60,60,60,60,60,60,60,60,60,60,60,60],"relic_stats":{"counters":[14,64],"Bloody Idol":15,"Kunai":[18],"obtain_stats":[{"Golden Idol":3,"SacredBark":17,"Bloody Idol":19,"Orrery":20,"Molten Egg 2":9,"Kunai":14,"White Beast Statue":7,"Ring of the Snake":0},{"Golden Idol":2,"SacredBark":10,"Bloody Idol":11,"Orrery":11,"Molten Egg 2":5,"Kunai":9,"White Beast Statue":4,"Ring of the Snake":0},{"Golden Idol":6,"SacredBark":43,"Bloody Idol":49,"Orrery":49,"Molten Egg 2":19,"Kunai":34,"White Beast Statue":15,"Ring of the Snake":0}],"White Beast Statue":[0.0,0.024000000000000007,0.0,0.32800000000000007,0.0,0.5280000000000001,0.0,0.12000000000000002,0.0,0.0,0.0,3.8870720000000003],"Ring of the Snake":[28]},"card_choices":[{"not_picked":["Bane","Setup"],"picked":"Deadly Poison","floor":1},{"not_picked":["All Out Attack","Flying Knee"],"picked":"Crippling Poison","floor":2},{"not_picked":["Expertise","Poisoned Stab"],"picked":"Dash","floor":5},{"not_picked":["Dagger Throw","A Thousand Cuts"],"picked":"Cloak And Dagger","floor":7},{"not_picked":["Slice","PiercingWail"],"picked":"Blade Dance","floor":8},{"not_picked":["PiercingWail","Flying Knee+1"],"picked":"Slice+1","floor":10},{"not_picked":["Well Laid Plans","Underhanded Strike+1"],"picked":"Bane+1","floor":12},{"not_picked":["Choke+1","Accuracy"],"picked":"Blade Dance","floor":13},{"not_picked":["Cloak And Dagger","Phantasmal Killer"],"picked":"Well Laid Plans","floor":14},{"not_picked":["Wraith Form v2","Storm of Steel"],"picked":"Die Die Die+1","floor":16},{"not_picked":["Quick Slash+1","All Out Attack+1"],"picked":"Leg Sweep+1","floor":18},{"not_picked":["Heel Hook+1","Flechettes+1"],"picked":"After Image","floor":20},{"not_picked":["Underhanded Strike+1","Flechettes+1"],"picked":"Dagger Throw+1","floor":20},{"not_picked":["Distraction","Flechettes+1"],"picked":"Eviscerate+1","floor":20},{"not_picked":["Deadly Poison","Prepared"],"picked":"Blade Dance","floor":21},{"not_picked":["Poisoned Stab+1","Bane+1"],"picked":"Noxious Fumes","floor":22}],"player_experience":1224570,"relics_obtained":[{"floor":7,"key":"White Beast Statue"},{"floor":9,"key":"Molten Egg 2"},{"floor":14,"key":"Kunai"}],"event_choices":[{"damage_healed":0,"gold_gain":0,"player_choice":"Lose Max HP","damage_taken":0,"relics_obtained":["Golden Idol"],"max_hp_gain":0,"max_hp_loss":6,"event_name":"Golden Idol","floor":3,"gold_loss":0},{"cards_removed":["Strike_G"],"damage_healed":0,"gold_gain":0,"player_choice":"Card Removal","damage_taken":7,"max_hp_gain":0,"max_hp_loss":0,"event_name":"Golden Wing","floor":4,"gold_loss":0},{"damage_healed":0,"gold_gain":0,"player_choice":"Gave Idol","damage_taken":0,"relics_obtained":["Bloody Idol"],"max_hp_gain":0,"max_hp_loss":0,"event_name":"Forgotten Altar","floor":19,"relics_lost":["Golden Idol"],"gold_loss":0}],"is_beta":false,"boss_relics":[{"not_picked":["Tiny House","Fusion Hammer"],"picked":"SacredBark"}],"items_purged_floors":[20],"is_endless":false,"potions_floor_spawned":[1,5,8,10,12,13,14,16,18,21,22],"killed_by":"Book of Stabbing","ascension_level":20}