{"gold_per_floor":[114,129,20,20,32,32,60,2,25,25,25,59,59,72,72,146,146,162,162,176,176],"floor_reached":21,"playtime":879,"items_purged":[],"score":374,"play_id":"5b188060-2329-43b6-bc01-dfbcd8e74b58","local_time":"20221126233057","is_ascension_mode":true,"campfire_choices":[{"data":"Blade Dance","floor":6,"key":"SMITH"},{"floor":10,"key":"REST"},{"data":"Bouncing Flask","floor":15,"key":"SMITH"}],"neow_cost":"PERCENT_DAMAGE","seed_source_timestamp":1452981454623500,"circlet_count":0,"master_deck":["AscendersBane","Strike_G","Strike_G","Strike_G","Defend_G","Defend_G","Defend_G","Defend_G","Survivor","Neutralize","Poisoned Stab","Escape Plan","Slice","Caltrops","Blade Dance+1","Concentrate","Dagger Throw","Eviscerate","Bouncing Flask+1","Prepared+1","Die Die Die","Prepared","Acrobatics+1"],"relics":["Ring of the Snake","Regal Pillow","Dream Catcher","Happy Flower","Toy Ornithopter","Letter Opener","SlaversCollar"],"potions_floor_usage":[7,16,18],"damage_taken":[{"damage":4,"enemies":"Cultist","floor":1,"turns":5},{"damage":1,"enemies":"Small Slimes","floor":2,"turns":4},{"damage":0,"enemies":"Jaw Worm","floor":5,"turns":3},{"damage":14,"enemies":"Lagavulin","floor":7,"turns":7},{"damage":29,"enemies":"Gremlin Nob","floor":12,"turns":4},{"damage":0,"enemies":"Large Slime","floor":14,"turns":4},{"damage":16,"enemies":"The Guardian","floor":16,"turns":9},{"damage":0,"enemies":"Spheric Guardian","floor":18,"turns":3},{"damage":38,"enemies":"Chosen","floor":20,"turns":5},{"damage":32,"enemies":"Shelled Parasite and Fungi","floor":21,"turns":3}],"seed_played":"8092211307581671290","potions_obtained":[{"floor":7,"key":"Dexterity Potion"},{"floor":16,"key":"Energy Potion"}],"is_trial":false,"path_per_floor":["M","M","$","?","M","R","E","?","T","R","$","E","T","M","R","B",null,"M","?","M","M"],"character_chosen":"THE_SILENT","items_purchased":["Blade Dance","PowerPotion"],"campfire_rested":1,"item_purchase_floors":[3,3],"current_hp_per_floor":[40,39,39,39,39,39,25,25,25,59,59,30,30,30,30,19,54,59,59,21,0],"gold":176,"neow_bonus":"TRANSFORM_TWO_CARDS","is_prod":false,"is_daily":false,"chose_seed":false,"campfire_upgraded":2,"win_rate":0,"timestamp":1669523457,"path_taken":["M","M","$","?","?","R","E","?","T","R","?","E","?","M","R","BOSS","M","?","M","?"],"build_version":"2022-10-04","purchased_purges":0,"victory":false,"max_hp_per_floor":[66,66,66,66,66,66,66,66,66,66,66,66,66,66,66,66,66,66,66,66,66],"relic_stats":{"Regal Pillow":15,"Dream Catcher":1,"Happy Flower":[9],"counters":[10,47],"Letter Opener":[19],"obtain_stats":[{"SlaversCollar":17,"Regal Pillow":7,"Dream Catcher":8,"Happy Flower":9,"Letter Opener":13,"Toy Ornithopter":12,"Ring of the Snake":0},{"SlaversCollar":7,"Regal Pillow":4,"Dream Catcher":4,"Happy Flower":4,"Letter Opener":5,"Toy Ornithopter":5,"Ring of the Snake":0},{"SlaversCollar":36,"Regal Pillow":19,"Dream Catcher":19,"Happy Flower":19,"Letter Opener":23,"Toy Ornithopter":23,"Ring of the Snake":0}],"Toy Ornithopter":10,"Ring of the Snake":[20]},"card_choices":[{"not_picked":["Dodge and Roll","Finisher"],"picked":"Slice","floor":1},{"not_picked":["Cloak And Dagger","Poisoned Stab"],"picked":"Caltrops","floor":2},{"not_picked":["Deadly Poison","Caltrops"],"picked":"Dagger Throw","floor":5},{"not_picked":["Endless Agony","Prepared"],"picked":"Eviscerate","floor":7},{"not_picked":["Terror","PiercingWail"],"picked":"Bouncing Flask","floor":10},{"not_picked":["Caltrops","Heel Hook","Choke"],"picked":"SKIP","floor":12},{"not_picked":["Caltrops","Heel Hook","Choke"],"picked":"SKIP","floor":12},{"not_picked":["Caltrops","Heel Hook","Choke"],"picked":"SKIP","floor":12},{"not_picked":["Backflip","A Thousand Cuts"],"picked":"Prepared","floor":14},{"not_picked":["Venomology","Wraith Form v2"],"picked":"Die Die Die","floor":16},{"not_picked":["Bouncing Flask","Endless Agony"],"picked":"Prepared","floor":18},{"not_picked":["Prepared","Dodge and Roll"],"picked":"Acrobatics+1","floor":20}],"player_experience":1252389,"relics_obtained":[{"floor":7,"key":"Regal Pillow"},{"floor":9,"key":"Happy Flower"},{"floor":12,"key":"Toy Ornithopter"},{"floor":13,"key":"Letter Opener"}],"event_choices":[{"damage_healed":0,"gold_gain":0,"cards_transformed":["Strike_G"],"player_choice":"Transformed","damage_taken":0,"max_hp_gain":0,"max_hp_loss":0,"event_name":"Transmorgrifier","floor":4,"gold_loss":0,"cards_obtained":["Concentrate"]},{"damage_healed":0,"gold_gain":0,"player_choice":"Paid Gold","damage_taken":0,"relics_obtained":["Dream Catcher"],"max_hp_gain":0,"max_hp_loss":0,"event_name":"WeMeetAgain","floor":8,"gold_loss":58},{"damage_healed":0,"gold_gain":0,"player_choice":"Upgraded","damage_taken":0,"max_hp_gain":0,"max_hp_loss":0,"event_name":"Upgrade Shrine","floor":19,"gold_loss":0,"cards_upgraded":["Prepared"]}],"is_beta":false,"boss_relics":[{"not_picked":["Velvet Choker","Runic Dome"],"picked":"SlaversCollar"}],"items_purged_floors":[],"is_endless":false,"potions_floor_spawned":[7,16],"killed_by":"Shelled Parasite and Fungi","ascension_level":20}