{"gold_per_floor":[119,194,204,224,224,249,249,259,259,275,180,214,214,214,214,288,288,301,141,154,172,172,172,207,220,220,220,249,265,93,103,103,180,180,191,191,33,44,63,88,88,119,145,161,172,197,30,58,58,58,58,58,58,0,28,28],"floor_reached":57,"playtime":5373,"items_purged":["Steam"],"score":3284,"play_id":"2856d84f-e120-447d-8e95-44cab882032c","local_time":"20221213231219","daily_mods":["SealedDeck","Diverse"],"is_ascension_mode":true,"campfire_choices":[{"floor":7,"key":"REST"},{"data":"Recycle","floor":13,"key":"SMITH"},{"data":"Madness","floor":15,"key":"SMITH"},{"data":"Sweeping Beam","floor":23,"key":"SMITH"},{"data":"Hologram","floor":32,"key":"SMITH"},{"data":"Deep Breath","floor":41,"key":"SMITH"},{"floor":49,"key":"RECALL"},{"data":"Crescendo","floor":53,"key":"SMITH"}],"neow_cost":"","seed_source_timestamp":0,"circlet_count":0,"master_deck":["AscendersBane","JustLucky","Rampage","Masterful Stab+1","Sweeping Beam+1","Hologram+1","Crescendo+1","EmptyFist+1","FollowUp","Sanctity","Seeing Red","Madness+1","Recycle+1","Impervious","Vault","Acrobatics","Undo","Dark Embrace+1","Deep Breath+1","Exhume","Echo Form","Body Slam","Acrobatics","Undo+1"],"relics":["Ring of the Snake","Bag of Preparation","Art of War","White Beast Statue","Philosopher\u0027s Stone","Pear","Matryoshka","TheAbacus","Oddly Smooth Stone","PreservedInsect","Anchor","Lantern","Du-Vu Doll","Toolbox","Mercury Hourglass","Happy Flower"],"potions_floor_usage":[18,20,21,31,33,42,42,56,56],"damage_taken":[{"damage":0,"enemies":"Jaw Worm","floor":1,"turns":1},{"damage":0,"enemies":"2 Louse","floor":3,"turns":1},{"damage":0,"enemies":"Small Slimes","floor":4,"turns":2},{"damage":0,"enemies":"Lagavulin","floor":6,"turns":3},{"damage":0,"enemies":"Looter","floor":8,"turns":1},{"damage":0,"enemies":"Exordium Wildlife","floor":10,"turns":1},{"damage":0,"enemies":"Gremlin Nob","floor":12,"turns":1},{"damage":0,"enemies":"Slime Boss","floor":16,"turns":4},{"damage":0,"enemies":"Shell Parasite","floor":18,"turns":2},{"damage":0,"enemies":"3 Byrds","floor":20,"turns":3},{"damage":0,"enemies":"Snake Plant","floor":21,"turns":2},{"damage":0,"enemies":"Gremlin Leader","floor":24,"turns":4},{"damage":0,"enemies":"Centurion and Healer","floor":25,"turns":2},{"damage":0,"enemies":"Slavers","floor":28,"turns":1},{"damage":0,"enemies":"Shelled Parasite and Fungi","floor":29,"turns":1},{"damage":0,"enemies":"Snake Plant","floor":31,"turns":2},{"damage":44,"enemies":"Champ","floor":33,"turns":12},{"damage":0,"enemies":"3 Shapes","floor":35,"turns":4},{"damage":0,"enemies":"3 Darklings","floor":38,"turns":2},{"damage":0,"enemies":"Writhing Mass","floor":39,"turns":3},{"damage":0,"enemies":"Giant Head","floor":40,"turns":5},{"damage":2,"enemies":"Nemesis","floor":42,"turns":6},{"damage":0,"enemies":"Maw","floor":44,"turns":4},{"damage":0,"enemies":"Spire Growth","floor":45,"turns":4},{"damage":0,"enemies":"Mind Bloom Boss Battle","floor":46,"turns":5},{"damage":0,"enemies":"Reptomancer","floor":48,"turns":2},{"damage":0,"enemies":"Time Eater","floor":50,"turns":6},{"damage":16,"enemies":"Awakened One","floor":51,"turns":5},{"damage":7,"enemies":"Shield and Spear","floor":55,"turns":3},{"damage":33,"enemies":"The Heart","floor":56,"turns":8}],"seed_played":"5286833281001402801","potions_obtained":[{"floor":3,"key":"Poison Potion"},{"floor":6,"key":"PowerPotion"},{"floor":8,"key":"PowerPotion"},{"floor":18,"key":"PowerPotion"},{"floor":20,"key":"LiquidBronze"},{"floor":21,"key":"CunningPotion"},{"floor":31,"key":"SkillPotion"},{"floor":33,"key":"EssenceOfSteel"},{"floor":42,"key":"SkillPotion"},{"floor":45,"key":"BlessingOfTheForge"},{"floor":48,"key":"DuplicationPotion"}],"is_trial":true,"path_per_floor":["M","?","M","M","?","E","R","M","T","M","$","E","R","?","R","B",null,"M","$","M","M","?","R","E","M","T","?","E","M","$","M","R","B",null,"M","?","$","M","M","E","R","E","T","M","M","?","$","E","R","B","B",null,"R","$","E","B",null],"character_chosen":"THE_SILENT","items_purchased":["Madness","Vault","Deep Breath","TheAbacus","Toolbox","Acrobatics"],"campfire_rested":1,"item_purchase_floors":[11,19,30,37,47,54],"current_hp_per_floor":[59,48,48,48,28,28,47,47,47,47,47,47,47,47,47,47,61,61,61,61,61,61,61,71,71,71,71,71,71,71,71,71,27,64,64,64,64,64,64,64,64,62,62,62,62,62,62,62,62,62,46,69,69,69,62,29],"gold":28,"neow_bonus":"","is_prod":false,"is_daily":false,"chose_seed":false,"campfire_upgraded":6,"win_rate":0,"timestamp":1670991139,"path_taken":["M","?","M","M","?","E","R","M","T","M","?","E","R","?","R","BOSS","M","$","M","M","?","R","E","M","T","?","E","M","$","M","R","BOSS","M","?","$","M","M","E","R","E","T","M","M","?","?","E","R","BOSS","BOSS","R","$","E","BOSS"],"build_version":"2022-12-01","purchased_purges":1,"victory":true,"max_hp_per_floor":[66,66,66,66,66,66,66,66,66,66,66,66,66,66,66,66,66,66,66,66,66,66,66,76,76,76,76,76,76,76,76,76,76,76,76,76,76,76,76,76,76,76,76,76,76,76,76,76,76,76,76,76,76,76,76,76],"card_choices":[{"not_picked":["Protect","Dagger Throw","Clash"],"picked":"SKIP","floor":1},{"not_picked":["Sword Boomerang","ThirdEye","Body Slam"],"picked":"SKIP","floor":3},{"not_picked":["Accuracy","Steam","Halt"],"picked":"SKIP","floor":4},{"not_picked":["Compile Driver","Hologram","Amplify"],"picked":"SKIP","floor":6},{"not_picked":["Storm","Gash","Cold Snap"],"picked":"SKIP","floor":8},{"not_picked":["Armaments","Streamline"],"picked":"Seeing Red","floor":10},{"not_picked":["Sentinel","Noxious Fumes"],"picked":"Recycle","floor":12},{"not_picked":["Juggernaut","SpiritShield"],"picked":"Impervious","floor":16},{"not_picked":["Coolheaded","Leap","Sweeping Beam"],"picked":"SKIP","floor":18},{"not_picked":["CutThroughFate","Endless Agony","Blizzard"],"picked":"SKIP","floor":20},{"not_picked":["Tools of the Trade","Coolheaded","Dodge and Roll"],"picked":"SKIP","floor":21},{"not_picked":["Catalyst","ForeignInfluence"],"picked":"Undo","floor":24},{"not_picked":["Steam","EmptyFist"],"picked":"Dark Embrace+1","floor":25},{"not_picked":["Nirvana","SignatureMove","Gash"],"picked":"SKIP","floor":28},{"not_picked":["Masterful Stab","Streamline","Second Wind"],"picked":"SKIP","floor":29},{"not_picked":["Masterful Stab","Streamline","Second Wind"],"picked":"SKIP","floor":29},{"not_picked":["Cleave","Cloak And Dagger","Pommel Strike"],"picked":"SKIP","floor":31},{"not_picked":["Judgement","MasterReality"],"picked":"Exhume","floor":33},{"not_picked":["Defragment","PathToVictory+1","Consecrate+1"],"picked":"SKIP","floor":35},{"not_picked":["Clash+1","Dagger Throw+1","Burning Pact"],"picked":"SKIP","floor":38},{"not_picked":["Consume","Sweeping Beam","Infernal Blade"],"picked":"SKIP","floor":39},{"not_picked":["Predator","Sword Boomerang"],"picked":"Echo Form","floor":40},{"not_picked":["EmptyBody","Grand Finale","FTL"],"picked":"SKIP","floor":42},{"not_picked":["Heavy Blade+1","Wild Strike","Underhanded Strike"],"picked":"SKIP","floor":44},{"not_picked":["Clash+1","Searing Blow","Metallicize"],"picked":"SKIP","floor":45},{"not_picked":["Combust","Second Wind"],"picked":"Body Slam","floor":48},{"not_picked":["Sever Soul+1","WheelKick"],"picked":"Undo+1","floor":55}],"player_experience":1288397,"relics_obtained":[{"floor":6,"key":"Bag of Preparation"},{"floor":9,"key":"Art of War"},{"floor":12,"key":"White Beast Statue"},{"floor":24,"key":"Pear"},{"floor":28,"key":"Matryoshka"},{"floor":40,"key":"Oddly Smooth Stone"},{"floor":42,"key":"PreservedInsect"},{"floor":43,"key":"Anchor"},{"floor":43,"key":"Lantern"},{"floor":46,"key":"Du-Vu Doll"},{"floor":48,"key":"Mercury Hourglass"},{"floor":55,"key":"Happy Flower"}],"event_choices":[{"damage_healed":0,"gold_gain":75,"player_choice":"Gather Gold","damage_taken":11,"max_hp_gain":0,"max_hp_loss":0,"event_name":"World of Goop","floor":2,"gold_loss":0},{"damage_healed":0,"gold_gain":0,"player_choice":"Entered Light","damage_taken":20,"max_hp_gain":0,"max_hp_loss":0,"event_name":"Shining Light","floor":5,"gold_loss":0,"cards_upgraded":["EmptyFist","Masterful Stab"]},{"damage_healed":0,"gold_gain":0,"player_choice":"Leave","damage_taken":0,"max_hp_gain":0,"max_hp_loss":0,"event_name":"The Cleric","floor":14,"gold_loss":0},{"damage_healed":0,"gold_gain":0,"player_choice":"Read","damage_taken":0,"max_hp_gain":0,"max_hp_loss":0,"event_name":"The Library","floor":22,"gold_loss":0,"cards_obtained":["Acrobatics"]},{"damage_healed":0,"gold_gain":0,"player_choice":"Ignored","damage_taken":0,"max_hp_gain":0,"max_hp_loss":0,"event_name":"Ghosts","floor":27,"gold_loss":0},{"damage_healed":0,"gold_gain":0,"player_choice":"Ignored","damage_taken":0,"max_hp_gain":0,"max_hp_loss":0,"event_name":"Tomb of Lord Red Mask","floor":36,"gold_loss":0},{"damage_healed":0,"gold_gain":0,"player_choice":"Fight","damage_taken":0,"max_hp_gain":0,"max_hp_loss":0,"event_name":"MindBloom","floor":46,"gold_loss":0}],"is_beta":false,"boss_relics":[{"not_picked":["WristBlade","SacredBark"],"picked":"Philosopher\u0027s Stone"},{"not_picked":["Velvet Choker","Astrolabe","Busted Crown"]}],"items_purged_floors":[30],"is_endless":false,"potions_floor_spawned":[3,6,8,10,16,18,20,21,24,25,28,29,31,33,35,38,39,40,42,44,45,46,48,55],"ascension_level":20}