{"gold_per_floor":[112,187,187,205,219,245,245,271,271,289,339,339,353,380,380,459,459,469,102,119,119,129,129,159,159,159,189,207,207,224,256,256,333,333,352,407,407,424,439,474,474,499,511,205,205,96,125,142,142,142,142,142,142,29,61,61],"floor_reached":57,"playtime":3940,"items_purged":["Underhanded Strike","Sweeping Beam","Dagger Throw+1"],"score":3096,"play_id":"b15357b4-db01-4649-819b-334b6e6b3753","local_time":"20221214195612","daily_mods":["SealedDeck","Diverse"],"is_ascension_mode":true,"campfire_choices":[{"floor":7,"key":"REST"},{"data":"Pommel Strike","floor":12,"key":"SMITH"},{"data":"Grand Finale","floor":15,"key":"SMITH"},{"data":"Vault","floor":23,"key":"SMITH"},{"data":"Acrobatics","floor":25,"key":"SMITH"},{"data":"Consecrate","floor":29,"key":"PURGE"},{"floor":32,"key":"REST"},{"data":"Cold Snap","floor":41,"key":"PURGE"},{"floor":49,"key":"RECALL"},{"floor":53,"key":"REST"}],"neow_cost":"","seed_source_timestamp":0,"circlet_count":0,"master_deck":["AscendersBane","ThirdEye","CutThroughFate","Pommel Strike+1","Hologram","Genetic Algorithm","True Grit+1","Acrobatics+1","Grand Finale+1","Vault+1","CurseOfTheBell","Evaluate","Sentinel+1","Hologram+1","Adrenaline+1","Sanctity+1","ThirdEye+1","White Noise+1","Adrenaline+1"],"relics":["Ring of the Snake","Ninja Scroll","PreservedInsect","Letter Opener","Strawberry","Calling Bell","Smiling Mask","Mummified Hand","TungstenRod","Peace Pipe","CaptainsWheel","Toxic Egg 2","Oddly Smooth Stone","Red Mask","Runic Dome","StoneCalendar","Toy Ornithopter","MawBank","Bottled Lightning","InkBottle","Kunai"],"potions_floor_usage":[6,8,27,30,33,39,56,56],"damage_taken":[{"damage":3,"enemies":"Small Slimes","floor":1,"turns":3},{"damage":0,"enemies":"Jaw Worm","floor":4,"turns":3},{"damage":0,"enemies":"Cultist","floor":5,"turns":3},{"damage":4,"enemies":"Lagavulin","floor":6,"turns":6},{"damage":8,"enemies":"3 Sentries","floor":8,"turns":4},{"damage":1,"enemies":"3 Louse","floor":10,"turns":2},{"damage":0,"enemies":"Large Slime","floor":13,"turns":2},{"damage":0,"enemies":"Lagavulin","floor":14,"turns":3},{"damage":16,"enemies":"Slime Boss","floor":16,"turns":6},{"damage":0,"enemies":"Spheric Guardian","floor":18,"turns":6},{"damage":9,"enemies":"Shell Parasite","floor":20,"turns":4},{"damage":6,"enemies":"Centurion and Healer","floor":22,"turns":4},{"damage":8,"enemies":"Slavers","floor":24,"turns":2},{"damage":0,"enemies":"Book of Stabbing","floor":27,"turns":2},{"damage":1,"enemies":"Sentry and Sphere","floor":28,"turns":6},{"damage":6,"enemies":"Shelled Parasite and Fungi","floor":30,"turns":5},{"damage":0,"enemies":"Masked Bandits","floor":31,"turns":3},{"damage":12,"enemies":"Automaton","floor":33,"turns":7},{"damage":0,"enemies":"Orb Walker","floor":35,"turns":1},{"damage":0,"enemies":"2 Orb Walkers","floor":36,"turns":3},{"damage":0,"enemies":"3 Darklings","floor":38,"turns":2},{"damage":10,"enemies":"Transient","floor":39,"turns":7},{"damage":4,"enemies":"Giant Head","floor":40,"turns":4},{"damage":0,"enemies":"Reptomancer","floor":42,"turns":3},{"damage":0,"enemies":"Nemesis","floor":47,"turns":3},{"damage":0,"enemies":"Spire Growth","floor":48,"turns":3},{"damage":0,"enemies":"Donu and Deca","floor":50,"turns":5},{"damage":60,"enemies":"Awakened One","floor":51,"turns":7},{"damage":0,"enemies":"Shield and Spear","floor":55,"turns":1},{"damage":8,"enemies":"The Heart","floor":56,"turns":7}],"seed_played":"-242711861309339233","potions_obtained":[{"floor":1,"key":"CunningPotion"},{"floor":6,"key":"SkillPotion"},{"floor":8,"key":"SteroidPotion"},{"floor":16,"key":"Fire Potion"},{"floor":27,"key":"Energy Potion"},{"floor":30,"key":"EssenceOfSteel"},{"floor":31,"key":"Swift Potion"},{"floor":36,"key":"Explosive Potion"},{"floor":42,"key":"PowerPotion"}],"is_trial":true,"path_per_floor":["M","?","?","M","M","E","R","E","T","M","?","R","M","E","R","B",null,"M","$","M","?","M","R","E","R","T","E","M","R","M","?","R","B",null,"M","?","?","M","M","E","R","E","T","$","?","$","E","M","R","B","B",null,"R","$","E","B",null],"character_chosen":"THE_SILENT","items_purchased":["Peace Pipe","Bottled Lightning","ThirdEye+1","GhostInAJar"],"campfire_rested":3,"item_purchase_floors":[19,44,46,54],"current_hp_per_floor":[56,45,25,25,25,21,40,32,32,31,25,25,25,32,32,16,59,59,59,50,50,44,44,36,36,36,36,35,35,29,29,50,38,64,64,64,64,64,54,50,50,50,50,50,73,73,73,73,73,73,13,58,73,73,73,67],"gold":61,"neow_bonus":"","is_prod":false,"is_daily":false,"chose_seed":false,"campfire_upgraded":4,"win_rate":0,"timestamp":1671065772,"path_taken":["M","?","?","M","M","E","R","E","T","M","?","R","?","E","R","BOSS","M","$","M","?","M","R","E","R","T","E","M","R","M","?","R","BOSS","M","?","?","M","M","E","R","E","T","$","?","$","E","?","R","BOSS","BOSS","R","$","E","BOSS"],"build_version":"2022-12-01","purchased_purges":3,"victory":true,"max_hp_per_floor":[66,66,66,66,66,66,66,66,66,66,66,66,66,73,73,73,73,73,73,73,73,73,73,73,73,73,73,73,73,73,73,73,73,73,73,73,73,73,73,73,73,73,73,73,73,73,73,73,73,73,73,73,73,73,73,73],"card_choices":[{"not_picked":["Dodge and Roll","Bane"],"picked":"True Grit","floor":1},{"not_picked":["Rebound","Leap","BowlingBash"],"picked":"SKIP","floor":4},{"not_picked":["Defragment","FollowUp","FlyingSleeves"],"picked":"SKIP","floor":5},{"not_picked":["Blizzard","Dodge and Roll"],"picked":"Acrobatics","floor":6},{"not_picked":["Sanctity","Feel No Pain"],"picked":"Grand Finale","floor":8},{"not_picked":["Conserve Battery","Swivel","Blade Dance"],"picked":"SKIP","floor":10},{"not_picked":["Cleave","Ball Lightning","Havoc"],"picked":"SKIP","floor":13},{"not_picked":["Ghostly Armor","Barricade"],"picked":"Consecrate","floor":14},{"not_picked":["All For One","Feed"],"picked":"Vault","floor":16},{"not_picked":["Conserve Battery","Quick Slash+1","Crescendo"],"picked":"SKIP","floor":18},{"not_picked":["PathToVictory","Cold Snap"],"picked":"Evaluate","floor":20},{"not_picked":["Leap","Quick Slash","CutThroughFate"],"picked":"SKIP","floor":22},{"not_picked":["Power Through","Entrench"],"picked":"Sentinel+1","floor":24},{"not_picked":["Sweeping Beam","Alpha+1","Outmaneuver+1"],"picked":"SKIP","floor":27},{"not_picked":["Evolve","Whirlwind","Sword Boomerang"],"picked":"SKIP","floor":28},{"not_picked":["Heel Hook","Exhume+1"],"picked":"Hologram+1","floor":30},{"not_picked":["Limit Break+1","Echo Form"],"picked":"Adrenaline+1","floor":33},{"not_picked":["FTL","Halt+1","Fasting2"],"picked":"SKIP","floor":35},{"not_picked":["PiercingWail+1","Heavy Blade","FollowUp"],"picked":"SKIP","floor":38},{"not_picked":["Dropkick+1","Multi-Cast+1","PathToVictory+1"],"picked":"SKIP","floor":39},{"not_picked":["Sweeping Beam","EmptyBody+1"],"picked":"Sanctity+1","floor":40},{"not_picked":["FlyingSleeves","Sucker Punch","Consume+1"],"picked":"SKIP","floor":42},{"not_picked":["Rage+1","Scrape","Bloodletting+1"],"picked":"SKIP","floor":47},{"not_picked":["ThirdEye+1","Compile Driver+1"],"picked":"White Noise+1","floor":48},{"not_picked":["EmptyMind+1","Flame Barrier+1"],"picked":"Adrenaline+1","floor":55}],"player_experience":1302361,"relics_obtained":[{"floor":6,"key":"Ninja Scroll"},{"floor":8,"key":"PreservedInsect"},{"floor":9,"key":"Letter Opener"},{"floor":14,"key":"Strawberry"},{"floor":17,"key":"Smiling Mask"},{"floor":17,"key":"Mummified Hand"},{"floor":17,"key":"TungstenRod"},{"floor":24,"key":"CaptainsWheel"},{"floor":26,"key":"Toxic Egg 2"},{"floor":27,"key":"Oddly Smooth Stone"},{"floor":31,"key":"Red Mask"},{"floor":36,"key":"StoneCalendar"},{"floor":40,"key":"Toy Ornithopter"},{"floor":42,"key":"MawBank"},{"floor":47,"key":"InkBottle"},{"floor":55,"key":"Kunai"}],"event_choices":[{"damage_healed":0,"gold_gain":75,"player_choice":"Gather Gold","damage_taken":11,"max_hp_gain":0,"max_hp_loss":0,"event_name":"World of Goop","floor":2,"gold_loss":0},{"damage_healed":0,"gold_gain":0,"player_choice":"Entered Light","damage_taken":20,"max_hp_gain":0,"max_hp_loss":0,"event_name":"Shining Light","floor":3,"gold_loss":0,"cards_upgraded":["True Grit","Dagger Throw"]},{"damage_healed":0,"gold_gain":50,"player_choice":"Touch","damage_taken":6,"max_hp_gain":0,"max_hp_loss":0,"event_name":"FaceTrader","floor":11,"gold_loss":0},{"damage_healed":0,"gold_gain":0,"player_choice":"Read","damage_taken":0,"max_hp_gain":0,"max_hp_loss":0,"event_name":"The Library","floor":21,"gold_loss":0,"cards_obtained":["Reckless Charge"]},{"damage_healed":0,"gold_gain":0,"player_choice":"Fought Bandits","damage_taken":0,"max_hp_gain":0,"max_hp_loss":0,"event_name":"Masked Bandits","floor":31,"gold_loss":0},{"damage_healed":0,"gold_gain":0,"player_choice":"Fight","damage_taken":0,"max_hp_gain":0,"max_hp_loss":0,"event_name":"Mysterious Sphere","floor":36,"gold_loss":0},{"cards_removed":["Consecrate"],"damage_healed":0,"gold_gain":0,"player_choice":"Removed Attack","damage_taken":0,"max_hp_gain":0,"max_hp_loss":0,"event_name":"Falling","floor":37,"gold_loss":0},{"cards_removed":["Reckless Charge"],"damage_healed":23,"gold_gain":0,"player_choice":"Offered Uncommon","damage_taken":0,"max_hp_gain":0,"max_hp_loss":0,"event_name":"Bonfire Elementals","floor":45,"gold_loss":0}],"is_beta":false,"boss_relics":[{"not_picked":["SacredBark","Tiny House"],"picked":"Calling Bell"},{"not_picked":["Empty Cage","Sozu"],"picked":"Runic Dome"}],"items_purged_floors":[19,44,46],"is_endless":false,"potions_floor_spawned":[1,6,8,16,24,27,28,30,31,36,42,47,55],"ascension_level":20}