{"gold_per_floor":[112,124,124,124,136,136,163,180,180,180,235,235,178,253,253,327,327,346,396,411,423,423,423,448,363,363,363,392,392,405,171,171,244,244,254,254,274,288,288,323,323,66,66,91,91,104,124,155,155,155,155,155,155,19,48,48],"floor_reached":57,"playtime":7806,"items_purged":["Decay","Deadly Poison"],"score":3352,"play_id":"f33d5c15-1ecf-4599-8630-8a671e8653fa","local_time":"20221214184925","daily_mods":["SealedDeck","Diverse"],"is_ascension_mode":true,"campfire_choices":[{"data":"Blade Dance","floor":6,"key":"SMITH"},{"floor":10,"key":"REST"},{"floor":15,"key":"REST"},{"data":"Double Energy","floor":23,"key":"SMITH"},{"floor":32,"key":"REST"},{"data":"Scrape","floor":41,"key":"SMITH"},{"data":"EmptyMind","floor":45,"key":"SMITH"},{"floor":49,"key":"RECALL"},{"floor":53,"key":"REST"}],"neow_cost":"","seed_source_timestamp":0,"circlet_count":0,"master_deck":["AscendersBane","Escape Plan+1","Evaluate","Cleave","FTL","Blade Dance+1","EmptyBody+1","Meditate+1","FlurryOfBlows","Inflame+1","Fasting2","Scrawl+1","Double Energy+1","LikeWater","Die Die Die","Prostrate+1","EmptyMind+1","Intimidate+1","Scrape+1","Good Instincts","JustLucky+1","Backflip","Blur","FearNoEvil"],"relics":["Ring of the Snake","Bronze Scales","War Paint","InkBottle","WristBlade","Nunchaku","Kunai","Mercury Hourglass","Busted Crown","Gremlin Horn","Lee\u0027s Waffle","Blue Candle","Lantern","Paper Crane"],"potions_floor_usage":[11,16,21,28,50,50,56,56],"damage_taken":[{"damage":0,"enemies":"Jaw Worm","floor":1,"turns":2},{"damage":0,"enemies":"2 Louse","floor":2,"turns":2},{"damage":0,"enemies":"Small Slimes","floor":5,"turns":2},{"damage":20,"enemies":"3 Sentries","floor":7,"turns":4},{"damage":1,"enemies":"2 Fungi Beasts","floor":8,"turns":2},{"damage":9,"enemies":"Lagavulin Event","floor":11,"turns":3},{"damage":0,"enemies":"The Guardian","floor":16,"turns":8},{"damage":0,"enemies":"Chosen","floor":18,"turns":3},{"damage":0,"enemies":"Spheric Guardian","floor":20,"turns":1},{"damage":14,"enemies":"Snecko","floor":21,"turns":4},{"damage":0,"enemies":"Gremlin Leader","floor":24,"turns":4},{"damage":1,"enemies":"Book of Stabbing","floor":28,"turns":3},{"damage":26,"enemies":"Snake Plant","floor":30,"turns":2},{"damage":0,"enemies":"Automaton","floor":33,"turns":4},{"damage":0,"enemies":"Orb Walker","floor":35,"turns":2},{"damage":2,"enemies":"3 Darklings","floor":37,"turns":3},{"damage":0,"enemies":"Transient","floor":38,"turns":6},{"damage":6,"enemies":"Nemesis","floor":40,"turns":3},{"damage":0,"enemies":"Reptomancer","floor":44,"turns":3},{"damage":1,"enemies":"Spire Growth","floor":46,"turns":2},{"damage":1,"enemies":"Jaw Worm Horde","floor":47,"turns":3},{"damage":1,"enemies":"Giant Head","floor":48,"turns":3},{"damage":52,"enemies":"Time Eater","floor":50,"turns":11},{"damage":0,"enemies":"Awakened One","floor":51,"turns":9},{"damage":8,"enemies":"Shield and Spear","floor":55,"turns":5},{"damage":46,"enemies":"The Heart","floor":56,"turns":7}],"seed_played":"4310426479615127591","potions_obtained":[{"floor":5,"key":"DuplicationPotion"},{"floor":8,"key":"GamblersBrew"},{"floor":20,"key":"PowerPotion"},{"floor":28,"key":"SpeedPotion"}],"is_trial":true,"path_per_floor":["M","M","?","?","M","R","E","M","T","R","?","?","$","?","R","B",null,"M","?","M","M","?","R","E","?","T","?","E","?","M","$","R","B",null,"M","?","M","M","$","E","R","$","T","E","R","M","M","E","R","B","B",null,"R","$","E","B",null],"character_chosen":"THE_SILENT","items_purchased":["PowerPotion","Good Instincts","Swift Potion","Lee\u0027s Waffle","DistilledChaos","Poison Potion"],"campfire_rested":4,"item_purchase_floors":[13,31,31,42,54,54],"current_hp_per_floor":[59,59,59,39,39,39,19,18,18,37,28,28,28,17,36,36,59,59,53,53,39,39,39,39,39,39,39,38,38,12,12,31,31,57,57,57,55,55,55,49,49,73,73,73,73,72,71,70,70,18,18,59,73,73,65,19],"gold":48,"neow_bonus":"","is_prod":false,"is_daily":false,"chose_seed":false,"campfire_upgraded":4,"win_rate":0,"timestamp":1671061765,"path_taken":["M","M","?","?","M","R","E","M","T","R","?","?","$","?","R","BOSS","M","?","?","M","?","R","E","?","T","?","E","?","M","$","R","BOSS","M","?","M","M","$","E","R","$","T","E","R","M","M","E","R","BOSS","BOSS","R","$","E","BOSS"],"build_version":"2022-12-01","purchased_purges":2,"victory":true,"max_hp_per_floor":[66,66,66,66,66,66,66,66,66,66,66,66,66,66,66,66,66,66,66,66,66,66,66,66,66,66,66,66,66,66,66,66,66,66,66,66,66,66,66,66,66,73,73,73,73,73,73,73,73,73,73,73,73,73,73,73],"card_choices":[{"not_picked":["Force Field","Shrug It Off"],"picked":"Inflame","floor":1},{"not_picked":["True Grit","Combust","Dodge and Roll"],"picked":"SKIP","floor":2},{"not_picked":["Stack","Compile Driver"],"picked":"Fasting2","floor":5},{"not_picked":["Shrug It Off","FollowUp"],"picked":"Scrawl","floor":7},{"not_picked":["Loop","Worship"],"picked":"Double Energy","floor":8},{"not_picked":["Flying Knee","SashWhip"],"picked":"LikeWater","floor":11},{"not_picked":["Reboot","Meteor Strike"],"picked":"Die Die Die","floor":16},{"not_picked":["Twin Strike","EmptyBody","SashWhip"],"picked":"SKIP","floor":18},{"not_picked":["Weave","Entrench"],"picked":"Prostrate+1","floor":20},{"not_picked":["Prepared","Wireheading"],"picked":"EmptyMind","floor":21},{"not_picked":["Anger","Meditate+1"],"picked":"Intimidate+1","floor":24},{"not_picked":["Cleave","Poisoned Stab","Compile Driver"],"picked":"SKIP","floor":28},{"not_picked":["Meditate","Perfected Strike+1"],"picked":"Scrape","floor":30},{"not_picked":["True Grit"],"picked":"SKIP","floor":35},{"not_picked":[],"picked":"JustLucky+1","floor":37},{"not_picked":["Iron Wave"],"picked":"SKIP","floor":38},{"not_picked":["PiercingWail+1"],"picked":"SKIP","floor":40},{"not_picked":[],"picked":"Backflip","floor":44},{"not_picked":[],"picked":"Blur","floor":46},{"not_picked":["Static Discharge"],"picked":"SKIP","floor":47},{"not_picked":[],"picked":"FearNoEvil","floor":48},{"not_picked":["Quick Slash+1"],"picked":"SKIP","floor":55}],"player_experience":1294555,"relics_obtained":[{"floor":7,"key":"Bronze Scales"},{"floor":9,"key":"War Paint"},{"floor":24,"key":"Nunchaku"},{"floor":28,"key":"Mercury Hourglass"},{"floor":40,"key":"Gremlin Horn"},{"floor":43,"key":"Blue Candle"},{"floor":44,"key":"Lantern"},{"floor":48,"key":"Paper Crane"}],"event_choices":[{"damage_healed":0,"gold_gain":0,"player_choice":"Leave","damage_taken":0,"max_hp_gain":0,"max_hp_loss":0,"event_name":"The Cleric","floor":3,"gold_loss":0},{"damage_healed":0,"gold_gain":0,"player_choice":"Entered Light","damage_taken":20,"max_hp_gain":0,"max_hp_loss":0,"event_name":"Shining Light","floor":4,"gold_loss":0,"cards_upgraded":["Escape Plan","Inflame"]},{"damage_healed":0,"gold_gain":0,"player_choice":"Searched \u00272\u0027 times","damage_taken":0,"relics_obtained":["InkBottle"],"max_hp_gain":0,"max_hp_loss":0,"event_name":"Dead Adventurer","floor":11,"gold_loss":0},{"damage_healed":0,"gold_gain":0,"player_choice":"Grow","damage_taken":0,"max_hp_gain":0,"max_hp_loss":0,"event_name":"Living Wall","floor":12,"gold_loss":0,"cards_upgraded":["Meditate"]},{"damage_healed":0,"gold_gain":75,"player_choice":"Gather Gold","damage_taken":11,"max_hp_gain":0,"max_hp_loss":0,"event_name":"World of Goop","floor":14,"gold_loss":0},{"damage_healed":0,"gold_gain":50,"player_choice":"Touch","damage_taken":6,"max_hp_gain":0,"max_hp_loss":0,"event_name":"FaceTrader","floor":19,"gold_loss":0},{"damage_healed":0,"gold_gain":0,"player_choice":"Ignored","damage_taken":0,"max_hp_gain":0,"max_hp_loss":0,"event_name":"Ghosts","floor":22,"gold_loss":0},{"damage_healed":0,"gold_gain":0,"player_choice":"Obtained Relic","damage_taken":0,"relics_obtained":["Kunai"],"max_hp_gain":0,"max_hp_loss":0,"event_name":"Addict","floor":25,"gold_loss":85},{"damage_healed":0,"gold_gain":0,"player_choice":"Ignored","damage_taken":0,"max_hp_gain":0,"max_hp_loss":0,"event_name":"The Mausoleum","floor":27,"gold_loss":0},{"damage_healed":0,"gold_gain":0,"player_choice":"Smashed Altar","damage_taken":0,"max_hp_gain":0,"max_hp_loss":0,"event_name":"Forgotten Altar","floor":29,"gold_loss":0,"cards_obtained":["Decay"]},{"cards_removed":["SashWhip"],"damage_healed":0,"gold_gain":0,"player_choice":"Purged","damage_taken":0,"max_hp_gain":0,"max_hp_loss":0,"event_name":"Purifier","floor":36,"gold_loss":0}],"is_beta":false,"boss_relics":[{"not_picked":["SacredBark","Philosopher\u0027s Stone"],"picked":"WristBlade"},{"not_picked":["Empty Cage","Calling Bell"],"picked":"Busted Crown"}],"items_purged_floors":[31,42],"is_endless":false,"potions_floor_spawned":[5,8,20,28,37,46,48,55],"ascension_level":20}