{"gold_per_floor":[116,166,177,197,252,252,279,279,279,309,309,338,56,67,67,67],"floor_reached":16,"playtime":785,"items_purged":[],"score":236,"play_id":"5724c052-f2d2-4538-a32e-158f11971862","local_time":"20221214163430","daily_mods":["SealedDeck","Diverse"],"is_ascension_mode":true,"campfire_choices":[{"data":"Armaments","floor":6.0,"key":"SMITH"},{"data":"Prepared","floor":8.0,"key":"SMITH"},{"data":"ThirdEye","floor":15,"key":"SMITH"}],"neow_cost":"","seed_source_timestamp":0,"circlet_count":0,"master_deck":["AscendersBane","PiercingWail","Recycle+1","Prepared+1","Clash","Second Wind","Shrug It Off","Armaments+1","Rebound","Consecrate","Flex","Eviscerate","Acrobatics","Underhanded Strike","Demon Form","Beam Cell","ThirdEye+1"],"special_seed":0,"relics":["Ring of the Snake","Torii","Matryoshka","Akabeko","Dream Catcher","Lantern"],"potions_floor_usage":[],"damage_taken":[{"damage":0.0,"enemies":"2 Louse","floor":1.0,"turns":2.0},{"damage":0.0,"enemies":"Cultist","floor":3.0,"turns":3.0},{"damage":0.0,"enemies":"Small Slimes","floor":4.0,"turns":1.0},{"damage":5.0,"enemies":"3 Sentries","floor":7.0,"turns":4.0},{"damage":1.0,"enemies":"Lagavulin","floor":10.0,"turns":5.0},{"damage":11,"enemies":"Gremlin Nob","floor":12,"turns":3},{"damage":0,"enemies":"Blue Slaver","floor":14,"turns":2},{"damage":36,"enemies":"The Guardian","floor":16,"turns":5}],"seed_played":"2429414319210673546","potions_obtained":[{"floor":1.0,"key":"Explosive Potion"},{"floor":4.0,"key":"AttackPotion"}],"is_trial":true,"path_per_floor":["M","?","M","M","?","R","E","R","T","E","?","E","$","M","R","B"],"character_chosen":"THE_SILENT","items_purchased":["ThirdEye","Lantern","Fire Potion"],"campfire_rested":0,"item_purchase_floors":[13,13,13],"current_hp_per_floor":[59,53,53,53,53,53,48,48,48,47,47,36,36,36,36,0],"gold":67,"neow_bonus":"","is_prod":false,"is_daily":false,"chose_seed":false,"campfire_upgraded":3,"win_rate":0,"timestamp":1671053670,"path_taken":["M","?","M","?","?","R","E","R","T","E","?","E","$","M","R","BOSS"],"build_version":"2022-12-01","purchased_purges":0,"victory":false,"max_hp_per_floor":[66,66,66,66,66,66,66,66,66,66,66,66,66,66,66,66],"card_choices":[{"not_picked":["Coolheaded","Shrug It Off"],"picked":"Eviscerate","floor":1.0},{"not_picked":["DeceiveReality","Outmaneuver","Sever Soul"],"picked":"SKIP","floor":3.0},{"not_picked":["Dagger Spray","Perfected Strike"],"picked":"Acrobatics","floor":4.0},{"not_picked":["Deadly Poison","FlyingSleeves"],"picked":"Underhanded Strike","floor":7.0},{"not_picked":["Defragment","Deflect"],"picked":"Demon Form","floor":10.0},{"not_picked":["Carnage","FollowUp"],"picked":"Beam Cell","floor":12},{"not_picked":["Tempest","Dodge and Roll","FTL"],"picked":"SKIP","floor":14}],"player_experience":1293770,"relics_obtained":[{"floor":7.0,"key":"Torii"},{"floor":9.0,"key":"Matryoshka"},{"floor":10.0,"key":"Akabeko"},{"floor":12,"key":"Dream Catcher"}],"event_choices":[{"damage_healed":0.0,"max_hp_gain":0.0,"max_hp_loss":0.0,"gold_gain":50.0,"event_name":"FaceTrader","player_choice":"Touch","floor":2.0,"gold_loss":0.0,"damage_taken":6.0},{"damage_healed":0.0,"max_hp_gain":0.0,"max_hp_loss":0.0,"gold_gain":55.0,"event_name":"Golden Wing","player_choice":"Gained Gold","floor":5.0,"gold_loss":0.0,"damage_taken":0.0},{"damage_healed":0.0,"max_hp_gain":0.0,"max_hp_loss":0.0,"gold_gain":0.0,"event_name":"Living Wall","player_choice":"Grow","floor":11.0,"gold_loss":0.0,"damage_taken":0.0,"cards_upgraded":["Recycle"]}],"is_beta":false,"boss_relics":[],"items_purged_floors":[],"is_endless":false,"potions_floor_spawned":[1,4],"killed_by":"The Guardian","ascension_level":20}