{"gold_per_floor":[10,23,38,88,106,106,124,124,205,205,50,85,85,85,85,161,161,172,172,5,21,53,53,91,91,91,133,149,177,99,117,117,117],"floor_reached":33,"playtime":1452,"items_purged":["Strike_G+1"],"score":631,"play_id":"43843315-132d-4d74-a93a-16f1ba972bcc","local_time":"20221219002501","is_ascension_mode":true,"campfire_choices":[{"floor":6.0,"key":"REST"},{"data":"Deadly Poison","floor":8.0,"key":"SMITH"},{"data":"Calculated Gamble","floor":13,"key":"SMITH"},{"data":"Leg Sweep","floor":15,"key":"SMITH"},{"data":"Wraith Form v2","floor":23,"key":"SMITH"},{"data":"Flechettes","floor":32,"key":"SMITH"}],"neow_cost":"NO_GOLD","seed_source_timestamp":1217778185300,"circlet_count":0,"master_deck":["AscendersBane","Strike_G+1","Strike_G+1","Strike_G+1","Strike_G+1","Defend_G+1","Defend_G+1","Defend_G+1","Defend_G+1","Defend_G+1","Survivor","Neutralize","Adrenaline+1","Underhanded Strike","Deadly Poison+1","Blade Dance","Blade Dance+1","Calculated Gamble+1","Leg Sweep+1","Corpse Explosion","Wraith Form v2+1","Flechettes+1","Dash","Backflip+1","Acrobatics+1","Blade Dance+1","Escape Plan"],"special_seed":0,"relics":["Ring of the Snake","InkBottle","Mango","Coffee Dripper","Toolbox","Red Mask","CeramicFish","Anchor","Smiling Mask","War Paint"],"potions_floor_usage":[12,18,24,24,29,31,33],"damage_taken":[{"damage":17.0,"enemies":"Cultist","floor":1.0,"turns":7.0},{"damage":4.0,"enemies":"2 Louse","floor":2.0,"turns":4.0},{"damage":0.0,"enemies":"Jaw Worm","floor":3.0,"turns":4.0},{"damage":5.0,"enemies":"Exordium Wildlife","floor":5.0,"turns":4.0},{"damage":2.0,"enemies":"Looter","floor":7.0,"turns":3.0},{"damage":6,"enemies":"Lagavulin","floor":12,"turns":6},{"damage":16,"enemies":"The Guardian","floor":16,"turns":11},{"damage":2,"enemies":"2 Thieves","floor":18,"turns":3},{"damage":0,"enemies":"3 Byrds","floor":21,"turns":2},{"damage":0,"enemies":"Masked Bandits","floor":22,"turns":1},{"damage":15,"enemies":"Book of Stabbing","floor":24,"turns":5},{"damage":2,"enemies":"Slavers","floor":27,"turns":5},{"damage":0,"enemies":"Snecko","floor":28,"turns":4},{"damage":4,"enemies":"Book of Stabbing","floor":29,"turns":6},{"damage":23,"enemies":"Cultist and Chosen","floor":31,"turns":7},{"damage":32,"enemies":"Automaton","floor":33,"turns":10}],"seed_played":"3188719920260614272","potions_obtained":[{"floor":2.0,"key":"FearPotion"},{"floor":3.0,"key":"AttackPotion"},{"floor":14,"key":"AttackPotion"},{"floor":21,"key":"Energy Potion"},{"floor":24,"key":"CunningPotion"},{"floor":27,"key":"Swift Potion"},{"floor":29,"key":"BlessingOfTheForge"}],"is_trial":false,"path_per_floor":["M","M","M","?","M","R","M","R","T","?","$","E","R","?","R","B",null,"M","?","$","M","?","R","E","?","T","E","M","E","$","M","R","B"],"character_chosen":"THE_SILENT","items_purchased":["Calculated Gamble","Leg Sweep","Toolbox","Escape Plan"],"campfire_rested":1,"item_purchase_floors":[11,11,20,30],"current_hp_per_floor":[42,38,38,32,27,46,44,44,44,49,49,57,57,57,57,41,74,72,72,72,72,72,72,57,57,57,55,55,51,51,28,28,0],"gold":117,"neow_bonus":"THREE_RARE_CARDS","is_prod":false,"is_daily":false,"chose_seed":false,"campfire_upgraded":5,"win_rate":0,"timestamp":1671427501,"path_taken":["M","M","?","?","?","R","M","R","T","?","?","E","R","?","R","BOSS","M","?","$","M","?","R","E","?","T","E","M","E","$","M","R","BOSS"],"build_version":"2022-12-01","purchased_purges":1,"victory":false,"max_hp_per_floor":[66,66,66,66,66,66,66,66,66,71,71,85,85,85,85,85,85,85,85,85,85,85,85,85,85,85,85,85,85,85,85,85,85],"relic_stats":{"counters":[16,82],"CeramicFish":27,"War Paint":["Blade Dance","Adrenaline"],"Smiling Mask":25,"obtain_stats":[{"Anchor":26,"CeramicFish":24,"Toolbox":20,"Mango":12,"Coffee Dripper":17,"Red Mask":22,"War Paint":29,"Smiling Mask":27,"InkBottle":9,"Ring of the Snake":0},{"Anchor":11,"CeramicFish":11,"Toolbox":8,"Mango":6,"Coffee Dripper":7,"Red Mask":10,"War Paint":14,"Smiling Mask":12,"InkBottle":5,"Ring of the Snake":0},{"Anchor":50,"CeramicFish":50,"Toolbox":42,"Mango":28,"Coffee Dripper":39,"Red Mask":45,"War Paint":65,"Smiling Mask":55,"InkBottle":22,"Ring of the Snake":0}],"InkBottle":[36],"Ring of the Snake":[32]},"card_choices":[{"not_picked":["Die Die Die","Venomology"],"picked":"Adrenaline","floor":0.0},{"not_picked":["Slice","Cloak And Dagger"],"picked":"Underhanded Strike","floor":1.0},{"not_picked":["Flying Knee","Outmaneuver"],"picked":"Deadly Poison","floor":2.0},{"not_picked":["Deadly Poison","Reflex"],"picked":"Blade Dance","floor":3.0},{"not_picked":["Leg Sweep","Catalyst"],"picked":"Blade Dance","floor":5.0},{"not_picked":["Underhanded Strike","Quick Slash","Outmaneuver"],"picked":"SKIP","floor":7.0},{"not_picked":["Infinite Blades","Predator"],"picked":"Corpse Explosion","floor":12},{"not_picked":["Envenom","Storm of Steel"],"picked":"Wraith Form v2","floor":16},{"not_picked":["Outmaneuver","Expertise"],"picked":"Flechettes","floor":18},{"not_picked":["Leg Sweep","Poisoned Stab"],"picked":"Dash","floor":21},{"not_picked":["Bouncing Flask","Quick Slash"],"picked":"Backflip+1","floor":22},{"not_picked":["Dodge and Roll","Concentrate"],"picked":"Acrobatics","floor":24},{"not_picked":["Dagger Spray","Distraction"],"picked":"Blade Dance+1","floor":27},{"not_picked":["Predator+1","Expertise","Heel Hook"],"picked":"SKIP","floor":28},{"not_picked":["Glass Knife","Bane","Backstab"],"picked":"SKIP","floor":29},{"not_picked":["Backstab","Setup","Blur"],"picked":"SKIP","floor":31}],"player_experience":1315433,"relics_obtained":[{"floor":9.0,"key":"InkBottle"},{"floor":12,"key":"Mango"},{"floor":22,"key":"Red Mask"},{"floor":24,"key":"CeramicFish"},{"floor":26,"key":"Anchor"},{"floor":27,"key":"Smiling Mask"},{"floor":29,"key":"War Paint"}],"event_choices":[{"damage_healed":0.0,"max_hp_gain":0.0,"max_hp_loss":0.0,"gold_gain":50.0,"event_name":"FaceTrader","player_choice":"Touch","floor":4.0,"gold_loss":0.0,"damage_taken":6.0},{"damage_healed":0.0,"max_hp_gain":5.0,"max_hp_loss":0.0,"gold_gain":0.0,"event_name":"Big Fish","player_choice":"Donut","floor":10.0,"gold_loss":0.0,"damage_taken":0.0},{"damage_healed":0,"gold_gain":0,"player_choice":"Got Potions","damage_taken":0,"max_hp_gain":0,"max_hp_loss":0,"event_name":"Lab","floor":14,"gold_loss":0},{"damage_healed":0,"gold_gain":0,"player_choice":"Simplicity","damage_taken":0,"max_hp_gain":0,"max_hp_loss":0,"event_name":"Back to Basics","floor":19,"gold_loss":0,"cards_upgraded":["Strike_G","Strike_G","Strike_G","Strike_G","Strike_G","Defend_G","Defend_G","Defend_G","Defend_G","Defend_G"]},{"damage_healed":0,"gold_gain":0,"player_choice":"Fought Bandits","damage_taken":0,"max_hp_gain":0,"max_hp_loss":0,"event_name":"Masked Bandits","floor":22,"gold_loss":0},{"damage_healed":0,"gold_gain":0,"player_choice":"Forge","damage_taken":0,"max_hp_gain":0,"max_hp_loss":0,"event_name":"Accursed Blacksmith","floor":25,"gold_loss":0,"cards_upgraded":["Acrobatics"]}],"is_beta":false,"boss_relics":[{"not_picked":["Ectoplasm","Velvet Choker"],"picked":"Coffee Dripper"}],"items_purged_floors":[30],"is_endless":false,"potions_floor_spawned":[2,3,5,21,24,27,29],"killed_by":"Automaton","ascension_level":20}