{"gold_per_floor":[12,26,26,26,44,59,59,59,84,113,129,142,156,188,188,265,265,277,288,82,82,101,133,183,203,226,236,248,248,279,299,299,375,375,391,410,162,162,36,36,47,47],"floor_reached":42,"playtime":2214,"items_purged":["Strike_G","Bite"],"score":1133,"play_id":"b7b7cfd7-97bf-4f2b-898d-0144430eb29a","local_time":"20221222171251","is_ascension_mode":true,"campfire_choices":[{"data":"Dash","floor":7.0,"key":"SMITH"},{"data":"Well Laid Plans","floor":15.0,"key":"SMITH"},{"data":"Calculated Gamble","floor":29.0,"key":"SMITH"},{"data":"Acrobatics","floor":32.0,"key":"SMITH"},{"floor":40.0,"key":"RECALL"}],"neow_cost":"NO_GOLD","seed_source_timestamp":0,"circlet_count":0,"master_deck":["AscendersBane","Defend_G","Defend_G","Defend_G","Defend_G","Survivor","Neutralize","Master of Strategy","Dash+1","Dagger Spray","Backstab","Corpse Explosion","Terror","Acrobatics","Backstab","Reflex","Leg Sweep","Well Laid Plans+1","Tools of the Trade","Blade Dance","Dagger Throw+1","Accuracy","Acrobatics+1","Bite","Bite","Bite","Bite","Reflex","Prepared","Calculated Gamble+1","Acrobatics","Crippling Poison","CurseOfTheBell","Noxious Fumes+1","Acrobatics"],"special_seed":0,"relics":["Ring of the Snake","PreservedInsect","Orichalcum","Ancient Tea Set","Coffee Dripper","Lantern","Centennial Puzzle","Calling Bell","Art of War","Frozen Egg 2","WingedGreaves","OrangePellets"],"potions_floor_usage":[42],"damage_taken":[{"damage":3.0,"enemies":"Cultist","floor":1.0,"turns":4.0},{"damage":4.0,"enemies":"Small Slimes","floor":2.0,"turns":4.0},{"damage":0.0,"enemies":"2 Louse","floor":5.0,"turns":2.0},{"damage":0.0,"enemies":"2 Fungi Beasts","floor":6.0,"turns":4.0},{"damage":0.0,"enemies":"Lagavulin","floor":10.0,"turns":5.0},{"damage":0.0,"enemies":"Lots of Slimes","floor":11.0,"turns":3.0},{"damage":0.0,"enemies":"Large Slime","floor":12.0,"turns":4.0},{"damage":0.0,"enemies":"Blue Slaver","floor":13.0,"turns":3.0},{"damage":2.0,"enemies":"Gremlin Nob","floor":14.0,"turns":3.0},{"damage":4.0,"enemies":"The Guardian","floor":16.0,"turns":15.0},{"damage":1.0,"enemies":"Chosen","floor":18.0,"turns":5.0},{"damage":7.0,"enemies":"3 Byrds","floor":19.0,"turns":3.0},{"damage":26.0,"enemies":"Shelled Parasite and Fungi","floor":22.0,"turns":10.0},{"damage":0.0,"enemies":"Slavers","floor":23.0,"turns":1.0},{"damage":16.0,"enemies":"Snake Plant","floor":25.0,"turns":4.0},{"damage":0.0,"enemies":"Snecko","floor":27.0,"turns":5.0},{"damage":6.0,"enemies":"3 Cultists","floor":28.0,"turns":3.0},{"damage":9.0,"enemies":"Book of Stabbing","floor":30.0,"turns":4.0},{"damage":6.0,"enemies":"Snake Plant","floor":31.0,"turns":6.0},{"damage":40.0,"enemies":"Automaton","floor":33.0,"turns":8.0},{"damage":3.0,"enemies":"3 Darklings","floor":35.0,"turns":2.0},{"damage":0.0,"enemies":"3 Shapes","floor":36.0,"turns":2.0},{"damage":27.0,"enemies":"Sphere and 2 Shapes","floor":41.0,"turns":7.0},{"damage":35,"enemies":"Giant Head","floor":42,"turns":5}],"seed_played":"4965564186666774986","potions_obtained":[{"floor":1.0,"key":"Regen Potion"},{"floor":2.0,"key":"Strength Potion"},{"floor":6.0,"key":"GhostInAJar"},{"floor":10.0,"key":"CunningPotion"},{"floor":13.0,"key":"SmokeBomb"},{"floor":14.0,"key":"Weak Potion"},{"floor":22.0,"key":"Block Potion"},{"floor":25.0,"key":"CultistPotion"},{"floor":35.0,"key":"ColorlessPotion"}],"is_trial":false,"path_per_floor":["M","M","?","?","M","M","R","?","T","E","M","M","M","E","R","B",null,"M","M","$","?","M","E","?","M","T","M","M","R","E","M","R","B",null,"M","M","$","?","$","R","M","E"],"character_chosen":"THE_SILENT","items_purchased":["Accuracy","Acrobatics","Noxious Fumes+1","OrangePellets","Acrobatics"],"campfire_rested":0,"item_purchase_floors":[20,20,37,37,39],"current_hp_per_floor":[56,52,45,50,50,50,50,50,50,50,50,50,50,48,48,44,64,63,56,56,49,45,45,45,37,37,47,47,47,44,48,48,21,42,43,49,49,47,47,47,28,0],"gold":47,"neow_bonus":"RANDOM_COLORLESS_2","is_prod":false,"is_daily":false,"chose_seed":false,"campfire_upgraded":4,"win_rate":0,"timestamp":1671747171,"path_taken":["M","?","?","?","M","M","R","?","T","E","?","M","M","E","R","BOSS","M","M","$","?","M","E","?","M","T","M","?","R","E","M","R","BOSS","M","M","$","?","$","R","M","E"],"build_version":"2022-12-18","purchased_purges":2,"victory":false,"max_hp_per_floor":[66,66,66,71,71,71,71,71,71,71,71,71,71,71,71,71,71,71,71,71,49,49,49,49,49,49,49,49,49,49,49,49,49,49,49,49,49,47,47,47,47,47],"relic_stats":{"OrangePellets":[1],"Centennial Puzzle":[15],"counters":[24,112],"PreservedInsect":264,"WingedGreaves":0,"Art of War":[2],"Orichalcum":[150],"Ancient Tea Set":[8],"obtain_stats":[{"Calling Bell":34,"OrangePellets":37,"Lantern":26,"Centennial Puzzle":30,"PreservedInsect":9,"WingedGreaves":34,"Coffee Dripper":17,"Art of War":34,"Orichalcum":10,"Frozen Egg 2":34,"Ancient Tea Set":14,"Ring of the Snake":0},{"Calling Bell":20,"OrangePellets":22,"Lantern":15,"Centennial Puzzle":18,"PreservedInsect":4,"WingedGreaves":20,"Coffee Dripper":10,"Art of War":20,"Orichalcum":5,"Frozen Egg 2":20,"Ancient Tea Set":9,"Ring of the Snake":0},{"Calling Bell":96,"OrangePellets":100,"Lantern":70,"Centennial Puzzle":82,"PreservedInsect":14,"WingedGreaves":96,"Coffee Dripper":47,"Art of War":96,"Orichalcum":19,"Frozen Egg 2":96,"Ancient Tea Set":32,"Ring of the Snake":0}],"Ring of the Snake":[48]},"card_choices":[{"not_picked":["The Bomb","Metamorphosis"],"picked":"Master of Strategy","floor":0.0},{"not_picked":["Blade Dance","Deadly Poison"],"picked":"Dash","floor":1.0},{"not_picked":["Dodge and Roll","Setup"],"picked":"Dagger Spray","floor":2.0},{"not_picked":["Underhanded Strike","Deflect"],"picked":"Backstab","floor":5.0},{"not_picked":["Quick Slash","Predator"],"picked":"Corpse Explosion","floor":6.0},{"not_picked":["Accuracy","Terror"],"picked":"Acrobatics","floor":10.0},{"not_picked":["Skewer","Heel Hook"],"picked":"Backstab","floor":11.0},{"not_picked":["Slice","Escape Plan"],"picked":"Reflex","floor":12.0},{"not_picked":["Quick Slash","Backstab"],"picked":"Leg Sweep","floor":13.0},{"not_picked":["Riddle With Holes","Dash"],"picked":"Well Laid Plans","floor":14.0},{"not_picked":["Phantasmal Killer","Venomology"],"picked":"Tools of the Trade","floor":16.0},{"not_picked":["Backflip","Cloak And Dagger"],"picked":"Blade Dance","floor":18.0},{"not_picked":["Riddle With Holes","Outmaneuver"],"picked":"Dagger Throw+1","floor":19.0},{"not_picked":["Finisher","Night Terror","Poisoned Stab"],"picked":"SKIP","floor":22.0},{"not_picked":["Deadly Poison+1","Backflip","Bullet Time"],"picked":"SKIP","floor":23.0},{"not_picked":["Choke","Backflip"],"picked":"Reflex","floor":25.0},{"not_picked":["Bane","Quick Slash"],"picked":"Prepared","floor":27.0},{"not_picked":["Cloak And Dagger","Accuracy"],"picked":"Calculated Gamble","floor":28.0},{"not_picked":["Leg Sweep","Flying Knee"],"picked":"Acrobatics","floor":30.0},{"not_picked":["Endless Agony","Sucker Punch"],"picked":"Crippling Poison","floor":31.0},{"not_picked":["Deadly Poison","Backflip","Prepared"],"picked":"SKIP","floor":35.0},{"not_picked":["Riddle With Holes+1","Deadly Poison","Well Laid Plans+1"],"picked":"SKIP","floor":36.0},{"not_picked":["Underhanded Strike","Infinite Blades+1","All Out Attack"],"picked":"SKIP","floor":41.0}],"player_experience":1329568,"relics_obtained":[{"floor":9.0,"key":"PreservedInsect"},{"floor":10.0,"key":"Orichalcum"},{"floor":14.0,"key":"Ancient Tea Set"},{"floor":26.0,"key":"Lantern"},{"floor":30.0,"key":"Centennial Puzzle"},{"floor":34.0,"key":"Art of War"},{"floor":34.0,"key":"Frozen Egg 2"},{"floor":34.0,"key":"WingedGreaves"}],"event_choices":[{"cards_removed":["Defend_G"],"damage_healed":0.0,"max_hp_gain":0.0,"max_hp_loss":0.0,"gold_gain":0.0,"event_name":"Golden Wing","player_choice":"Card Removal","floor":3.0,"gold_loss":0.0,"damage_taken":7.0},{"damage_healed":0.0,"max_hp_gain":5.0,"max_hp_loss":0.0,"gold_gain":0.0,"event_name":"Big Fish","player_choice":"Donut","floor":4.0,"gold_loss":0.0,"damage_taken":0.0},{"damage_healed":0.0,"max_hp_gain":0.0,"max_hp_loss":0.0,"gold_gain":0.0,"cards_transformed":["Strike_G"],"event_name":"Transmorgrifier","player_choice":"Transformed","floor":8.0,"gold_loss":0.0,"damage_taken":0.0,"cards_obtained":["Terror"]},{"damage_healed":0.0,"max_hp_gain":0.0,"max_hp_loss":22.0,"gold_gain":0.0,"event_name":"Vampires","player_choice":"Became a vampire","floor":21.0,"gold_loss":0.0,"damage_taken":0.0,"cards_obtained":["Bite","Bite","Bite","Bite","Bite"]},{"damage_healed":0.0,"max_hp_gain":0.0,"max_hp_loss":0.0,"gold_gain":50.0,"event_name":"Golden Shrine","player_choice":"Pray","floor":24.0,"gold_loss":0.0,"damage_taken":0.0},{"damage_healed":0.0,"max_hp_gain":0.0,"max_hp_loss":2.0,"gold_gain":0.0,"event_name":"Winding Halls","player_choice":"Max HP","floor":38.0,"gold_loss":0.0,"damage_taken":0.0}],"is_beta":false,"boss_relics":[{"not_picked":["Sozu","Empty Cage"],"picked":"Coffee Dripper"},{"not_picked":["WristBlade","SlaversCollar"],"picked":"Calling Bell"}],"items_purged_floors":[20,39],"is_endless":false,"potions_floor_spawned":[1,2,6,10,13,14,19,22,25,28,30,35],"killed_by":"Giant Head","ascension_level":20}