{"gold_per_floor":[116,86,106,121,134,161,161,194,221,234,234,234,272,197,197,291,291,307,307,68,85,105,105,105,5,53,73,105,105,131,144,144,217,217,228,245,245,81,91,91],"floor_reached":40,"playtime":1392,"items_purged":["Blood for Blood","Bullet Time"],"score":1292,"play_id":"1192d807-a8bf-456f-9977-90ba98d0233e","local_time":"20221222175834","daily_mods":["SealedDeck","Diverse"],"is_ascension_mode":true,"campfire_choices":[{"data":"True Grit","floor":7,"key":"SMITH"},{"data":"Seek","floor":12,"key":"SMITH"},{"data":"Pommel Strike","floor":15,"key":"SMITH"},{"floor":23,"key":"RECALL"},{"floor":29,"key":"REST"},{"floor":32,"key":"REST"}],"neow_cost":"","seed_source_timestamp":323087839294000,"circlet_count":0,"master_deck":["AscendersBane","Warcry","True Grit+1","Predator","Gash","FTL","Slice","Turbo","Inflame","All For One","Beam Cell","Seek+1","Pommel Strike+1","Warcry","Prostrate","Intimidate","SpiritShield","Undo","Prostrate","Echo Form","Genetic Algorithm","Echo Form"],"relics":["Ring of the Snake","Meat on the Bone","Boot","Vajra","Bloody Idol","Pen Nib","Fusion Hammer","Bag of Preparation","HornCleat","Akabeko","Philosopher\u0027s Stone","DollysMirror"],"potions_floor_usage":[6,27,39,39,40],"damage_taken":[{"damage":0,"enemies":"Cultist","floor":1,"turns":2},{"damage":12,"enemies":"Small Slimes","floor":3,"turns":2},{"damage":7,"enemies":"2 Louse","floor":4,"turns":2},{"damage":0,"enemies":"2 Fungi Beasts","floor":5,"turns":1},{"damage":0,"enemies":"Gremlin Nob","floor":6,"turns":2},{"damage":0,"enemies":"Lagavulin","floor":8,"turns":2},{"damage":0,"enemies":"Large Slime","floor":10,"turns":2},{"damage":11,"enemies":"3 Sentries","floor":13,"turns":4},{"damage":0,"enemies":"Slime Boss","floor":16,"turns":5},{"damage":0,"enemies":"Spheric Guardian","floor":18,"turns":1},{"damage":0,"enemies":"Chosen","floor":21,"turns":1},{"damage":0,"enemies":"Centurion and Healer","floor":22,"turns":2},{"damage":0,"enemies":"Snake Plant","floor":27,"turns":1},{"damage":0,"enemies":"Gremlin Leader","floor":28,"turns":3},{"damage":0,"enemies":"Slavers","floor":30,"turns":4},{"damage":0,"enemies":"Cultist and Chosen","floor":31,"turns":2},{"damage":0,"enemies":"Champ","floor":33,"turns":5},{"damage":9,"enemies":"Orb Walker","floor":35,"turns":2},{"damage":0,"enemies":"3 Darklings","floor":36,"turns":4},{"damage":45,"enemies":"4 Shapes","floor":39,"turns":4},{"damage":40,"enemies":"Reptomancer","floor":40,"turns":3}],"seed_played":"1740443380919989398","potions_obtained":[{"floor":4,"key":"CunningPotion"},{"floor":5,"key":"BlessingOfTheForge"},{"floor":6,"key":"SpeedPotion"},{"floor":18,"key":"Explosive Potion"},{"floor":27,"key":"EntropicBrew"}],"is_trial":true,"path_per_floor":["M","$","M","M","M","E","R","E","T","M","?","R","E","?","R","B",null,"M","?","$","M","M","R","?","$","T","M","E","R","E","M","R","B",null,"M","M","?","$","M","E"],"character_chosen":"THE_SILENT","items_purchased":["BowlingBash","Bag of Preparation","DollysMirror"],"campfire_rested":2,"item_purchase_floors":[2,20,38],"current_hp_per_floor":[59,59,47,40,40,40,40,40,40,40,40,40,41,41,41,41,55,55,55,55,60,60,60,60,60,60,60,60,60,60,60,60,60,60,56,60,60,60,32,0],"gold":91,"neow_bonus":"","is_prod":false,"is_daily":false,"chose_seed":false,"campfire_upgraded":3,"win_rate":0,"timestamp":1671749914,"path_taken":["M","$","?","M","M","E","R","E","T","M","?","R","E","?","R","BOSS","M","?","$","M","M","R","?","$","T","M","E","R","E","?","R","BOSS","M","M","?","$","M","E"],"build_version":"2022-12-18","purchased_purges":2,"victory":false,"max_hp_per_floor":[66,66,66,66,66,66,66,66,66,66,60,60,60,60,60,60,60,60,60,60,60,60,60,60,60,60,60,60,60,60,60,60,60,60,60,60,60,60,60,60],"relic_stats":{"counters":[21,54],"Bloody Idol":19,"Pen Nib":[15],"Bag of Preparation":[22],"Boot":[18],"obtain_stats":[{"Golden Idol":11,"Vajra":9,"Pen Nib":13,"Bag of Preparation":20,"Boot":8,"Akabeko":30,"HornCleat":28,"DollysMirror":38,"Bloody Idol":19,"Philosopher\u0027s Stone":34,"Fusion Hammer":17,"Ring of the Snake":0,"Meat on the Bone":6},{"Golden Idol":7,"Vajra":6,"Pen Nib":8,"Bag of Preparation":10,"Boot":6,"Akabeko":15,"HornCleat":14,"DollysMirror":19,"Bloody Idol":10,"Philosopher\u0027s Stone":17,"Fusion Hammer":9,"Ring of the Snake":0,"Meat on the Bone":5},{"Golden Idol":13,"Vajra":11,"Pen Nib":17,"Bag of Preparation":23,"Boot":11,"Akabeko":34,"HornCleat":30,"DollysMirror":47,"Bloody Idol":23,"Philosopher\u0027s Stone":41,"Fusion Hammer":22,"Ring of the Snake":0,"Meat on the Bone":9}],"Ring of the Snake":[42],"Meat on the Bone":24},"card_choices":[{"not_picked":["Tactician","Heel Hook"],"picked":"Inflame","floor":1},{"not_picked":["Underhanded Strike","Outmaneuver","FlyingSleeves"],"picked":"SKIP","floor":3},{"not_picked":["Stack","Rebound"],"picked":"All For One","floor":4},{"not_picked":["Leg Sweep","Cold Snap","Quick Slash"],"picked":"SKIP","floor":5},{"not_picked":["Entrench","Chill"],"picked":"Beam Cell","floor":6},{"not_picked":["Eviscerate","Dash"],"picked":"Seek","floor":8},{"not_picked":["ClearTheMind","SashWhip","Heavy Blade"],"picked":"SKIP","floor":10},{"not_picked":["Force Field","FearNoEvil"],"picked":"Pommel Strike","floor":13},{"not_picked":["Omniscience","Core Surge"],"picked":"Bullet Time","floor":16},{"not_picked":["Sucker Punch","Pommel Strike","Dodge and Roll+1"],"picked":"SKIP","floor":18},{"not_picked":["Beam Cell","Body Slam"],"picked":"Warcry","floor":21},{"not_picked":["Dagger Throw","SashWhip"],"picked":"Prostrate","floor":22},{"not_picked":["Exhume","Leap"],"picked":"Intimidate","floor":27},{"not_picked":["Meditate","Anger"],"picked":"SpiritShield","floor":28},{"not_picked":["Glass Knife","Conserve Battery"],"picked":"Undo","floor":30},{"not_picked":["Reckless Charge","Streamline"],"picked":"Prostrate","floor":31},{"not_picked":["Bullet Time","Berserk"],"picked":"Echo Form","floor":33},{"not_picked":["Defragment","Clothesline","Cloak And Dagger"],"picked":"SKIP","floor":35},{"not_picked":["Streamline+1","Flex"],"picked":"Genetic Algorithm","floor":36},{"not_picked":["Flex","Slice","Thunderclap"],"picked":"SKIP","floor":39}],"player_experience":1333055,"relics_obtained":[{"floor":6,"key":"Meat on the Bone"},{"floor":8,"key":"Boot"},{"floor":9,"key":"Vajra"},{"floor":13,"key":"Pen Nib"},{"floor":28,"key":"HornCleat"},{"floor":30,"key":"Akabeko"}],"event_choices":[{"damage_healed":0,"gold_gain":0,"player_choice":"Lose Max HP","damage_taken":0,"relics_obtained":["Golden Idol"],"max_hp_gain":0,"max_hp_loss":6,"event_name":"Golden Idol","floor":11,"gold_loss":0},{"cards_removed":["Ball Lightning"],"damage_healed":0,"gold_gain":0,"player_choice":"Card Removal","damage_taken":0,"max_hp_gain":0,"max_hp_loss":0,"event_name":"The Cleric","floor":14,"gold_loss":75},{"damage_healed":0,"gold_gain":0,"player_choice":"Gave Idol","damage_taken":0,"relics_obtained":["Bloody Idol"],"max_hp_gain":0,"max_hp_loss":0,"event_name":"Forgotten Altar","floor":19,"relics_lost":["Golden Idol"],"gold_loss":0},{"cards_removed":["Blade Dance"],"damage_healed":5,"gold_gain":0,"player_choice":"Offered Common","damage_taken":0,"max_hp_gain":0,"max_hp_loss":0,"event_name":"Bonfire Elementals","floor":24,"gold_loss":0},{"cards_removed":["Blade Dance"],"damage_healed":5,"gold_gain":0,"player_choice":"Offered Special","damage_taken":0,"max_hp_gain":0,"max_hp_loss":0,"event_name":"Bonfire Elementals","floor":24,"gold_loss":0},{"cards_removed":["BowlingBash"],"damage_healed":0,"gold_gain":0,"player_choice":"Removed Attack","damage_taken":0,"max_hp_gain":0,"max_hp_loss":0,"event_name":"Falling","floor":37,"gold_loss":0}],"is_beta":false,"boss_relics":[{"not_picked":["SlaversCollar","Velvet Choker"],"picked":"Fusion Hammer"},{"not_picked":["Snecko Eye","Astrolabe"],"picked":"Philosopher\u0027s Stone"}],"items_purged_floors":[20,25],"is_endless":false,"potions_floor_spawned":[4,5,6,13,18,27,28,33,35,36],"killed_by":"Reptomancer","ascension_level":20}