{"gold_per_floor":[110,110,122,134,152,152,152,166,166,178,18,43,54,79,79,79],"floor_reached":16,"playtime":593,"items_purged":[],"score":228,"play_id":"553ef65b-7712-4db7-a496-6ef5d25cf532","local_time":"20221218235937","is_ascension_mode":true,"campfire_choices":[{"data":"Masterful Stab","floor":7.0,"key":"SMITH"},{"data":"Noxious Fumes","floor":15,"key":"SMITH"}],"neow_cost":"NONE","seed_source_timestamp":570362506200,"circlet_count":0,"master_deck":["AscendersBane","Strike_G","Strike_G","Strike_G","Strike_G","Strike_G","Defend_G","Defend_G","Defend_G","Defend_G","Survivor","Neutralize","Night Terror","Dagger Spray+1","Acrobatics","Masterful Stab+1","Dagger Throw","Crippling Poison","Underhanded Strike","Noxious Fumes+1","Blade Dance","After Image"],"special_seed":0,"relics":["Ring of the Snake","Ice Cream","Toolbox","Singing Bowl","Incense Burner"],"potions_floor_usage":[16,16],"damage_taken":[{"damage":10.0,"enemies":"Small Slimes","floor":1.0,"turns":5.0},{"damage":4.0,"enemies":"Cultist","floor":3.0,"turns":3.0},{"damage":4.0,"enemies":"Jaw Worm","floor":4.0,"turns":5.0},{"damage":7.0,"enemies":"Red Slaver","floor":5.0,"turns":4.0},{"damage":0.0,"enemies":"Exordium Wildlife","floor":8.0,"turns":3.0},{"damage":2.0,"enemies":"2 Fungi Beasts","floor":10.0,"turns":4.0},{"damage":3.0,"enemies":"Gremlin Nob","floor":12.0,"turns":3.0},{"damage":0,"enemies":"Large Slime","floor":13,"turns":5},{"damage":11,"enemies":"3 Sentries","floor":14,"turns":5},{"damage":38,"enemies":"Slime Boss","floor":16,"turns":7}],"seed_played":"8301122112939727678","potions_obtained":[{"floor":1.0,"key":"Regen Potion"},{"floor":8.0,"key":"AttackPotion"},{"floor":10.0,"key":"Strength Potion"},{"floor":12.0,"key":"Poison Potion"},{"floor":13,"key":"Swift Potion"}],"is_trial":false,"path_per_floor":["M","?","M","M","M","?","R","M","T","M","$","E","M","E","R","B"],"character_chosen":"THE_SILENT","items_purchased":["Toolbox"],"campfire_rested":0,"item_purchase_floors":[11],"current_hp_per_floor":[49,49,45,41,34,34,34,34,34,44,44,41,41,30,30,0],"gold":79,"neow_bonus":"ONE_RANDOM_RARE_CARD","is_prod":false,"is_daily":false,"chose_seed":false,"campfire_upgraded":2,"win_rate":0,"timestamp":1671425977,"path_taken":["M","?","?","M","M","?","R","M","T","M","$","E","?","E","R","BOSS"],"build_version":"2022-12-01","purchased_purges":0,"victory":false,"max_hp_per_floor":[66,66,66,66,66,66,66,66,66,66,66,66,66,66,66,66],"relic_stats":{"Ice Cream":[4],"Singing Bowl":0,"counters":[10,44],"obtain_stats":[{"Ice Cream":9,"Singing Bowl":12,"Toolbox":11,"Incense Burner":14,"Ring of the Snake":0},{"Ice Cream":5,"Singing Bowl":7,"Toolbox":6,"Incense Burner":9,"Ring of the Snake":0},{"Ice Cream":20,"Singing Bowl":27,"Toolbox":24,"Incense Burner":37,"Ring of the Snake":0}],"Ring of the Snake":[20]},"card_choices":[{"not_picked":["Escape Plan","Dagger Throw"],"picked":"Dagger Spray","floor":1.0},{"not_picked":["Bouncing Flask","Backflip"],"picked":"Acrobatics","floor":3.0},{"not_picked":["Blur","Crippling Poison"],"picked":"Masterful Stab","floor":4.0},{"not_picked":["Sucker Punch","Acrobatics"],"picked":"Dagger Throw","floor":5.0},{"not_picked":["Riddle With Holes","Flying Knee"],"picked":"Crippling Poison","floor":8.0},{"not_picked":["Acrobatics","Night Terror"],"picked":"Underhanded Strike","floor":10.0},{"not_picked":["Outmaneuver","Flying Knee"],"picked":"Noxious Fumes","floor":12.0},{"not_picked":["Sucker Punch","Quick Slash"],"picked":"Blade Dance","floor":13},{"not_picked":["Leg Sweep","Sucker Punch"],"picked":"After Image","floor":14}],"player_experience":1314840,"relics_obtained":[{"floor":9.0,"key":"Ice Cream"},{"floor":12.0,"key":"Singing Bowl"},{"floor":14,"key":"Incense Burner"}],"event_choices":[{"cards_removed":["Defend_G"],"damage_healed":0.0,"max_hp_gain":0.0,"max_hp_loss":0.0,"gold_gain":0.0,"event_name":"Wheel of Change","player_choice":"Card Removal","floor":2.0,"gold_loss":0.0,"damage_taken":0.0},{"damage_healed":0.0,"max_hp_gain":0.0,"max_hp_loss":0.0,"gold_gain":0.0,"event_name":"Upgrade Shrine","player_choice":"Upgraded","floor":6.0,"gold_loss":0.0,"damage_taken":0.0,"cards_upgraded":["Dagger Spray"]}],"is_beta":false,"boss_relics":[],"items_purged_floors":[],"is_endless":false,"potions_floor_spawned":[1,8,10,12,13],"killed_by":"Slime Boss","ascension_level":20}