{"gold_per_floor":[114,189,339,65,83,83,6,41,41,41,67,67,84,113,113,188,188,198,213,213,303,127,127],"floor_reached":23,"playtime":904,"items_purged":["Doubt","Strike_G+1"],"score":410,"play_id":"2044a1e5-6753-4683-95f4-ae89aa669132","local_time":"20221227052614","is_ascension_mode":true,"campfire_choices":[{"data":"Terror","floor":6.0,"key":"SMITH"},{"floor":12.0,"key":"REST"},{"floor":15,"key":"REST"}],"neow_cost":"CURSE","seed_source_timestamp":711051519355900,"circlet_count":0,"master_deck":["AscendersBane","Strike_G+1","Strike_G+1","Strike_G+1","Defend_G+1","Defend_G+1","Defend_G+1","Defend_G+1","Survivor","Neutralize","Decay","Sucker Punch+1","Flying Knee","Deadly Poison","Terror+1","Acrobatics","Dash","Escape Plan","Grand Finale","Dagger Throw","After Image","Reflex","Reflex"],"special_seed":0,"relics":["Ring of the Snake","Orrery","Whetstone","Shuriken","Ancient Tea Set","Cursed Key"],"potions_floor_usage":[14,16],"damage_taken":[{"damage":3.0,"enemies":"2 Louse","floor":1.0,"turns":4.0},{"damage":1.0,"enemies":"Jaw Worm","floor":5.0,"turns":3.0},{"damage":21.0,"enemies":"Gremlin Nob","floor":8.0,"turns":4.0},{"damage":31.0,"enemies":"3 Sentries","floor":11.0,"turns":10.0},{"damage":0.0,"enemies":"Small Slimes","floor":13.0,"turns":3.0},{"damage":18,"enemies":"Lagavulin","floor":14,"turns":6},{"damage":28,"enemies":"The Guardian","floor":16,"turns":15},{"damage":12,"enemies":"Spheric Guardian","floor":18,"turns":4},{"damage":3,"enemies":"Shell Parasite","floor":19,"turns":4},{"damage":25,"enemies":"Book of Stabbing","floor":23,"turns":5}],"seed_played":"8642162317331463965","potions_obtained":[{"floor":1.0,"key":"Weak Potion"},{"floor":5.0,"key":"Swift Potion"},{"floor":11.0,"key":"BlessingOfTheForge"},{"floor":14,"key":"FearPotion"},{"floor":19,"key":"Ancient Potion"}],"is_trial":false,"path_per_floor":["M","?","?","$","M","R","$","E","T","?","E","R","M","E","R","B",null,"M","M","?","?","$","E"],"character_chosen":"THE_SILENT","items_purchased":["Orrery","Dash","Grand Finale","Reflex"],"campfire_rested":2,"item_purchase_floors":[4,4,7,22],"current_hp_per_floor":[56,45,45,45,44,44,44,23,23,45,14,33,33,15,34,6,51,39,36,36,24,24,0],"gold":127,"neow_bonus":"TRANSFORM_TWO_CARDS","is_prod":false,"is_daily":false,"chose_seed":false,"campfire_upgraded":1,"win_rate":0,"timestamp":1672136774,"path_taken":["M","?","?","$","M","R","?","E","T","?","E","R","M","E","R","BOSS","M","M","?","?","$","E"],"build_version":"2022-12-18","purchased_purges":2,"victory":false,"max_hp_per_floor":[66,66,66,66,66,66,66,66,66,66,66,66,66,66,66,66,66,66,66,66,66,66,66],"relic_stats":{"counters":[10,58],"Shuriken":[10],"Whetstone":["Sucker Punch","Strike_G"],"Ancient Tea Set":[4],"Cursed Key":0,"obtain_stats":[{"Shuriken":9,"Orrery":4,"Whetstone":8,"Ancient Tea Set":11,"Cursed Key":17,"Ring of the Snake":0},{"Shuriken":3,"Orrery":1,"Whetstone":3,"Ancient Tea Set":4,"Cursed Key":7,"Ring of the Snake":0},{"Shuriken":11,"Orrery":4,"Whetstone":11,"Ancient Tea Set":21,"Cursed Key":45,"Ring of the Snake":0}],"Ring of the Snake":[20]},"card_choices":[{"not_picked":["Riddle With Holes","Flying Knee"],"picked":"Deadly Poison","floor":1.0},{"not_picked":["Endless Agony","Slice"],"picked":"Terror","floor":4.0},{"not_picked":["Slice","All Out Attack"],"picked":"Acrobatics","floor":4.0},{"not_picked":["Backflip","Dagger Spray"],"picked":"Escape Plan","floor":5.0},{"not_picked":["Quick Slash","Unload","Flying Knee"],"picked":"SKIP","floor":8.0},{"not_picked":["Sucker Punch","Poisoned Stab","Outmaneuver"],"picked":"SKIP","floor":11.0},{"not_picked":["Endless Agony","Flying Knee"],"picked":"Dagger Throw","floor":13.0},{"not_picked":["Night Terror","Flying Knee","Outmaneuver"],"picked":"SKIP","floor":14},{"not_picked":["Burst","Night Terror"],"picked":"After Image","floor":16},{"not_picked":["Endless Agony","Finisher"],"picked":"Reflex","floor":18},{"not_picked":["Outmaneuver","Skewer","Noxious Fumes"],"picked":"SKIP","floor":19},{"not_picked":["Outmaneuver","Skewer","Noxious Fumes"],"picked":"SKIP","floor":19},{"not_picked":["Outmaneuver","Skewer","Noxious Fumes"],"picked":"SKIP","floor":19}],"player_experience":1350761,"relics_obtained":[{"floor":8.0,"key":"Whetstone"},{"floor":9.0,"key":"Shuriken"},{"floor":11.0,"key":"Ancient Tea Set"}],"event_choices":[{"damage_healed":0.0,"max_hp_gain":0.0,"max_hp_loss":0.0,"gold_gain":75.0,"event_name":"World of Goop","player_choice":"Gather Gold","floor":2.0,"gold_loss":0.0,"damage_taken":11.0},{"damage_healed":0.0,"max_hp_gain":0.0,"max_hp_loss":0.0,"gold_gain":150.0,"event_name":"Liars Game","player_choice":"AGREE","floor":3.0,"gold_loss":0.0,"damage_taken":0.0,"cards_obtained":["Doubt"]},{"damage_healed":22.0,"max_hp_gain":0.0,"max_hp_loss":0.0,"gold_gain":0.0,"event_name":"Big Fish","player_choice":"Banana","floor":10.0,"gold_loss":0.0,"damage_taken":0.0},{"damage_healed":0,"gold_gain":0,"player_choice":"Simplicity","damage_taken":0,"max_hp_gain":0,"max_hp_loss":0,"event_name":"Back to Basics","floor":20,"gold_loss":0,"cards_upgraded":["Strike_G","Strike_G","Strike_G","Defend_G","Defend_G","Defend_G","Defend_G"]},{"damage_healed":0,"gold_gain":90,"player_choice":"GOLD ","damage_taken":12,"max_hp_gain":0,"max_hp_loss":0,"event_name":"Knowing Skull","floor":21,"potions_obtained":[],"gold_loss":0,"cards_obtained":[]}],"is_beta":false,"boss_relics":[{"not_picked":["WristBlade","Tiny House"],"picked":"Cursed Key"}],"items_purged_floors":[4,22],"is_endless":false,"potions_floor_spawned":[1,5,11,14,19],"killed_by":"Book of Stabbing","ascension_level":20}