{"gold_per_floor":[114,114,124,124,136,163,176,210,210,210,239,257,268,284,284,362,362,378,378,378,293,304,330,330,33,33,45,56,83,83,114,114,189,189,205,205,217,229,554,581,600,600,600,634,657,687,423,434,434,434,434,434,434,173,204,204],"floor_reached":57,"playtime":5035,"items_purged":["FollowUp","Crescendo"],"score":3144,"play_id":"5806df56-6a2f-4199-8408-75e89d89bb69","local_time":"20230110172403","daily_mods":["SealedDeck","Diverse"],"is_ascension_mode":true,"campfire_choices":[{"data":"Acrobatics","floor":10.0,"key":"SMITH"},{"data":"Calculated Gamble","floor":15.0,"key":"SMITH"},{"data":"A Thousand Cuts","floor":24.0,"key":"SMITH"},{"data":"EmptyMind","floor":30.0,"key":"SMITH"},{"data":"Pray","floor":32.0,"key":"SMITH"},{"floor":42,"key":"RECALL"},{"data":"Demon Form","floor":49,"key":"SMITH"},{"data":"Disarm","floor":53,"key":"SMITH"}],"neow_cost":"","seed_source_timestamp":0,"circlet_count":0,"master_deck":["AscendersBane","DeceiveReality","Underhanded Strike","Acrobatics+1","Acrobatics+1","Anger","Consecrate","Steam","Backflip","Blade Dance","EmptyMind+1","Calculated Gamble+1","Buffer","ClearTheMind","All For One","A Thousand Cuts+1","Turbo","Prostrate+1","Pray+1","Demon Form+1","EmptyFist","Setup+1","Disarm+1","Evolve","Reinforced Body+1","Beam Cell+1","JustLucky+1","Hologram+1"],"special_seed":0,"relics":["Ring of the Snake","Happy Flower","Potion Belt","Bottled Lightning","Singing Bowl","Runic Dome","MutagenicStrength","Bronze Scales","HornCleat","OrangePellets","Ancient Tea Set","TungstenRod","Philosopher\u0027s Stone","Old Coin","Centennial Puzzle","White Beast Statue","Gremlin Horn","Smiling Mask","Molten Egg 2","Membership Card","TwistedFunnel","Akabeko","FossilizedHelix"],"potions_floor_usage":[44,46,51,55,55,56,56],"damage_taken":[{"damage":2.0,"enemies":"Jaw Worm","floor":1.0,"turns":2.0},{"damage":0.0,"enemies":"Small Slimes","floor":3.0,"turns":2.0},{"damage":0.0,"enemies":"Cultist","floor":5.0,"turns":2.0},{"damage":0.0,"enemies":"Gremlin Nob","floor":6.0,"turns":2.0},{"damage":0.0,"enemies":"Large Slime","floor":7.0,"turns":4.0},{"damage":6.0,"enemies":"Lagavulin","floor":8.0,"turns":5.0},{"damage":0.0,"enemies":"3 Sentries","floor":11.0,"turns":4.0},{"damage":3.0,"enemies":"Blue Slaver","floor":12.0,"turns":2.0},{"damage":0.0,"enemies":"3 Louse","floor":13.0,"turns":2.0},{"damage":0.0,"enemies":"Exordium Wildlife","floor":14.0,"turns":2.0},{"damage":3.0,"enemies":"Hexaghost","floor":16.0,"turns":8.0},{"damage":0.0,"enemies":"2 Thieves","floor":18.0,"turns":1.0},{"damage":0.0,"enemies":"Spheric Guardian","floor":22.0,"turns":1.0},{"damage":0.0,"enemies":"Gremlin Leader","floor":23.0,"turns":2.0},{"damage":0.0,"enemies":"Snecko","floor":27.0,"turns":2.0},{"damage":16.0,"enemies":"Snake Plant","floor":28.0,"turns":3.0},{"damage":6.0,"enemies":"Book of Stabbing","floor":29.0,"turns":3.0},{"damage":0.0,"enemies":"Slavers","floor":31.0,"turns":1.0},{"damage":4.0,"enemies":"Champ","floor":33.0,"turns":4.0},{"damage":0,"enemies":"Orb Walker","floor":35,"turns":1},{"damage":13,"enemies":"3 Shapes","floor":37,"turns":2},{"damage":10,"enemies":"Maw","floor":38,"turns":3},{"damage":0,"enemies":"Mind Bloom Boss Battle","floor":39,"turns":4},{"damage":16,"enemies":"Reptomancer","floor":40,"turns":3},{"damage":0,"enemies":"4 Shapes","floor":41,"turns":3},{"damage":5,"enemies":"Giant Head","floor":44,"turns":4},{"damage":0,"enemies":"Reptomancer","floor":46,"turns":3},{"damage":0,"enemies":"3 Darklings","floor":48,"turns":1},{"damage":10,"enemies":"Time Eater","floor":50,"turns":4},{"damage":14,"enemies":"Donu and Deca","floor":51,"turns":4},{"damage":0,"enemies":"Shield and Spear","floor":55,"turns":2},{"damage":40,"enemies":"The Heart","floor":56,"turns":6}],"seed_played":"-3155694692944668660","potions_obtained":[{"floor":1.0,"key":"SkillPotion"},{"floor":5.0,"key":"Block Potion"},{"floor":11.0,"key":"EssenceOfSteel"},{"floor":14.0,"key":"SkillPotion"},{"floor":22.0,"key":"BlessingOfTheForge"},{"floor":23.0,"key":"AttackPotion"},{"floor":29.0,"key":"LiquidBronze"},{"floor":40,"key":"Regen Potion"},{"floor":44,"key":"LiquidMemories"},{"floor":46,"key":"Energy Potion"},{"floor":55,"key":"SpeedPotion"}],"is_trial":true,"path_per_floor":["M","?","M","?","M","E","M","E","T","R","E","M","M","M","R","B",null,"M","?","?","?","M","E","R","$","T","M","M","E","R","E","R","B",null,"M","?","M","M","?","E","M","R","T","E","T","E","$","M","R","B","B",null,"R","$","E","B",null],"character_chosen":"THE_SILENT","items_purchased":["Turbo","OrangePellets","Membership Card","Evolve","Beam Cell+1","JustLucky+1","LiquidMemories","TwistedFunnel","Akabeko"],"campfire_rested":0,"item_purchase_floors":[25,25,47,47,54,54,54,54,54],"current_hp_per_floor":[57,57,57,57,57,57,57,51,51,51,51,50,50,50,50,47,63,65,65,65,65,67,67,67,67,67,69,53,49,49,49,49,45,68,70,70,59,51,51,37,39,39,39,46,46,48,48,48,48,38,24,72,72,72,72,32],"gold":204,"neow_bonus":"","is_prod":false,"is_daily":false,"chose_seed":false,"campfire_upgraded":7,"win_rate":0,"timestamp":1673389443,"path_taken":["M","?","M","?","M","E","M","E","T","R","E","M","?","M","R","BOSS","M","?","?","?","M","E","R","$","T","M","M","E","R","E","R","BOSS","BOSS","M","?","?","M","?","E","M","R","T","E","?","E","?","M","R","BOSS","BOSS","R","$","E","BOSS"],"build_version":"2022-12-18","purchased_purges":2,"victory":true,"max_hp_per_floor":[66,66,66,66,66,66,66,66,66,66,66,68,68,68,68,68,68,70,70,70,70,72,72,72,72,72,74,74,76,76,76,76,76,76,78,78,80,82,82,84,86,86,86,86,86,88,88,88,88,88,88,88,88,88,88,88],"relic_stats":{"Happy Flower":[28],"Singing Bowl":22,"Gremlin Horn":[7,7],"counters":[32,92],"Ancient Tea Set":[10],"Smiling Mask":0,"White Beast Statue":[0.0,0.0,0.0,0.4,0.0,0.6000000000000001,0.0,0.0,0.0,0.0,0.0,2.144],"OrangePellets":[20],"Centennial Puzzle":[12],"Bronze Scales":[179],"Bottled Lightning":"Acrobatics","Membership Card":352,"obtain_stats":[{"Potion Belt":8,"TwistedFunnel":54,"Happy Flower":6,"Singing Bowl":11,"Gremlin Horn":44,"Ancient Tea Set":29,"Smiling Mask":45,"White Beast Statue":43,"Akabeko":54,"Old Coin":39,"Runic Dome":17,"OrangePellets":25,"Centennial Puzzle":40,"HornCleat":23,"MutagenicStrength":20,"Bronze Scales":21,"Philosopher\u0027s Stone":34,"Molten Egg 2":46,"Bottled Lightning":9,"Membership Card":47,"TungstenRod":31,"FossilizedHelix":55,"Ring of the Snake":0},{"Potion Belt":6,"TwistedFunnel":30,"Happy Flower":4,"Singing Bowl":7,"Gremlin Horn":26,"Ancient Tea Set":17,"Smiling Mask":26,"White Beast Statue":25,"Akabeko":30,"Old Coin":23,"Runic Dome":11,"OrangePellets":14,"Centennial Puzzle":24,"HornCleat":14,"MutagenicStrength":12,"Bronze Scales":12,"Philosopher\u0027s Stone":19,"Molten Egg 2":27,"Bottled Lightning":6,"Membership Card":27,"TungstenRod":18,"FossilizedHelix":31,"Ring of the Snake":0},{"Potion Belt":17,"TwistedFunnel":84,"Happy Flower":8,"Singing Bowl":21,"Gremlin Horn":72,"Ancient Tea Set":47,"Smiling Mask":72,"White Beast Statue":68,"Akabeko":84,"Old Coin":62,"Runic Dome":35,"OrangePellets":39,"Centennial Puzzle":65,"HornCleat":39,"MutagenicStrength":36,"Bronze Scales":36,"Philosopher\u0027s Stone":52,"Molten Egg 2":75,"Bottled Lightning":17,"Membership Card":75,"TungstenRod":48,"FossilizedHelix":86,"Ring of the Snake":0}],"TungstenRod":32,"FossilizedHelix":[2],"Ring of the Snake":[64]},"card_choices":[{"not_picked":["Stack","Redo"],"picked":"Backflip","floor":1.0},{"not_picked":["EmptyMind","JustLucky"],"picked":"Blade Dance","floor":3.0},{"not_picked":["Conserve Battery","FollowUp","Deadly Poison"],"picked":"SKIP","floor":5.0},{"not_picked":["CarveReality","Intimidate","White Noise"],"picked":"SKIP","floor":6.0},{"not_picked":["Distraction","Hologram"],"picked":"Crescendo","floor":7.0},{"not_picked":["Anger","Chill"],"picked":"EmptyMind","floor":8.0},{"not_picked":["ReachHeaven","Sword Boomerang"],"picked":"Calculated Gamble","floor":11.0},{"not_picked":["Slice","Halt","Bane"],"picked":"Singing Bowl","floor":12.0},{"not_picked":["Second Wind","Heavy Blade"],"picked":"Buffer","floor":13.0},{"not_picked":["Blood for Blood","Footwork"],"picked":"ClearTheMind","floor":14.0},{"not_picked":["Impervious","Wish"],"picked":"All For One","floor":16.0},{"not_picked":["Heavy Blade+1","PathToVictory","Worship"],"picked":"Singing Bowl","floor":18.0},{"not_picked":["Sanctity","Noxious Fumes","Escape Plan"],"picked":"Singing Bowl","floor":22.0},{"not_picked":["ThirdEye","SpiritShield"],"picked":"A Thousand Cuts","floor":23.0},{"not_picked":["Bane","Slice+1","Twin Strike"],"picked":"Singing Bowl","floor":27.0},{"not_picked":["Deadly Poison","Turbo"],"picked":"Prostrate+1","floor":28.0},{"not_picked":["Infernal Blade","Protect","Poisoned Stab"],"picked":"Singing Bowl","floor":29.0},{"not_picked":["BattleHymn","Thunderclap"],"picked":"Pray","floor":31.0},{"not_picked":["Hyperbeam","LessonLearned"],"picked":"Demon Form","floor":33},{"not_picked":["Slice+1","SandsOfTime","EmptyFist"],"picked":"Singing Bowl","floor":35},{"not_picked":["Heatsinks","Thunderclap+1","BootSequence"],"picked":"Singing Bowl","floor":37},{"not_picked":["CutThroughFate","Fasting2","Halt"],"picked":"Singing Bowl","floor":38},{"not_picked":["Rebound","Noxious Fumes"],"picked":"Setup+1","floor":39},{"not_picked":["Anger","Endless Agony","SandsOfTime+1"],"picked":"Singing Bowl","floor":40},{"not_picked":["Storm of Steel","EmptyMind+1","SignatureMove"],"picked":"Singing Bowl","floor":41},{"not_picked":["Poisoned Stab","Tantrum+1"],"picked":"Disarm","floor":44},{"not_picked":["Crippling Poison","MentalFortress","Chill"],"picked":"Singing Bowl","floor":46},{"not_picked":["Rupture","Dodge and Roll+1"],"picked":"Reinforced Body+1","floor":48},{"not_picked":["Pray+1","Backflip"],"picked":"Hologram+1","floor":55}],"player_experience":1383446,"relics_obtained":[{"floor":6.0,"key":"Happy Flower"},{"floor":8.0,"key":"Potion Belt"},{"floor":9.0,"key":"Bottled Lightning"},{"floor":11.0,"key":"Singing Bowl"},{"floor":23.0,"key":"HornCleat"},{"floor":29.0,"key":"Ancient Tea Set"},{"floor":31.0,"key":"TungstenRod"},{"floor":39,"key":"Old Coin"},{"floor":40,"key":"Centennial Puzzle"},{"floor":43,"key":"White Beast Statue"},{"floor":44,"key":"Gremlin Horn"},{"floor":45,"key":"Smiling Mask"},{"floor":46,"key":"Molten Egg 2"},{"floor":55,"key":"FossilizedHelix"}],"event_choices":[{"damage_healed":0.0,"max_hp_gain":0.0,"max_hp_loss":0.0,"gold_gain":0.0,"event_name":"The Cleric","player_choice":"Leave","floor":2.0,"gold_loss":0.0,"damage_taken":0.0},{"damage_healed":0.0,"max_hp_gain":0.0,"max_hp_loss":0.0,"gold_gain":0.0,"event_name":"Upgrade Shrine","player_choice":"Upgraded","floor":4.0,"gold_loss":0.0,"damage_taken":0.0,"cards_upgraded":["Acrobatics"]},{"cards_removed":["Gash"],"damage_healed":0.0,"max_hp_gain":0.0,"max_hp_loss":0.0,"gold_gain":0.0,"event_name":"Back to Basics","player_choice":"Elegance","floor":19.0,"gold_loss":0.0,"damage_taken":0.0},{"damage_healed":0.0,"max_hp_gain":0.0,"max_hp_loss":0.0,"gold_gain":0.0,"event_name":"Drug Dealer","player_choice":"Inject Mutagens","floor":20.0,"gold_loss":0.0,"damage_taken":0.0,"relics_obtained":["MutagenicStrength"]},{"damage_healed":0.0,"max_hp_gain":0.0,"max_hp_loss":0.0,"gold_gain":0.0,"event_name":"Addict","player_choice":"Obtained Relic","floor":21.0,"gold_loss":85.0,"damage_taken":0.0,"relics_obtained":["Bronze Scales"]},{"damage_healed":0,"gold_gain":0,"cards_transformed":["Gash"],"player_choice":"Transformed","damage_taken":0,"max_hp_gain":0,"max_hp_loss":0,"event_name":"Transmorgrifier","floor":36,"gold_loss":0,"cards_obtained":["EmptyFist"]},{"damage_healed":0,"gold_gain":0,"player_choice":"Fight","damage_taken":0,"max_hp_gain":0,"max_hp_loss":0,"event_name":"MindBloom","floor":39,"gold_loss":0}],"is_beta":false,"boss_relics":[{"not_picked":["Empty Cage","Runic Pyramid"],"picked":"Runic Dome"},{"not_picked":["Velvet Choker","Black Star"],"picked":"Philosopher\u0027s Stone"}],"items_purged_floors":[25,47],"is_endless":false,"potions_floor_spawned":[1,5,7,11,14,16,22,23,29,35,40,44,46,48,55],"ascension_level":20}