{"gold_per_floor":[119,137,149,224,243,243,278,278,278,278,14,14,14,14,14,109,109,127,52,52,69,69,69],"floor_reached":23,"playtime":757,"items_purged":[],"score":374,"play_id":"d4eae1c3-2411-49ba-974b-87d3b8991ef1","local_time":"20230106151205","is_ascension_mode":true,"campfire_choices":[{"data":"Die Die Die","floor":6,"key":"SMITH"},{"floor":8,"key":"REST"},{"data":"Blade Dance","floor":10,"key":"SMITH"},{"floor":13,"key":"REST"},{"data":"Acrobatics","floor":15,"key":"SMITH"}],"neow_cost":"TEN_PERCENT_HP_LOSS","seed_source_timestamp":1610364665393600,"circlet_count":0,"master_deck":["AscendersBane","Strike_G","Strike_G","Strike_G","Defend_G","Defend_G","Defend_G","Defend_G","Defend_G","Survivor","Neutralize","Die Die Die+1","Slice","Acrobatics+1","Sucker Punch","Blade Dance+1","Malaise","Underhanded Strike+1","Slice+1"],"relics":["Ring of the Snake","Ginger","Molten Egg 2","Shuriken","Bloody Idol","WristBlade"],"potions_floor_usage":[7,16,21],"damage_taken":[{"damage":0,"enemies":"Small Slimes","floor":1,"turns":2},{"damage":8,"enemies":"Jaw Worm","floor":2,"turns":6},{"damage":0,"enemies":"2 Louse","floor":3,"turns":3},{"damage":8,"enemies":"Exordium Wildlife","floor":5,"turns":5},{"damage":34,"enemies":"3 Sentries","floor":7,"turns":13},{"damage":29,"enemies":"Slime Boss","floor":16,"turns":8},{"damage":2,"enemies":"Chosen","floor":18,"turns":5},{"damage":10,"enemies":"2 Thieves","floor":21,"turns":2},{"damage":52,"enemies":"Slavers","floor":23,"turns":3}],"seed_played":"-4496284967670672031","potions_obtained":[{"floor":2,"key":"Swift Potion"},{"floor":3,"key":"Fruit Juice"},{"floor":16,"key":"Poison Potion"}],"is_trial":false,"path_per_floor":["M","M","M","?","M","R","E","R","T","R","$","?","R","?","R","B",null,"M","?","?","M","?","E"],"character_chosen":"THE_SILENT","items_purchased":["Shuriken"],"campfire_rested":2,"item_purchase_floors":[11],"current_hp_per_floor":[59,51,51,40,32,32,3,22,22,22,22,15,34,34,34,5,46,44,44,44,44,44,0],"gold":69,"neow_bonus":"THREE_RARE_CARDS","is_prod":false,"is_daily":false,"chose_seed":false,"campfire_upgraded":3,"win_rate":0,"timestamp":1673035925,"path_taken":["M","M","M","?","M","R","E","R","T","R","$","?","R","?","R","BOSS","M","?","?","M","?","E"],"build_version":"2022-12-18","purchased_purges":0,"victory":false,"max_hp_per_floor":[60,60,60,60,60,60,65,65,65,65,65,65,65,59,59,59,59,59,59,59,59,59,59],"relic_stats":{"counters":[9,47],"Shuriken":[11],"Bloody Idol":10,"Ginger":[7],"obtain_stats":[{"WristBlade":17,"Shuriken":11,"Golden Idol":14,"Bloody Idol":20,"Molten Egg 2":9,"Ginger":7,"Ring of the Snake":0},{"WristBlade":6,"Shuriken":5,"Golden Idol":5,"Bloody Idol":7,"Molten Egg 2":5,"Ginger":5,"Ring of the Snake":0},{"WristBlade":37,"Shuriken":29,"Golden Idol":29,"Bloody Idol":42,"Molten Egg 2":29,"Ginger":29,"Ring of the Snake":0}],"Ring of the Snake":[18]},"card_choices":[{"not_picked":["A Thousand Cuts","Doppelganger"],"picked":"Die Die Die","floor":0},{"not_picked":["Poisoned Stab","Flying Knee","Choke"],"picked":"SKIP","floor":1},{"not_picked":["Tactician","Infinite Blades"],"picked":"Slice","floor":2},{"not_picked":["Flying Knee","Deflect"],"picked":"Acrobatics","floor":3},{"not_picked":["Leg Sweep","Finisher"],"picked":"Sucker Punch","floor":5},{"not_picked":["Accuracy","Sucker Punch"],"picked":"Blade Dance","floor":7},{"not_picked":["Doppelganger","Venomology"],"picked":"Malaise","floor":16},{"not_picked":["Masterful Stab+1","Outmaneuver"],"picked":"Underhanded Strike+1","floor":18},{"not_picked":["Deflect","Crippling Poison"],"picked":"Slice+1","floor":21}],"player_experience":1369323,"relics_obtained":[{"floor":7,"key":"Ginger"},{"floor":9,"key":"Molten Egg 2"}],"event_choices":[{"damage_healed":0,"gold_gain":75,"player_choice":"Gather Gold","damage_taken":11,"max_hp_gain":0,"max_hp_loss":0,"event_name":"World of Goop","floor":4,"gold_loss":0},{"cards_removed":["Strike_G"],"damage_healed":0,"gold_gain":0,"player_choice":"Card Removal","damage_taken":7,"max_hp_gain":0,"max_hp_loss":0,"event_name":"Golden Wing","floor":12,"gold_loss":0},{"damage_healed":0,"gold_gain":0,"player_choice":"Lose Max HP","damage_taken":0,"relics_obtained":["Golden Idol"],"max_hp_gain":0,"max_hp_loss":6,"event_name":"Golden Idol","floor":14,"gold_loss":0},{"cards_removed":["Strike_G"],"damage_healed":0,"gold_gain":0,"player_choice":"Gave Gold","damage_taken":0,"max_hp_gain":0,"max_hp_loss":0,"event_name":"Beggar","floor":19,"gold_loss":75},{"damage_healed":0,"gold_gain":0,"player_choice":"Gave Idol","damage_taken":0,"relics_obtained":["Bloody Idol"],"max_hp_gain":0,"max_hp_loss":0,"event_name":"Forgotten Altar","floor":20,"relics_lost":["Golden Idol"],"gold_loss":0},{"damage_healed":0,"gold_gain":0,"player_choice":"Ignored","damage_taken":0,"max_hp_gain":0,"max_hp_loss":0,"event_name":"Cursed Tome","floor":22,"gold_loss":0}],"is_beta":false,"boss_relics":[{"not_picked":["Black Star","Astrolabe"],"picked":"WristBlade"}],"items_purged_floors":[],"is_endless":false,"potions_floor_spawned":[2,3,16],"killed_by":"Slavers","ascension_level":20}