{"gold_per_floor":[119,66,77,95,111,141,141,216,239,274,284,284,313,140,140,140],"floor_reached":16,"playtime":2868,"items_purged":[],"score":340,"play_id":"49e7f09f-24ff-41f1-b246-2b2de9732ae6","local_time":"20230110181211","daily_mods":["SealedDeck","Diverse"],"is_ascension_mode":true,"campfire_choices":[{"data":"Choke","floor":7,"key":"SMITH"},{"data":"Blade Dance","floor":15,"key":"SMITH"}],"neow_cost":"","seed_source_timestamp":0,"circlet_count":0,"master_deck":["AscendersBane","Protect","Dash","Headbutt","Go for the Eyes","Turbo+1","Reinforced Body","Dagger Spray","Blade Dance+1","Backflip","Recycle+1","Choke+1","Study","Blade Dance","Sanctity"],"relics":["Ring of the Snake","Snake Skull","Toy Ornithopter","Blood Vial","Happy Flower","Toolbox"],"potions_floor_usage":[10,13],"damage_taken":[{"damage":0,"enemies":"Cultist","floor":1,"turns":3},{"damage":0,"enemies":"Jaw Worm","floor":3,"turns":2},{"damage":0,"enemies":"Small Slimes","floor":4,"turns":2},{"damage":0,"enemies":"3 Louse","floor":5,"turns":2},{"damage":15,"enemies":"Lagavulin","floor":6,"turns":6},{"damage":0,"enemies":"Gremlin Nob","floor":10,"turns":2},{"damage":0,"enemies":"Red Slaver","floor":11,"turns":1},{"damage":0,"enemies":"3 Sentries","floor":13,"turns":4},{"damage":0,"enemies":"Slime Boss","floor":16,"turns":1}],"seed_played":"-1512585108343312551","potions_obtained":[{"floor":1,"key":"Explosive Potion"},{"floor":10,"key":"GamblersBrew"}],"is_trial":true,"path_per_floor":["M","$","M","M","M","E","R","?","T","E","M","?","E","$","R","B"],"character_chosen":"THE_SILENT","items_purchased":["AttackPotion","Toolbox"],"campfire_rested":0,"item_purchase_floors":[2,14],"current_hp_per_floor":[59,59,59,59,59,44,44,33,33,38,40,20,27,27,27,29],"gold":140,"neow_bonus":"","is_prod":false,"is_daily":false,"chose_seed":false,"campfire_upgraded":2,"win_rate":0,"timestamp":1673392331,"path_taken":["M","?","M","?","M","E","R","?","T","E","M","?","E","$","R","BOSS"],"build_version":"2022-12-18","purchased_purges":0,"victory":false,"max_hp_per_floor":[66,66,66,66,66,66,66,66,66,66,66,66,66,66,66,66],"relic_stats":{"Blood Vial":6,"Happy Flower":[0],"counters":[9,22],"Snake Skull":[0],"obtain_stats":[{"Blood Vial":10,"Happy Flower":13,"Toolbox":14,"Snake Skull":6,"Toy Ornithopter":9,"Ring of the Snake":0},{"Blood Vial":6,"Happy Flower":8,"Toolbox":8,"Snake Skull":5,"Toy Ornithopter":5,"Ring of the Snake":0},{"Blood Vial":17,"Happy Flower":22,"Toolbox":22,"Snake Skull":15,"Toy Ornithopter":15,"Ring of the Snake":0}],"Toy Ornithopter":10,"Ring of the Snake":[16]},"card_choices":[{"not_picked":["ClearTheMind","Sword Boomerang","FlurryOfBlows"],"picked":"SKIP","floor":1},{"not_picked":["Carnage","Conserve Battery"],"picked":"Choke","floor":3},{"not_picked":["Sword Boomerang","ClearTheMind","Infinite Blades"],"picked":"SKIP","floor":4},{"not_picked":["Fasting2","Infernal Blade"],"picked":"Study","floor":5},{"not_picked":["LikeWater","Beam Cell","Finisher"],"picked":"SKIP","floor":6},{"not_picked":["Leap","FlyingSleeves"],"picked":"Blade Dance","floor":10},{"not_picked":["Battle Trance","Whirlwind"],"picked":"Sanctity","floor":11},{"not_picked":["Intimidate","Sweeping Beam","Iron Wave"],"picked":"SKIP","floor":13}],"player_experience":1388481,"relics_obtained":[{"floor":6,"key":"Snake Skull"},{"floor":9,"key":"Toy Ornithopter"},{"floor":10,"key":"Blood Vial"},{"floor":13,"key":"Happy Flower"}],"event_choices":[{"damage_healed":0,"gold_gain":75,"player_choice":"Gather Gold","damage_taken":11,"max_hp_gain":0,"max_hp_loss":0,"event_name":"World of Goop","floor":8,"gold_loss":0},{"damage_healed":0,"gold_gain":0,"player_choice":"Entered Light","damage_taken":20,"max_hp_gain":0,"max_hp_loss":0,"event_name":"Shining Light","floor":12,"gold_loss":0,"cards_upgraded":["Recycle","Turbo"]}],"is_beta":false,"boss_relics":[],"items_purged_floors":[],"is_endless":false,"potions_floor_spawned":[1,6,10,11],"killed_by":"Slime Boss","ascension_level":20}