{"gold_per_floor":[13,33,33,53,53,53,71,71,71,104,124,141,153,163,163,242,242,255,255,255,255],"floor_reached":21,"playtime":935,"items_purged":[],"score":366,"play_id":"206e292a-f2db-4b6b-bf50-f96f06415399","local_time":"20230111210007","is_ascension_mode":true,"campfire_choices":[{"data":"Deadly Poison","floor":6,"key":"SMITH"},{"floor":8,"key":"REST"},{"floor":15,"key":"REST"}],"neow_cost":"NO_GOLD","seed_source_timestamp":2063059252738600,"circlet_count":0,"master_deck":["AscendersBane","Strike_G+1","Strike_G+1","Strike_G+1","Strike_G+1","Defend_G+1","Defend_G+1","Defend_G+1","Defend_G+1","Defend_G+1","Survivor","Neutralize","Metamorphosis","Noxious Fumes+1","Grand Finale","Deadly Poison+1","After Image","Deflect","Expertise","A Thousand Cuts"],"relics":["Ring of the Snake","Mercury Hourglass","Toy Ornithopter","Philosopher\u0027s Stone"],"potions_floor_usage":[10,12,16,18,21],"damage_taken":[{"damage":0,"enemies":"Small Slimes","floor":1,"turns":5},{"damage":7,"enemies":"Jaw Worm","floor":2,"turns":4},{"damage":1,"enemies":"Cultist","floor":4,"turns":4},{"damage":29,"enemies":"Lots of Slimes","floor":7,"turns":4},{"damage":22,"enemies":"3 Sentries","floor":10,"turns":4},{"damage":11,"enemies":"Large Slime","floor":11,"turns":5},{"damage":0,"enemies":"3 Louse","floor":12,"turns":3},{"damage":2,"enemies":"Blue Slaver","floor":13,"turns":4},{"damage":1,"enemies":"Looter","floor":14,"turns":4},{"damage":7,"enemies":"Hexaghost","floor":16,"turns":9},{"damage":23,"enemies":"Chosen","floor":18,"turns":5},{"damage":58,"enemies":"Masked Bandits","floor":21,"turns":3}],"seed_played":"7137051251149587094","potions_obtained":[{"floor":1,"key":"LiquidBronze"},{"floor":7,"key":"DuplicationPotion"},{"floor":11,"key":"GhostInAJar"},{"floor":14,"key":"SteroidPotion"},{"floor":16,"key":"SneckoOil"}],"is_trial":false,"path_per_floor":["M","M","?","M","?","R","M","R","T","E","M","M","M","M","R","B",null,"M","?","?","?"],"character_chosen":"THE_SILENT","items_purchased":[],"campfire_rested":2,"item_purchase_floors":[],"current_hp_per_floor":[59,52,52,51,51,51,22,41,41,19,8,13,11,10,29,27,56,38,38,38,0],"gold":255,"neow_bonus":"RANDOM_COLORLESS_2","is_prod":false,"is_daily":false,"chose_seed":false,"campfire_upgraded":1,"win_rate":0,"timestamp":1673488807,"path_taken":["M","M","?","M","?","R","?","R","T","E","M","M","M","?","R","BOSS","M","?","?","?"],"build_version":"2022-12-18","purchased_purges":0,"victory":false,"max_hp_per_floor":[66,66,66,66,66,66,66,66,66,66,66,66,66,66,66,66,66,66,66,66,66],"relic_stats":{"counters":[12,54],"obtain_stats":[{"Philosopher\u0027s Stone":17,"Toy Ornithopter":10,"Ring of the Snake":0,"Mercury Hourglass":9},{"Philosopher\u0027s Stone":10,"Toy Ornithopter":5,"Ring of the Snake":0,"Mercury Hourglass":4},{"Philosopher\u0027s Stone":46,"Toy Ornithopter":21,"Ring of the Snake":0,"Mercury Hourglass":17}],"Toy Ornithopter":20,"Ring of the Snake":[24],"Mercury Hourglass":[165]},"card_choices":[{"not_picked":["Chrysalis","Mayhem"],"picked":"Metamorphosis","floor":0},{"not_picked":["Riddle With Holes","Slice"],"picked":"Noxious Fumes","floor":1},{"not_picked":["Dagger Spray","Deflect","Dodge and Roll"],"picked":"SKIP","floor":2},{"not_picked":["PiercingWail","Choke"],"picked":"Deadly Poison","floor":4},{"not_picked":["Prepared","Caltrops","Sucker Punch"],"picked":"SKIP","floor":7},{"not_picked":["Terror","Slice","Sucker Punch"],"picked":"SKIP","floor":10},{"not_picked":["Blade Dance","Prepared"],"picked":"After Image","floor":11},{"not_picked":["Caltrops","Slice","Dodge and Roll"],"picked":"SKIP","floor":12},{"not_picked":["Poisoned Stab","Slice"],"picked":"Deflect","floor":13},{"not_picked":["Reflex","Quick Slash"],"picked":"Expertise","floor":14},{"not_picked":["Malaise","Tools of the Trade"],"picked":"A Thousand Cuts","floor":16},{"not_picked":["Bane","Poisoned Stab+1","Slice"],"picked":"SKIP","floor":18}],"player_experience":1393803,"relics_obtained":[{"floor":9,"key":"Mercury Hourglass"},{"floor":10,"key":"Toy Ornithopter"}],"event_choices":[{"damage_healed":0,"gold_gain":0,"cards_transformed":["Strike_G"],"player_choice":"Change","damage_taken":0,"max_hp_gain":0,"max_hp_loss":0,"event_name":"Living Wall","floor":3,"gold_loss":0,"cards_obtained":["Grand Finale"]},{"damage_healed":0,"gold_gain":0,"player_choice":"Forge","damage_taken":0,"max_hp_gain":0,"max_hp_loss":0,"event_name":"Accursed Blacksmith","floor":5,"gold_loss":0,"cards_upgraded":["Noxious Fumes"]},{"damage_healed":0,"gold_gain":0,"player_choice":"Simplicity","damage_taken":0,"max_hp_gain":0,"max_hp_loss":0,"event_name":"Back to Basics","floor":19,"gold_loss":0,"cards_upgraded":["Strike_G","Strike_G","Strike_G","Strike_G","Defend_G","Defend_G","Defend_G","Defend_G","Defend_G"]},{"damage_healed":0,"gold_gain":0,"player_choice":"Ignored","damage_taken":0,"max_hp_gain":0,"max_hp_loss":0,"event_name":"Vampires","floor":20,"gold_loss":0},{"damage_healed":0,"gold_gain":0,"player_choice":"Fought Bandits","damage_taken":0,"max_hp_gain":0,"max_hp_loss":0,"event_name":"Masked Bandits","floor":21,"gold_loss":0}],"is_beta":false,"boss_relics":[{"not_picked":["SacredBark","Busted Crown"],"picked":"Philosopher\u0027s Stone"}],"items_purged_floors":[],"is_endless":false,"potions_floor_spawned":[1,7,11,14,16],"killed_by":"Masked Bandits","ascension_level":20}