{"gold_per_floor":[117,1,14,30,49,49,49,79,104,124,157,167,179,179,179,256,256,269,286,21,35,51,82,94,137,149,177,114,126,84,112,112,183,183,197,197,37,37,49,49,61,92,92,92],"floor_reached":44,"playtime":2320,"items_purged":["Normality","Strike_G"],"score":1170,"play_id":"4f091fb9-1ea2-4d4d-ad55-0e72e7c1a925","local_time":"20230106162136","is_ascension_mode":true,"campfire_choices":[{"data":"Apotheosis","floor":6.0,"key":"SMITH"},{"data":"Prepared","floor":15,"key":"SMITH"},{"floor":29,"key":"RECALL"},{"data":"Well Laid Plans","floor":32,"key":"SMITH"}],"neow_cost":"CURSE","seed_source_timestamp":1612958605293800,"circlet_count":0,"master_deck":["AscendersBane","Strike_G","Defend_G","Defend_G","Defend_G","Defend_G","Defend_G","Survivor","Neutralize","Apotheosis+1","Poisoned Stab","Catalyst","Underhanded Strike+1","Dagger Throw","Prepared+1","Reflex","Crippling Poison","Catalyst","A Thousand Cuts","Well Laid Plans+1","PiercingWail+1","Backflip","Prepared","Ghostly","Ghostly","Ghostly","Bouncing Flask","Grand Finale+1","Tactician","Acrobatics","Backflip"],"special_seed":0,"relics":["Ring of the Snake","Bag of Preparation","Blood Vial","Regal Pillow","Coffee Dripper","Frozen Eye","MawBank","StrikeDummy","Torii","Fusion Hammer","Whetstone","Toxic Egg 2"],"potions_floor_usage":[19,23,23,31,31,44],"damage_taken":[{"damage":3.0,"enemies":"Cultist","floor":1.0,"turns":5.0},{"damage":3.0,"enemies":"Jaw Worm","floor":3.0,"turns":4.0},{"damage":0.0,"enemies":"2 Louse","floor":4.0,"turns":2.0},{"damage":0.0,"enemies":"Exordium Wildlife","floor":5.0,"turns":4.0},{"damage":4.0,"enemies":"Lagavulin","floor":8.0,"turns":5.0},{"damage":6.0,"enemies":"Exordium Thugs","floor":10.0,"turns":4.0},{"damage":6,"enemies":"3 Sentries","floor":11,"turns":6},{"damage":0,"enemies":"Blue Slaver","floor":12,"turns":3},{"damage":10,"enemies":"3 Louse","floor":13,"turns":4},{"damage":0,"enemies":"The Guardian","floor":16,"turns":6},{"damage":2,"enemies":"Spheric Guardian","floor":18,"turns":5},{"damage":0,"enemies":"3 Byrds","floor":19,"turns":4},{"damage":7,"enemies":"Snake Plant","floor":21,"turns":4},{"damage":10,"enemies":"Centurion and Healer","floor":22,"turns":6},{"damage":37,"enemies":"Slavers","floor":23,"turns":9},{"damage":5,"enemies":"Book of Stabbing","floor":25,"turns":5},{"damage":3,"enemies":"Shelled Parasite and Fungi","floor":27,"turns":5},{"damage":2,"enemies":"Gremlin Leader","floor":31,"turns":6},{"damage":1,"enemies":"Champ","floor":33,"turns":6},{"damage":4,"enemies":"3 Darklings","floor":35,"turns":4},{"damage":0,"enemies":"Orb Walker","floor":39,"turns":4},{"damage":2,"enemies":"Jaw Worm Horde","floor":41,"turns":5},{"damage":3,"enemies":"Nemesis","floor":42,"turns":3},{"damage":33,"enemies":"Reptomancer","floor":44,"turns":2}],"seed_played":"-3817422100002072366","potions_obtained":[{"floor":8.0,"key":"SpeedPotion"},{"floor":10.0,"key":"EssenceOfSteel"},{"floor":12,"key":"Fire Potion"},{"floor":19,"key":"EssenceOfSteel"},{"floor":23,"key":"CunningPotion"},{"floor":39,"key":"LiquidBronze"}],"is_trial":false,"path_per_floor":["M","$","M","M","M","R","?","E","T","M","E","M","M","?","R","B",null,"M","M","$","M","M","E","?","E","T","M","?","R","$","E","R","B",null,"M","?","$","?","M","R","M","E","T","E"],"character_chosen":"THE_SILENT","items_purchased":["Catalyst","Frozen Eye","PowerPotion","Tactician","Regen Potion"],"campfire_rested":0,"item_purchase_floors":[2,20,30,37,37],"current_hp_per_floor":[56,56,53,53,53,53,53,49,49,45,41,43,35,35,35,37,59,59,61,61,56,48,13,13,10,10,9,9,9,9,9,9,10,27,25,25,25,25,27,27,27,26,26,0],"gold":92,"neow_bonus":"RANDOM_COLORLESS_2","is_prod":false,"is_daily":false,"chose_seed":false,"campfire_upgraded":3,"win_rate":0,"timestamp":1673040096,"path_taken":["M","$","M","M","M","R","?","E","T","M","E","M","M","?","R","BOSS","M","M","$","M","M","E","?","E","T","M","?","R","?","E","R","BOSS","M","?","$","?","M","R","M","E","T","E"],"build_version":"2022-12-18","purchased_purges":2,"victory":false,"max_hp_per_floor":[66,66,66,66,66,66,66,66,66,66,66,66,66,66,66,66,66,66,66,66,66,66,66,33,33,33,33,33,33,33,33,33,33,33,33,33,33,33,33,33,33,33,33,33],"relic_stats":{"Blood Vial":38,"Frozen Eye":25.973442,"Regal Pillow":0,"Torii":1,"counters":[24,111],"Bag of Preparation":[38],"Whetstone":["Grand Finale","Underhanded Strike"],"MawBank":84,"obtain_stats":[{"Blood Vial":9,"Frozen Eye":20,"Regal Pillow":11,"Torii":31,"Fusion Hammer":34,"Bag of Preparation":8,"Coffee Dripper":17,"Whetstone":42,"Toxic Egg 2":43,"MawBank":23,"StrikeDummy":25,"Ring of the Snake":0},{"Blood Vial":5,"Frozen Eye":12,"Regal Pillow":7,"Torii":18,"Fusion Hammer":19,"Bag of Preparation":5,"Coffee Dripper":10,"Whetstone":23,"Toxic Egg 2":23,"MawBank":15,"StrikeDummy":16,"Ring of the Snake":0},{"Blood Vial":20,"Frozen Eye":52,"Regal Pillow":30,"Torii":87,"Fusion Hammer":93,"Bag of Preparation":20,"Coffee Dripper":43,"Whetstone":109,"Toxic Egg 2":109,"MawBank":71,"StrikeDummy":76,"Ring of the Snake":0}],"Ring of the Snake":[48]},"card_choices":[{"not_picked":["Transmutation","Metamorphosis"],"picked":"Apotheosis","floor":0.0},{"not_picked":["Backflip","Deflect"],"picked":"Poisoned Stab","floor":1.0},{"not_picked":["Slice","Dagger Spray"],"picked":"Underhanded Strike","floor":3.0},{"not_picked":["Dagger Spray","PiercingWail"],"picked":"Dagger Throw","floor":4.0},{"not_picked":["Finisher","Escape Plan","Flying Knee"],"picked":"SKIP","floor":5.0},{"not_picked":["Finisher","Escape Plan","Flying Knee"],"picked":"SKIP","floor":5.0},{"not_picked":["Slice","Escape Plan","Bane"],"picked":"SKIP","floor":8.0},{"not_picked":["Endless Agony","Skewer"],"picked":"Prepared","floor":10.0},{"not_picked":["Masterful Stab","Deflect"],"picked":"Reflex","floor":11},{"not_picked":["Glass Knife","Deadly Poison"],"picked":"Crippling Poison","floor":12},{"not_picked":["Flying Knee","Slice"],"picked":"Catalyst","floor":13},{"not_picked":["Envenom","Storm of Steel"],"picked":"A Thousand Cuts","floor":16},{"not_picked":["Expertise","Quick Slash"],"picked":"Well Laid Plans","floor":18},{"not_picked":["Catalyst","Heel Hook"],"picked":"PiercingWail+1","floor":19},{"not_picked":["Crippling Poison","Heel Hook"],"picked":"Backflip","floor":21},{"not_picked":["Flying Knee","PiercingWail","Terror"],"picked":"SKIP","floor":22},{"not_picked":["Infinite Blades","Bane"],"picked":"Prepared","floor":23},{"not_picked":["Unload","Endless Agony"],"picked":"Bouncing Flask","floor":25},{"not_picked":["Dagger Throw","Finisher","Slice"],"picked":"SKIP","floor":27},{"not_picked":["Glass Knife","Dash","Bane"],"picked":"SKIP","floor":31},{"not_picked":["Glass Knife","Storm of Steel"],"picked":"Grand Finale","floor":33},{"not_picked":["Cloak And Dagger","Caltrops","Sucker Punch"],"picked":"SKIP","floor":35},{"not_picked":["Dagger Spray+1","Deflect"],"picked":"Acrobatics","floor":39},{"not_picked":["Setup","Blade Dance"],"picked":"Backflip","floor":41},{"not_picked":["Underhanded Strike","Die Die Die","Leg Sweep"],"picked":"SKIP","floor":42}],"player_experience":1371851,"relics_obtained":[{"floor":8.0,"key":"Bag of Preparation"},{"floor":9.0,"key":"Blood Vial"},{"floor":11,"key":"Regal Pillow"},{"floor":23,"key":"MawBank"},{"floor":25,"key":"StrikeDummy"},{"floor":31,"key":"Torii"},{"floor":42,"key":"Whetstone"},{"floor":43,"key":"Toxic Egg 2"}],"event_choices":[{"damage_healed":0.0,"max_hp_gain":0.0,"max_hp_loss":0.0,"gold_gain":0.0,"event_name":"Liars Game","player_choice":"Ignored","floor":7.0,"gold_loss":0.0,"damage_taken":0.0},{"cards_removed":["Strike_G"],"damage_healed":0,"gold_gain":0,"player_choice":"Forget","damage_taken":0,"max_hp_gain":0,"max_hp_loss":0,"event_name":"Living Wall","floor":14,"gold_loss":0},{"damage_healed":0,"gold_gain":0,"player_choice":"Became a Ghost","damage_taken":0,"max_hp_gain":0,"max_hp_loss":33,"event_name":"Ghosts","floor":24,"gold_loss":0,"cards_obtained":["Ghostly","Ghostly","Ghostly"]},{"cards_removed":["Strike_G"],"damage_healed":0,"gold_gain":0,"player_choice":"Gave Gold","damage_taken":0,"max_hp_gain":0,"max_hp_loss":0,"event_name":"Beggar","floor":28,"gold_loss":75},{"damage_healed":0,"gold_gain":0,"player_choice":"Memory 1","damage_taken":0,"max_hp_gain":0,"max_hp_loss":0,"event_name":"SensoryStone","floor":36,"gold_loss":0},{"cards_removed":["Strike_G"],"damage_healed":0,"gold_gain":0,"player_choice":"Removed Attack","damage_taken":0,"max_hp_gain":0,"max_hp_loss":0,"event_name":"Falling","floor":38,"gold_loss":0}],"is_beta":false,"boss_relics":[{"not_picked":["SlaversCollar","Black Star"],"picked":"Coffee Dripper"},{"not_picked":["Runic Dome","Sozu"],"picked":"Fusion Hammer"}],"items_purged_floors":[2,20],"is_endless":false,"potions_floor_spawned":[8,10,11,12,19,21,23,39,41,42],"killed_by":"Reptomancer","ascension_level":20}