{"gold_per_floor":[117,136,156,156,172,172,188,213,213,213,231,6,6],"floor_reached":13,"playtime":459,"items_purged":[],"score":174,"play_id":"53a44659-30bb-4a5a-a6f4-a3ea5f7affef","local_time":"20230107203248","is_ascension_mode":true,"campfire_choices":[{"data":"Dash","floor":6.0,"key":"SMITH"},{"floor":10.0,"key":"REST"}],"neow_cost":"NONE","seed_source_timestamp":1716265571017900,"circlet_count":0,"master_deck":["AscendersBane","Strike_G","Strike_G","Strike_G","Strike_G","Strike_G","Defend_G","Defend_G","Defend_G","Defend_G","Survivor","Neutralize","Dash+1","Acrobatics","All Out Attack","Terror","Acrobatics"],"special_seed":0,"relics":["Ring of the Snake","Potion Belt","Letter Opener","Happy Flower"],"potions_floor_usage":[13,13,13],"damage_taken":[{"damage":0.0,"enemies":"Cultist","floor":1.0,"turns":4.0},{"damage":3.0,"enemies":"Jaw Worm","floor":2.0,"turns":5.0},{"damage":1.0,"enemies":"Small Slimes","floor":3.0,"turns":5.0},{"damage":15.0,"enemies":"Exordium Wildlife","floor":5.0,"turns":8.0},{"damage":8.0,"enemies":"2 Fungi Beasts","floor":7.0,"turns":4.0},{"damage":25.0,"enemies":"Lagavulin","floor":8.0,"turns":9.0},{"damage":10.0,"enemies":"3 Louse","floor":11.0,"turns":3.0},{"damage":19,"enemies":"Gremlin Nob","floor":13,"turns":3}],"seed_played":"1006850244139998886","potions_obtained":[{"floor":2.0,"key":"SpeedPotion"},{"floor":3.0,"key":"Weak Potion"},{"floor":11.0,"key":"ColorlessPotion"}],"is_trial":false,"path_per_floor":["M","M","M","?","M","R","M","E","T","R","M","$","E"],"character_chosen":"THE_SILENT","items_purchased":["Happy Flower","Poison Potion"],"campfire_rested":1,"item_purchase_floors":[12,12],"current_hp_per_floor":[59,56,55,55,40,40,32,7,7,26,16,16,0],"gold":6,"neow_bonus":"REMOVE_CARD","is_prod":false,"is_daily":false,"chose_seed":false,"campfire_upgraded":1,"win_rate":0,"timestamp":1673141568,"path_taken":["M","M","?","?","M","R","M","E","T","R","M","$","E"],"build_version":"2022-12-18","purchased_purges":0,"victory":false,"max_hp_per_floor":[66,66,66,66,66,66,66,66,66,66,66,66,66],"relic_stats":{"Happy Flower":[1],"counters":[8,41],"Letter Opener":[20],"obtain_stats":[{"Potion Belt":8,"Happy Flower":12,"Letter Opener":9,"Ring of the Snake":0},{"Potion Belt":6,"Happy Flower":7,"Letter Opener":6,"Ring of the Snake":0},{"Potion Belt":35,"Happy Flower":38,"Letter Opener":35,"Ring of the Snake":0}],"Ring of the Snake":[16]},"card_choices":[{"not_picked":["Slice","Heel Hook"],"picked":"Dash","floor":1.0},{"not_picked":["Outmaneuver","Catalyst","Dodge and Roll"],"picked":"SKIP","floor":2.0},{"not_picked":["Concentrate","Poisoned Stab"],"picked":"Acrobatics","floor":3.0},{"not_picked":["Blur","Concentrate"],"picked":"All Out Attack","floor":5.0},{"not_picked":["Dagger Spray","Infinite Blades"],"picked":"Terror","floor":7.0},{"not_picked":["Finisher","Flying Knee","Bane"],"picked":"SKIP","floor":8.0},{"not_picked":["Dash","Heel Hook"],"picked":"Acrobatics","floor":11.0}],"player_experience":1381424,"relics_obtained":[{"floor":8.0,"key":"Potion Belt"},{"floor":9.0,"key":"Letter Opener"}],"event_choices":[{"damage_healed":0.0,"max_hp_gain":0.0,"max_hp_loss":0.0,"gold_gain":0.0,"event_name":"Liars Game","player_choice":"Ignored","floor":4.0,"gold_loss":0.0,"damage_taken":0.0}],"is_beta":false,"boss_relics":[],"items_purged_floors":[],"is_endless":false,"potions_floor_spawned":[2,3,5,11],"killed_by":"Gremlin Nob","ascension_level":20}