{"gold_per_floor":[113,125,144,144,25,25,55,55,55,70,87,118,132,158,158,237,237,248,248,248,31,49,49,78,88,133,133,58,69,80,99,99,177,177,190,202,219,219,237,268,280,280,280,280,291,306,57,87,87,87,87],"floor_reached":51,"playtime":3934,"items_purged":[],"score":1631,"play_id":"aabed1b0-f083-415c-a931-06780084c19a","local_time":"20230217211116","is_ascension_mode":true,"campfire_choices":[{"data":"Blade Dance","floor":6,"key":"SMITH"},{"floor":8,"key":"REST"},{"data":"Accuracy","floor":15,"key":"SMITH"},{"data":"Acrobatics","floor":23,"key":"SMITH"},{"data":"Prepared","floor":32,"key":"SMITH"},{"data":"Acrobatics","floor":42,"key":"SMITH"},{"floor":49,"key":"RECALL"}],"neow_cost":"PERCENT_DAMAGE","seed_source_timestamp":237049502637300,"circlet_count":0,"master_deck":["AscendersBane","Strike_G+1","Defend_G+1","Defend_G+1","Defend_G+1","Defend_G+1","Survivor","Neutralize","Sadistic Nature","Dagger Throw","Accuracy+1","Blade Dance+1","Bouncing Flask","After Image","Backflip","PiercingWail","Crippling Poison","Blade Dance","Phantasmal Killer","Blade Dance","Acrobatics+1","After Image","Night Terror","Footwork","Tactician","Prepared+1","Adrenaline","Acrobatics+1","Trip","Thinking Ahead","Parasite","Tactician","Acrobatics+1","Backflip","Malaise","Footwork"],"relics":["Ring of the Snake","Orichalcum","Mummified Hand","Lizard Tail","Anchor","Philosopher\u0027s Stone","Nloth\u0027s Gift","DollysMirror","Happy Flower","Bag of Preparation","Empty Cage","Blue Candle","OrangePellets"],"potions_floor_usage":[7,12,14,14,16,25,33,33,33,45,48],"damage_taken":[{"damage":1,"enemies":"Cultist","floor":1,"turns":4},{"damage":0,"enemies":"2 Louse","floor":2,"turns":5},{"damage":7,"enemies":"Small Slimes","floor":3,"turns":4},{"damage":13,"enemies":"Gremlin Nob","floor":7,"turns":4},{"damage":6,"enemies":"Blue Slaver","floor":10,"turns":4},{"damage":1,"enemies":"Lots of Slimes","floor":11,"turns":4},{"damage":5,"enemies":"3 Sentries","floor":12,"turns":4},{"damage":6,"enemies":"3 Louse","floor":13,"turns":3},{"damage":5,"enemies":"Gremlin Nob","floor":14,"turns":3},{"damage":1,"enemies":"Hexaghost","floor":16,"turns":7},{"damage":0,"enemies":"Shell Parasite","floor":18,"turns":4},{"damage":0,"enemies":"Chosen","floor":22,"turns":3},{"damage":5,"enemies":"Gremlin Leader","floor":24,"turns":4},{"damage":5,"enemies":"Sentry and Sphere","floor":25,"turns":4},{"damage":0,"enemies":"Cultist and Chosen","floor":29,"turns":3},{"damage":3,"enemies":"Chosen and Byrds","floor":30,"turns":7},{"damage":7,"enemies":"Snecko","floor":31,"turns":6},{"damage":15,"enemies":"Automaton","floor":33,"turns":6},{"damage":0,"enemies":"3 Darklings","floor":35,"turns":2},{"damage":0,"enemies":"Orb Walker","floor":36,"turns":2},{"damage":0,"enemies":"Transient","floor":37,"turns":6},{"damage":0,"enemies":"Writhing Mass","floor":39,"turns":8},{"damage":0,"enemies":"Giant Head","floor":40,"turns":4},{"damage":0,"enemies":"Maw","floor":41,"turns":5},{"damage":0,"enemies":"Jaw Worm Horde","floor":45,"turns":3},{"damage":0,"enemies":"Spire Growth","floor":46,"turns":3},{"damage":11,"enemies":"Reptomancer","floor":48,"turns":5},{"damage":0,"enemies":"Donu and Deca","floor":50,"turns":7},{"damage":84,"enemies":"Time Eater","floor":51,"turns":15}],"seed_played":"-7034670757038427888","potions_obtained":[{"floor":1,"key":"Ancient Potion"},{"floor":7,"key":"Fire Potion"},{"floor":11,"key":"DuplicationPotion"},{"floor":12,"key":"CunningPotion"},{"floor":14,"key":"Regen Potion"},{"floor":22,"key":"EntropicBrew"},{"floor":25,"key":"CultistPotion"},{"floor":33,"key":"LiquidMemories"},{"floor":40,"key":"GamblersBrew"},{"floor":46,"key":"Dexterity Potion"}],"is_trial":false,"path_per_floor":["M","M","M","?","?","R","E","R","T","M","M","E","M","E","R","B",null,"M","?","?","$","M","R","E","M","T","?","?","M","M","M","R","B",null,"M","M","M","?","M","E","M","R","T","?","M","M","$","E","R","B","B"],"character_chosen":"THE_SILENT","basemod:card_modifiers":[null,null,null,null,null,null,null,null,null,null,null,null,null,null,null,null,null,null,null,null,null,null,null,null,null,null,null,null,null,null,null,null,null,null,null,null],"items_purchased":["DollysMirror","ColorlessPotion","OrangePellets","Footwork"],"campfire_rested":1,"item_purchase_floors":[21,21,47,47],"current_hp_per_floor":[43,43,36,29,29,29,16,35,35,29,28,23,17,12,12,26,56,56,56,56,56,56,56,51,46,46,46,46,46,43,36,36,21,55,55,55,55,45,45,45,45,45,45,45,45,45,45,34,34,34,0],"gold":87,"neow_bonus":"RANDOM_COLORLESS_2","is_prod":false,"is_daily":false,"chose_seed":false,"campfire_upgraded":5,"win_rate":0,"timestamp":1676686276,"path_taken":["M","M","?","?","?","R","E","R","T","M","?","E","M","E","R","BOSS","M","?","?","$","?","R","E","M","T","?","?","M","M","M","R","BOSS","M","M","M","?","M","E","M","R","T","?","M","M","$","E","R","BOSS","BOSS"],"build_version":"2022-12-18","purchased_purges":0,"victory":false,"max_hp_per_floor":[66,66,66,66,66,66,66,66,66,66,66,66,66,66,66,66,66,66,66,66,66,66,66,66,66,66,66,66,66,66,66,66,66,66,66,66,66,66,66,66,66,66,66,66,66,66,66,66,66,66,66],"relic_stats":{"OrangePellets":[7],"Lizard Tail":33,"Happy Flower":[28],"counters":[29,139],"Mummified Hand":[143],"Blue Candle":[0],"Nloth\u0027s Gift":2,"Bag of Preparation":[30],"Orichalcum":[24],"obtain_stats":[{"Happy Flower":24,"Blue Candle":40,"Bag of Preparation":26,"Orichalcum":5,"Empty Cage":34,"OrangePellets":47,"Dream Catcher":7,"Lizard Tail":12,"Anchor":14,"Mummified Hand":9,"DollysMirror":21,"Philosopher\u0027s Stone":17,"Nloth\u0027s Gift":20,"Ring of the Snake":0},{"Happy Flower":13,"Blue Candle":23,"Bag of Preparation":14,"Orichalcum":3,"Empty Cage":18,"OrangePellets":26,"Dream Catcher":4,"Lizard Tail":7,"Anchor":9,"Mummified Hand":4,"DollysMirror":11,"Philosopher\u0027s Stone":10,"Nloth\u0027s Gift":11,"Ring of the Snake":0},{"Happy Flower":53,"Blue Candle":101,"Bag of Preparation":57,"Orichalcum":13,"Empty Cage":79,"OrangePellets":112,"Dream Catcher":17,"Lizard Tail":29,"Anchor":35,"Mummified Hand":17,"DollysMirror":46,"Philosopher\u0027s Stone":42,"Nloth\u0027s Gift":46,"Ring of the Snake":0}],"Ring of the Snake":[58]},"card_choices":[{"not_picked":["Mayhem","The Bomb"],"picked":"Sadistic Nature","floor":0},{"not_picked":["Cloak And Dagger","PiercingWail"],"picked":"Dagger Throw","floor":1},{"not_picked":["Outmaneuver","Leg Sweep"],"picked":"Accuracy","floor":2},{"not_picked":["Escape Plan","Noxious Fumes"],"picked":"Blade Dance","floor":3},{"not_picked":["Dash","Expertise"],"picked":"Bouncing Flask","floor":7},{"not_picked":["Outmaneuver","Crippling Poison"],"picked":"After Image","floor":8},{"not_picked":["Dagger Spray","Dagger Throw"],"picked":"Backflip","floor":10},{"not_picked":["Quick Slash","Flechettes"],"picked":"PiercingWail","floor":11},{"not_picked":["Dodge and Roll","PiercingWail"],"picked":"Crippling Poison","floor":12},{"not_picked":["Dodge and Roll","Deadly Poison","PiercingWail"],"picked":"SKIP","floor":13},{"not_picked":["Caltrops","Corpse Explosion"],"picked":"Blade Dance","floor":14},{"not_picked":["Envenom","Wraith Form v2"],"picked":"Phantasmal Killer","floor":16},{"not_picked":["Dagger Spray","Deflect"],"picked":"Blade Dance","floor":18},{"not_picked":["Flying Knee","Dodge and Roll","Dagger Throw"],"picked":"SKIP","floor":22},{"not_picked":["Flying Knee","Dodge and Roll","Dagger Throw"],"picked":"SKIP","floor":22},{"not_picked":["Dodge and Roll","Poisoned Stab+1"],"picked":"Night Terror","floor":24},{"not_picked":["Blade Dance","Slice","Underhanded Strike"],"picked":"SKIP","floor":25},{"not_picked":["Backflip","Sucker Punch"],"picked":"Footwork","floor":29},{"not_picked":["Dash","Dagger Spray"],"picked":"Tactician","floor":30},{"not_picked":["Infinite Blades","Masterful Stab"],"picked":"Prepared","floor":31},{"not_picked":["Storm of Steel","Bullet Time"],"picked":"Adrenaline","floor":33},{"not_picked":["Poisoned Stab+1","Riddle With Holes","Slice"],"picked":"SKIP","floor":35},{"not_picked":["Distraction","Dagger Spray"],"picked":"Acrobatics+1","floor":36},{"not_picked":["Riddle With Holes","Infinite Blades+1","Deflect"],"picked":"SKIP","floor":37},{"not_picked":["Finesse","Jack Of All Trades"],"picked":"Trip","floor":38},{"not_picked":["Transmutation","Jack Of All Trades"],"picked":"Thinking Ahead","floor":38},{"not_picked":["Slice","Flechettes","Sucker Punch"],"picked":"SKIP","floor":39},{"not_picked":["Grand Finale","Wraith Form v2"],"picked":"Tactician","floor":40},{"not_picked":["Grand Finale","Flying Knee"],"picked":"Acrobatics","floor":41},{"not_picked":["Tactician","Dash"],"picked":"Backflip","floor":45},{"not_picked":["Sucker Punch","Dodge and Roll"],"picked":"Malaise","floor":46}],"player_experience":1435644,"relics_obtained":[{"floor":7,"key":"Dream Catcher"},{"floor":9,"key":"Mummified Hand"},{"floor":12,"key":"Lizard Tail"},{"floor":14,"key":"Anchor"},{"floor":24,"key":"Happy Flower"},{"floor":26,"key":"Bag of Preparation"},{"floor":40,"key":"Blue Candle"}],"event_choices":[{"cards_removed":["Defend_G"],"damage_healed":0,"gold_gain":0,"player_choice":"Card Removal","damage_taken":7,"max_hp_gain":0,"max_hp_loss":0,"event_name":"Golden Wing","floor":4,"gold_loss":0},{"damage_healed":0,"gold_gain":0,"player_choice":"Paid Gold","damage_taken":0,"relics_obtained":["Orichalcum"],"max_hp_gain":0,"max_hp_loss":0,"event_name":"WeMeetAgain","floor":5,"gold_loss":119},{"damage_healed":0,"gold_gain":0,"player_choice":"Read","damage_taken":0,"max_hp_gain":0,"max_hp_loss":0,"event_name":"The Library","floor":19,"gold_loss":0,"cards_obtained":["Acrobatics"]},{"damage_healed":0,"gold_gain":0,"player_choice":"Traded Relic","damage_taken":0,"relics_obtained":["Nloth\u0027s Gift"],"max_hp_gain":0,"max_hp_loss":0,"event_name":"N\u0027loth","floor":20,"relics_lost":["Dream Catcher"],"gold_loss":0},{"damage_healed":0,"gold_gain":0,"player_choice":"Simplicity","damage_taken":0,"max_hp_gain":0,"max_hp_loss":0,"event_name":"Back to Basics","floor":27,"gold_loss":0,"cards_upgraded":["Strike_G","Strike_G","Strike_G","Strike_G","Strike_G","Defend_G","Defend_G","Defend_G","Defend_G"]},{"cards_removed":["Strike_G"],"damage_healed":0,"gold_gain":0,"player_choice":"Gave Gold","damage_taken":0,"max_hp_gain":0,"max_hp_loss":0,"event_name":"Beggar","floor":28,"gold_loss":75},{"damage_healed":0,"gold_gain":0,"player_choice":"Memory 3","damage_taken":10,"max_hp_gain":0,"max_hp_loss":0,"event_name":"SensoryStone","floor":38,"gold_loss":0},{"cards_removed":["Strike_G"],"damage_healed":0,"gold_gain":0,"player_choice":"Removed Attack","damage_taken":0,"max_hp_gain":0,"max_hp_loss":0,"event_name":"Falling","floor":44,"gold_loss":0}],"is_beta":false,"boss_relics":[{"not_picked":["Cursed Key","Astrolabe"],"picked":"Philosopher\u0027s Stone"},{"not_picked":["Runic Dome","Sozu"],"picked":"Empty Cage"}],"items_purged_floors":[],"is_endless":false,"potions_floor_spawned":[1,7,11,12,14,22,24,25,33,37,40,46],"killed_by":"Time Eater","ascension_level":20}