{"gold_per_floor":[15,15,29,29,46,46,80,80,80,80,98,126,144,144,144,222,222,237,237,251,11,11,38,48,59,59,59,59,141,141,154,154,154],"floor_reached":33,"playtime":1448,"items_purged":["Strike_G"],"score":600,"play_id":"7f960246-9ff2-4b80-bc20-3ca180e17a13","local_time":"20230212235027","is_ascension_mode":true,"campfire_choices":[{"data":"Skewer","floor":6,"key":"SMITH"},{"data":"Dagger Spray","floor":8,"key":"SMITH"},{"floor":10,"key":"REST"},{"data":"Bouncing Flask","floor":15,"key":"SMITH"},{"floor":30,"key":"REST"},{"data":"Adrenaline","floor":32,"key":"SMITH"}],"neow_cost":"NO_GOLD","seed_source_timestamp":2155857782968400,"circlet_count":0,"master_deck":["AscendersBane","Strike_G+1","Strike_G+1","Defend_G+1","Defend_G+1","Defend_G+1","Defend_G+1","Survivor","Neutralize","Adrenaline","Dagger Spray+1","Crippling Poison","Skewer+1","Slice","Noxious Fumes","Bouncing Flask+1","Night Terror","Blur","Deflect","Escape Plan+1","Adrenaline+1","Blade Dance","Escape Plan","Acrobatics","Backflip"],"relics":["Ring of the Snake","Happy Flower","Shuriken","Bronze Scales","HoveringKite","ClockworkSouvenir","Mummified Hand","Frozen Egg 2","Bottled Lightning"],"potions_floor_usage":[12,33,33],"damage_taken":[{"damage":0,"enemies":"Small Slimes","floor":1,"turns":4},{"damage":0,"enemies":"Cultist","floor":3,"turns":3},{"damage":8,"enemies":"2 Louse","floor":5,"turns":3},{"damage":22,"enemies":"3 Sentries","floor":7,"turns":8},{"damage":1,"enemies":"Blue Slaver","floor":11,"turns":2},{"damage":29,"enemies":"Gremlin Nob","floor":12,"turns":4},{"damage":0,"enemies":"Exordium Thugs","floor":13,"turns":3},{"damage":5,"enemies":"Hexaghost","floor":16,"turns":7},{"damage":22,"enemies":"Shell Parasite","floor":18,"turns":5},{"damage":0,"enemies":"Spheric Guardian","floor":20,"turns":3},{"damage":0,"enemies":"Gremlin Leader","floor":23,"turns":5},{"damage":6,"enemies":"Snecko","floor":24,"turns":5},{"damage":50,"enemies":"Shelled Parasite and Fungi","floor":25,"turns":5},{"damage":9,"enemies":"3 Cultists","floor":31,"turns":4},{"damage":42,"enemies":"Collector","floor":33,"turns":6}],"seed_played":"-3185627557391099672","potions_obtained":[{"floor":3,"key":"Swift Potion"},{"floor":5,"key":"GhostInAJar"},{"floor":12,"key":"FairyPotion"},{"floor":25,"key":"PowerPotion"}],"is_trial":false,"path_per_floor":["M","?","M","$","M","R","E","R","T","R","M","E","M","?","R","B",null,"M","?","M","$","?","E","M","M","T","?","?","T","R","M","R","B"],"character_chosen":"THE_SILENT","items_purchased":["ClockworkSouvenir"],"campfire_rested":2,"item_purchase_floors":[21],"current_hp_per_floor":[59,59,59,59,51,51,29,29,29,48,47,18,18,18,18,13,53,31,31,31,31,31,31,25,17,17,17,17,17,36,27,27,0],"gold":154,"neow_bonus":"THREE_RARE_CARDS","is_prod":false,"is_daily":false,"chose_seed":false,"campfire_upgraded":4,"win_rate":0,"timestamp":1676263827,"path_taken":["M","?","M","?","M","R","E","R","T","R","M","E","M","?","R","BOSS","M","?","M","$","?","E","?","M","T","?","?","?","R","M","R","BOSS"],"build_version":"2022-12-18","purchased_purges":1,"victory":false,"max_hp_per_floor":[66,66,66,66,66,66,66,66,66,66,66,66,66,66,66,66,66,66,66,66,66,66,66,66,66,66,66,66,66,66,66,66,66],"relic_stats":{"Happy Flower":[16],"counters":[15,67],"Shuriken":[17],"Mummified Hand":[4],"Bronze Scales":[125],"HoveringKite":[9],"Bottled Lightning":"Adrenaline","obtain_stats":[{"Happy Flower":7,"Shuriken":9,"Mummified Hand":23,"Bronze Scales":12,"HoveringKite":17,"Bottled Lightning":29,"Frozen Egg 2":26,"Ring of the Snake":0,"ClockworkSouvenir":21},{"Happy Flower":4,"Shuriken":4,"Mummified Hand":11,"Bronze Scales":6,"HoveringKite":8,"Bottled Lightning":13,"Frozen Egg 2":13,"Ring of the Snake":0,"ClockworkSouvenir":10},{"Happy Flower":18,"Shuriken":18,"Mummified Hand":47,"Bronze Scales":24,"HoveringKite":34,"Bottled Lightning":57,"Frozen Egg 2":57,"Ring of the Snake":0,"ClockworkSouvenir":42}],"Ring of the Snake":[30]},"card_choices":[{"not_picked":["Corpse Explosion","Malaise"],"picked":"Adrenaline","floor":0},{"not_picked":["Endless Agony","Slice"],"picked":"Dagger Spray","floor":1},{"not_picked":["Sucker Punch","Reflex"],"picked":"Crippling Poison","floor":3},{"not_picked":["Bane","Underhanded Strike"],"picked":"Skewer","floor":5},{"not_picked":["Dodge and Roll","Deflect"],"picked":"Slice","floor":7},{"not_picked":["Masterful Stab","Leg Sweep"],"picked":"Noxious Fumes","floor":11},{"not_picked":["Quick Slash","Accuracy"],"picked":"Bouncing Flask","floor":12},{"not_picked":["Prepared","Concentrate","Flechettes"],"picked":"SKIP","floor":13},{"not_picked":["Doppelganger","Unload"],"picked":"Night Terror","floor":16},{"not_picked":["Dagger Spray","Expertise","Slice"],"picked":"SKIP","floor":18},{"not_picked":["Crippling Poison","Flechettes"],"picked":"Escape Plan+1","floor":20},{"not_picked":["Dodge and Roll","Infinite Blades"],"picked":"Blade Dance","floor":23},{"not_picked":["Poisoned Stab","Cloak And Dagger","Sucker Punch"],"picked":"SKIP","floor":24},{"not_picked":["Terror","Endless Agony"],"picked":"Escape Plan","floor":25},{"not_picked":["Dodge and Roll","Deflect"],"picked":"Backflip","floor":31}],"player_experience":1417001,"relics_obtained":[{"floor":7,"key":"Happy Flower"},{"floor":9,"key":"Shuriken"},{"floor":12,"key":"Bronze Scales"},{"floor":23,"key":"Mummified Hand"},{"floor":26,"key":"Frozen Egg 2"},{"floor":29,"key":"Bottled Lightning"}],"event_choices":[{"cards_removed":["Defend_G"],"damage_healed":0,"gold_gain":0,"player_choice":"Offered Basic","damage_taken":0,"max_hp_gain":0,"max_hp_loss":0,"event_name":"Bonfire Elementals","floor":2,"gold_loss":0},{"damage_healed":0,"gold_gain":0,"player_choice":"Ignored","damage_taken":0,"max_hp_gain":0,"max_hp_loss":0,"event_name":"Liars Game","floor":14,"gold_loss":0},{"damage_healed":0,"gold_gain":0,"cards_transformed":["Strike_G","Strike_G"],"player_choice":"Became Test Subject","damage_taken":0,"max_hp_gain":0,"max_hp_loss":0,"event_name":"Drug Dealer","floor":19,"gold_loss":0,"cards_obtained":["Blur","Deflect"]},{"damage_healed":0,"gold_gain":0,"player_choice":"Copied","damage_taken":0,"max_hp_gain":0,"max_hp_loss":0,"event_name":"Duplicator","floor":22,"gold_loss":0,"cards_obtained":["Adrenaline"]},{"damage_healed":0,"gold_gain":0,"player_choice":"Read","damage_taken":0,"max_hp_gain":0,"max_hp_loss":0,"event_name":"The Library","floor":27,"gold_loss":0,"cards_obtained":["Acrobatics"]},{"damage_healed":0,"gold_gain":0,"player_choice":"Simplicity","damage_taken":0,"max_hp_gain":0,"max_hp_loss":0,"event_name":"Back to Basics","floor":28,"gold_loss":0,"cards_upgraded":["Strike_G","Strike_G","Defend_G","Defend_G","Defend_G","Defend_G"]}],"is_beta":false,"boss_relics":[{"not_picked":["Empty Cage","Velvet Choker"],"picked":"HoveringKite"}],"items_purged_floors":[21],"is_endless":false,"potions_floor_spawned":[3,5,12,13,25,31],"killed_by":"Collector","ascension_level":20}