{"gold_per_floor":[216,230,13,23,81,81,109,109,109,134,134,166,166,178,178,257,257,277,293,305,56,73,73,103,122,149,181,181,214,214,225,225,303,303,318,15,15,28,44,44,76,76,76,94,94,94,94,119,119,119,119,119,119,38,69,69],"floor_reached":56,"playtime":4251,"items_purged":["Flying Knee","Deadly Poison"],"score":2366,"play_id":"da00c29c-ff3f-44b8-8da7-0a1d2dafd3ae","local_time":"20230218184106","is_ascension_mode":true,"campfire_choices":[{"data":"Blade Dance","floor":6.0,"key":"SMITH"},{"floor":11.0,"key":"REST"},{"data":"Acrobatics","floor":15.0,"key":"SMITH"},{"data":"Bullet Time","floor":23.0,"key":"SMITH"},{"floor":30.0,"key":"REST"},{"data":"Acrobatics","floor":32.0,"key":"SMITH"},{"data":"Tools of the Trade","floor":40,"key":"SMITH"},{"data":"Phantasmal Killer","floor":42,"key":"SMITH"},{"floor":47,"key":"REST"},{"floor":49,"key":"RECALL"},{"floor":53,"key":"REST"}],"neow_cost":"NONE","seed_source_timestamp":314054110932700,"circlet_count":0,"master_deck":["AscendersBane","Survivor","Neutralize","Acrobatics+1","Blade Dance+1","Eviscerate","Underhanded Strike","After Image","Terror","Acrobatics","Eviscerate","Phantasmal Killer+1","Reflex","Glass Knife","Malaise","Burst","Outmaneuver","Bullet Time+1","Dagger Spray","Backstab","Prepared+1","Blur+1","Footwork","Leg Sweep","PiercingWail","Prepared","Acrobatics+1","Tools of the Trade+1","Acrobatics","Corpse Explosion","Flechettes+1","Reflex","Madness","Madness","Tactician"],"special_seed":0,"relics":["Ring of the Snake","Toolbox","Dream Catcher","Mercury Hourglass","Thread and Needle","Happy Flower","Sundial","Pandora\u0027s Box","Bottled Lightning","Vajra","CaptainsWheel","Nilry\u0027s Codex","Molten Egg 2","Busted Crown","CeramicFish","MealTicket","Gambling Chip","Letter Opener"],"potions_floor_usage":[39,50,55,55],"damage_taken":[{"damage":1.0,"enemies":"2 Louse","floor":1.0,"turns":3.0},{"damage":2.0,"enemies":"Jaw Worm","floor":2.0,"turns":5.0},{"damage":0.0,"enemies":"Cultist","floor":4.0,"turns":4.0},{"damage":3.0,"enemies":"3 Louse","floor":5.0,"turns":5.0},{"damage":11.0,"enemies":"Gremlin Nob","floor":7.0,"turns":3.0},{"damage":25.0,"enemies":"3 Sentries","floor":10.0,"turns":7.0},{"damage":0.0,"enemies":"Gremlin Nob","floor":12.0,"turns":3.0},{"damage":0.0,"enemies":"Large Slime","floor":14.0,"turns":4.0},{"damage":3.0,"enemies":"Slime Boss","floor":16.0,"turns":6.0},{"damage":0.0,"enemies":"Chosen","floor":18.0,"turns":2.0},{"damage":0.0,"enemies":"2 Thieves","floor":19.0,"turns":1.0},{"damage":27.0,"enemies":"Shelled Parasite and Fungi","floor":20.0,"turns":3.0},{"damage":0.0,"enemies":"Chosen and Byrds","floor":22.0,"turns":4.0},{"damage":3.0,"enemies":"Book of Stabbing","floor":24.0,"turns":5.0},{"damage":0.0,"enemies":"Snake Plant","floor":25.0,"turns":4.0},{"damage":0.0,"enemies":"Slavers","floor":27.0,"turns":4.0},{"damage":0.0,"enemies":"Book of Stabbing","floor":29.0,"turns":3.0},{"damage":0.0,"enemies":"Snecko","floor":31.0,"turns":3.0},{"damage":0.0,"enemies":"Collector","floor":33.0,"turns":7.0},{"damage":7.0,"enemies":"3 Darklings","floor":35.0,"turns":3.0},{"damage":0.0,"enemies":"3 Shapes","floor":38.0,"turns":2.0},{"damage":2,"enemies":"Transient","floor":39,"turns":6},{"damage":1,"enemies":"Giant Head","floor":41,"turns":6},{"damage":0,"enemies":"Nemesis","floor":48,"turns":5},{"damage":11,"enemies":"Time Eater","floor":50,"turns":11},{"damage":12,"enemies":"Donu and Deca","floor":51,"turns":5},{"damage":24,"enemies":"Shield and Spear","floor":55,"turns":5},{"damage":81,"enemies":"The Heart","floor":56,"turns":6}],"seed_played":"-3740762718917877630","potions_obtained":[{"floor":1.0,"key":"SneckoOil"},{"floor":10.0,"key":"SmokeBomb"},{"floor":14.0,"key":"Weak Potion"},{"floor":20.0,"key":"DuplicationPotion"},{"floor":29.0,"key":"Swift Potion"},{"floor":31.0,"key":"LiquidMemories"},{"floor":41,"key":"GamblersBrew"},{"floor":55,"key":"FearPotion"}],"is_trial":false,"path_per_floor":["M","M","$","M","M","R","E","?","T","E","R","E","T","M","R","B",null,"M","M","M","$","M","R","E","M","T","E","?","E","R","M","R","B",null,"M","$","?","M","M","R","E","R","T","?","T","?","R","E","R","B","B",null,"R","$","E","B"],"character_chosen":"THE_SILENT","basemod:card_modifiers":[null,null,null,null,null,null,null,null,null,null,null,null,null,null,null,null,null,null,null,null,null,null,null,null,null,null,null,null,null,null,null,null,null,null,null],"items_purchased":["Toolbox","Strength Potion","Footwork","Leg Sweep","Flechettes+1","CultistPotion","Tactician","Block Potion"],"campfire_rested":4,"item_purchase_floors":[3,3,21,21,36,36,54,54],"current_hp_per_floor":[58,56,56,56,53,53,42,47,47,22,43,43,43,43,43,40,63,63,63,36,36,36,36,33,33,33,33,12,12,33,33,33,33,62,55,55,55,55,53,53,52,52,52,39,39,29,50,50,50,39,27,60,71,71,47,0],"gold":69,"neow_bonus":"HUNDRED_GOLD","is_prod":false,"is_daily":false,"chose_seed":false,"campfire_upgraded":6,"win_rate":0,"timestamp":1676763666,"path_taken":["M","M","$","M","M","R","E","?","T","E","R","E","?","M","R","BOSS","M","?","M","$","M","R","E","M","T","E","?","E","R","M","R","BOSS","M","$","?","?","M","R","E","R","T","?","?","?","R","E","R","BOSS","BOSS","R","$","E","BOSS"],"build_version":"2022-12-18","purchased_purges":2,"victory":false,"max_hp_per_floor":[66,66,66,66,66,66,66,71,71,71,71,71,71,71,71,71,71,71,71,71,71,71,71,71,71,71,71,71,71,71,71,71,71,71,71,71,71,71,71,71,71,71,71,71,71,71,71,71,71,71,71,71,71,71,71,71],"relic_stats":{"Happy Flower":[31],"counters":[28,124],"Nilry\u0027s Codex":[2,10,8,33],"CeramicFish":27,"Letter Opener":[40],"Mercury Hourglass":[385],"Dream Catcher":4,"Busted Crown":22,"Sundial":[18],"Gambling Chip":[19],"Pandora\u0027s Box":["Deadly Poison","Reflex","Glass Knife","Malaise","Burst","Flying Knee","Outmaneuver","Bullet Time","Dagger Spray","Backstab"],"MealTicket":0,"Bottled Lightning":"Acrobatics","obtain_stats":[{"Happy Flower":12,"Nilry\u0027s Codex":28,"CeramicFish":41,"Vajra":26,"Thread and Needle":10,"Letter Opener":55,"Mercury Hourglass":9,"Dream Catcher":7,"CaptainsWheel":27,"Busted Crown":34,"Sundial":13,"Gambling Chip":48,"Toolbox":3,"Pandora\u0027s Box":17,"Molten Egg 2":29,"MealTicket":45,"Bottled Lightning":24,"Ring of the Snake":0},{"Happy Flower":7,"Nilry\u0027s Codex":16,"CeramicFish":23,"Vajra":15,"Thread and Needle":6,"Letter Opener":27,"Mercury Hourglass":5,"Dream Catcher":5,"CaptainsWheel":16,"Busted Crown":19,"Sundial":7,"Gambling Chip":24,"Toolbox":2,"Pandora\u0027s Box":9,"Molten Egg 2":17,"MealTicket":23,"Bottled Lightning":14,"Ring of the Snake":0},{"Happy Flower":30,"Nilry\u0027s Codex":62,"CeramicFish":92,"Vajra":58,"Thread and Needle":27,"Letter Opener":118,"Mercury Hourglass":20,"Dream Catcher":20,"CaptainsWheel":62,"Busted Crown":75,"Sundial":30,"Gambling Chip":97,"Toolbox":8,"Pandora\u0027s Box":40,"Molten Egg 2":65,"MealTicket":92,"Bottled Lightning":55,"Ring of the Snake":0}],"Ring of the Snake":[56]},"card_choices":[{"not_picked":["Well Laid Plans","Setup"],"picked":"Acrobatics","floor":1.0},{"not_picked":["Eviscerate","Backflip"],"picked":"Blade Dance","floor":2.0},{"not_picked":["Expertise","Poisoned Stab","Cloak And Dagger"],"picked":"SKIP","floor":4.0},{"not_picked":["PiercingWail","Flying Knee"],"picked":"Eviscerate","floor":5.0},{"not_picked":["Acrobatics","Sucker Punch"],"picked":"Underhanded Strike","floor":7.0},{"not_picked":["Setup","Caltrops"],"picked":"After Image","floor":10.0},{"not_picked":["Bouncing Flask","Heel Hook"],"picked":"Terror","floor":11.0},{"not_picked":["Prepared","Slice"],"picked":"Acrobatics","floor":12.0},{"not_picked":["Deadly Poison","All Out Attack"],"picked":"Eviscerate","floor":14.0},{"not_picked":["Storm of Steel","Glass Knife"],"picked":"Phantasmal Killer","floor":16.0},{"not_picked":["Deflect","Bane"],"picked":"Prepared+1","floor":18.0},{"not_picked":["Dodge and Roll","Underhanded Strike","Setup"],"picked":"SKIP","floor":19.0},{"not_picked":["Flying Knee","Outmaneuver"],"picked":"Blur+1","floor":20.0},{"not_picked":["Underhanded Strike","Grand Finale"],"picked":"PiercingWail","floor":22.0},{"not_picked":["Quick Slash","Finisher"],"picked":"Prepared","floor":24.0},{"not_picked":["Dodge and Roll","Expertise"],"picked":"Acrobatics","floor":25.0},{"not_picked":["Dodge and Roll","Cloak And Dagger"],"picked":"Tools of the Trade","floor":27.0},{"not_picked":["Prepared","Accuracy","Deadly Poison"],"picked":"SKIP","floor":29.0},{"not_picked":["Terror","Deflect"],"picked":"Acrobatics","floor":30.0},{"not_picked":["Distraction","Deflect","Dash+1"],"picked":"SKIP","floor":31.0},{"not_picked":["Malaise","Burst"],"picked":"Corpse Explosion","floor":33.0},{"not_picked":["Deadly Poison"],"picked":"SKIP","floor":35.0},{"not_picked":["Slice+1"],"picked":"SKIP","floor":38.0},{"not_picked":["Slice+1"],"picked":"SKIP","floor":39},{"not_picked":["Caltrops"],"picked":"SKIP","floor":41},{"not_picked":["Finisher+1"],"picked":"SKIP","floor":48},{"not_picked":["Infinite Blades"],"picked":"SKIP","floor":55}],"player_experience":1441596,"relics_obtained":[{"floor":7.0,"key":"Dream Catcher"},{"floor":9.0,"key":"Mercury Hourglass"},{"floor":10.0,"key":"Thread and Needle"},{"floor":12.0,"key":"Happy Flower"},{"floor":13.0,"key":"Sundial"},{"floor":24.0,"key":"Bottled Lightning"},{"floor":26.0,"key":"Vajra"},{"floor":27.0,"key":"CaptainsWheel"},{"floor":28.0,"key":"Nilry\u0027s Codex"},{"floor":29.0,"key":"Molten Egg 2"},{"floor":41,"key":"CeramicFish"},{"floor":45,"key":"MealTicket"},{"floor":48,"key":"Gambling Chip"},{"floor":55,"key":"Letter Opener"}],"event_choices":[{"damage_healed":0.0,"max_hp_gain":5.0,"max_hp_loss":0.0,"gold_gain":0.0,"event_name":"Big Fish","player_choice":"Donut","floor":8.0,"gold_loss":0.0,"damage_taken":0.0},{"damage_healed":0.0,"max_hp_gain":0.0,"max_hp_loss":0.0,"gold_gain":0.0,"event_name":"Cursed Tome","player_choice":"Obtained Book","floor":28.0,"gold_loss":0.0,"damage_taken":21.0},{"damage_healed":0.0,"max_hp_gain":0.0,"max_hp_loss":0.0,"gold_gain":0.0,"event_name":"Match and Keep!","player_choice":"1 cards matched","floor":37.0,"gold_loss":0.0,"damage_taken":0.0,"cards_obtained":["Reflex"]},{"damage_healed":0,"gold_gain":0,"player_choice":"Embrace Madness","damage_taken":13,"max_hp_gain":0,"max_hp_loss":0,"event_name":"Winding Halls","floor":44,"gold_loss":0,"cards_obtained":["Madness","Madness"]},{"damage_healed":0,"gold_gain":0,"player_choice":"Memory 3","damage_taken":10,"max_hp_gain":0,"max_hp_loss":0,"event_name":"SensoryStone","floor":46,"gold_loss":0}],"is_beta":false,"boss_relics":[{"not_picked":["Snecko Eye","Ring of the Serpent"],"picked":"Pandora\u0027s Box"},{"not_picked":["Calling Bell","Runic Dome"],"picked":"Busted Crown"}],"items_purged_floors":[21,36],"is_endless":false,"potions_floor_spawned":[1,10,14,20,29,31,41,55],"killed_by":"The Heart","ascension_level":20}