{"gold_per_floor":[117,192,208,208,229,229,154,154,180,223,223,259,278,296,296,389,389,413,426,42,60,60,60],"floor_reached":23,"playtime":1075,"items_purged":[],"score":402,"play_id":"04606c01-56ac-4229-9c2a-c11a0b442671","local_time":"20230218172857","is_ascension_mode":true,"campfire_choices":[{"floor":6,"key":"REST"},{"data":"Acrobatics","floor":8,"key":"SMITH"},{"floor":11,"key":"REST"},{"data":"Deadly Poison","floor":15,"key":"SMITH"}],"neow_cost":"NONE","seed_source_timestamp":312936719402100,"circlet_count":0,"master_deck":["AscendersBane","Strike_G","Strike_G","Strike_G","Strike_G","Strike_G","Defend_G","Defend_G","Defend_G","Defend_G","Survivor","Neutralize","Flying Knee","Acrobatics+1","Heel Hook","Slice","Deadly Poison+1","Sucker Punch","Underhanded Strike","Acrobatics","Die Die Die","Eviscerate","Prepared","Acrobatics","Backflip"],"special_seed":0,"relics":["Ring of the Snake","Dream Catcher","Golden Idol","Vajra","Lantern","MealTicket","SacredBark","Medical Kit","Anchor"],"potions_floor_usage":[10,19,23],"damage_taken":[{"damage":10.0,"enemies":"Jaw Worm","floor":1.0,"turns":7.0},{"damage":1.0,"enemies":"2 Louse","floor":3.0,"turns":3.0},{"damage":0,"enemies":"Small Slimes","floor":5,"turns":3},{"damage":33,"enemies":"Gremlin Nob","floor":10,"turns":4},{"damage":12,"enemies":"Lagavulin","floor":12,"turns":6},{"damage":1,"enemies":"3 Louse","floor":13,"turns":3},{"damage":1,"enemies":"Blue Slaver","floor":14,"turns":3},{"damage":25,"enemies":"Hexaghost","floor":16,"turns":9},{"damage":10,"enemies":"3 Byrds","floor":18,"turns":7},{"damage":22,"enemies":"Shell Parasite","floor":19,"turns":4},{"damage":1,"enemies":"Centurion and Healer","floor":21,"turns":5},{"damage":30,"enemies":"Gremlin Leader","floor":23,"turns":4}],"seed_played":"-3634829682640841569","potions_obtained":[{"floor":3.0,"key":"Ancient Potion"},{"floor":5,"key":"SteroidPotion"},{"floor":12,"key":"Dexterity Potion"},{"floor":14,"key":"Fire Potion"},{"floor":19,"key":"GamblersBrew"}],"is_trial":false,"path_per_floor":["M","?","M","?","M","R","?","R","T","E","R","E","M","M","R","B",null,"M","M","$","M","?","E"],"character_chosen":"THE_SILENT","basemod:card_modifiers":[null,null,null,null,null,null,null,null,null,null,null,null,null,null,null,null,null,null,null,null,null,null,null,null,null],"items_purchased":["Medical Kit","Anchor","Acrobatics"],"campfire_rested":2,"item_purchase_floors":[20,20,20],"current_hp_per_floor":[49,38,37,37,37,55,55,55,55,22,40,28,27,26,26,1,45,35,13,28,27,27,0],"gold":60,"neow_bonus":"RANDOM_COMMON_RELIC","is_prod":false,"is_daily":false,"chose_seed":false,"campfire_upgraded":2,"win_rate":0,"timestamp":1676759337,"path_taken":["M","?","M","?","M","R","?","R","T","E","R","E","M","M","R","BOSS","M","M","$","M","?","E"],"build_version":"2022-12-18","purchased_purges":0,"victory":false,"max_hp_per_floor":[66,66,66,60,60,60,60,60,60,60,60,60,60,60,60,60,60,60,60,60,60,60,60],"relic_stats":{"Dream Catcher":2,"counters":[12,58],"Golden Idol":59,"MealTicket":15,"Medical Kit":[0],"obtain_stats":[{"Dream Catcher":0,"Lantern":10,"Anchor":20,"Golden Idol":4,"SacredBark":17,"Vajra":9,"MealTicket":12,"Medical Kit":20,"Ring of the Snake":0},{"Dream Catcher":0,"Lantern":4,"Anchor":10,"Golden Idol":2,"SacredBark":8,"Vajra":3,"MealTicket":5,"Medical Kit":10,"Ring of the Snake":0},{"Dream Catcher":0,"Lantern":17,"Anchor":49,"Golden Idol":10,"SacredBark":38,"Vajra":13,"MealTicket":23,"Medical Kit":49,"Ring of the Snake":0}],"Ring of the Snake":[24]},"card_choices":[{"not_picked":["Deflect","Reflex"],"picked":"Flying Knee","floor":1.0},{"not_picked":["PiercingWail","Escape Plan"],"picked":"Acrobatics","floor":3.0},{"not_picked":["Backflip","Cloak And Dagger"],"picked":"Heel Hook","floor":5},{"not_picked":["Sucker Punch","Acrobatics"],"picked":"Slice","floor":6},{"not_picked":["Doppelganger","Outmaneuver"],"picked":"Deadly Poison","floor":10},{"not_picked":["PiercingWail","Deflect"],"picked":"Sucker Punch","floor":11},{"not_picked":["PiercingWail","Bane"],"picked":"Underhanded Strike","floor":12},{"not_picked":["Flying Knee","Cloak And Dagger"],"picked":"Acrobatics","floor":13},{"not_picked":["Finisher","Bane","Flying Knee"],"picked":"SKIP","floor":14},{"not_picked":["Glass Knife","Phantasmal Killer"],"picked":"Die Die Die","floor":16},{"not_picked":["Deflect","Bane"],"picked":"Eviscerate","floor":18},{"not_picked":["Caltrops","Blade Dance"],"picked":"Prepared","floor":19},{"not_picked":["Masterful Stab","Sucker Punch"],"picked":"Backflip","floor":21}],"player_experience":1440521,"relics_obtained":[{"floor":9,"key":"Vajra"},{"floor":10,"key":"Lantern"},{"floor":12,"key":"MealTicket"}],"event_choices":[{"damage_healed":0.0,"max_hp_gain":0.0,"max_hp_loss":0.0,"gold_gain":75.0,"event_name":"World of Goop","player_choice":"Gather Gold","floor":2.0,"gold_loss":0.0,"damage_taken":11.0},{"damage_healed":0.0,"max_hp_gain":0.0,"max_hp_loss":6.0,"gold_gain":0.0,"event_name":"Golden Idol","player_choice":"Lose Max HP","floor":4.0,"gold_loss":0.0,"damage_taken":0.0,"relics_obtained":["Golden Idol"]},{"cards_removed":["Defend_G"],"damage_healed":0,"gold_gain":0,"player_choice":"Card Removal","damage_taken":0,"max_hp_gain":0,"max_hp_loss":0,"event_name":"The Cleric","floor":7,"gold_loss":75},{"damage_healed":0,"gold_gain":0,"player_choice":"Ignored","damage_taken":0,"max_hp_gain":0,"max_hp_loss":0,"event_name":"The Mausoleum","floor":22,"gold_loss":0}],"is_beta":false,"boss_relics":[{"not_picked":["Busted Crown","Black Star"],"picked":"SacredBark"}],"items_purged_floors":[],"is_endless":false,"potions_floor_spawned":[3,5,12,14,16,19],"killed_by":"Gremlin Leader","ascension_level":20}