{"gold_per_floor":[116,191,25,25,45,45,62,97,149,169,169,184,194,228,228,300,300,312,329,329,341,103,103,120,170,170,170],"floor_reached":27,"playtime":943,"items_purged":["Strike_G"],"score":450,"play_id":"ad828e14-0861-416b-85df-63eba6549b49","local_time":"20230218110737","is_ascension_mode":true,"campfire_choices":[{"data":"Quick Slash","floor":6.0,"key":"SMITH"},{"data":"Corpse Explosion","floor":11,"key":"SMITH"},{"data":"Calculated Gamble","floor":15,"key":"SMITH"},{"data":"Acrobatics","floor":23,"key":"SMITH"}],"neow_cost":"NONE","seed_source_timestamp":290186345239100,"circlet_count":0,"master_deck":["AscendersBane","Strike_G","Strike_G","Strike_G","Strike_G","Defend_G","Defend_G","Defend_G","Defend_G","Defend_G","Survivor","Neutralize","Quick Slash+1","Poisoned Stab","Deadly Poison","Corpse Explosion+1","Calculated Gamble+1","Dagger Spray","Prepared","Adrenaline","CurseOfTheBell","Underhanded Strike+1","Acrobatics+1","Flechettes+1"],"special_seed":0,"relics":["Ring of the Snake","Toolbox","Tiny Chest","Art of War","Ancient Tea Set","Calling Bell","Strawberry","Darkstone Periapt","Thread and Needle","Ginger"],"potions_floor_usage":[8,14,16,18,27],"damage_taken":[{"damage":0.0,"enemies":"Small Slimes","floor":1.0,"turns":5.0},{"damage":6.0,"enemies":"2 Louse","floor":5.0,"turns":5.0},{"damage":0.0,"enemies":"Cultist","floor":7.0,"turns":4.0},{"damage":5,"enemies":"Lagavulin","floor":8,"turns":7},{"damage":3,"enemies":"Blue Slaver","floor":10,"turns":4},{"damage":0,"enemies":"Looter","floor":12,"turns":4},{"damage":7,"enemies":"Exordium Thugs","floor":13,"turns":4},{"damage":2,"enemies":"Gremlin Nob","floor":14,"turns":3},{"damage":2,"enemies":"The Guardian","floor":16,"turns":9},{"damage":18,"enemies":"3 Byrds","floor":18,"turns":4},{"damage":4,"enemies":"Chosen","floor":19,"turns":5},{"damage":14,"enemies":"Snake Plant","floor":21,"turns":4},{"damage":0,"enemies":"3 Cultists","floor":24,"turns":2},{"damage":27,"enemies":"Book of Stabbing","floor":27,"turns":3}],"seed_played":"1706236656406301788","potions_obtained":[{"floor":0.0,"key":"BlessingOfTheForge"},{"floor":0.0,"key":"Fire Potion"},{"floor":12,"key":"LiquidBronze"},{"floor":13,"key":"SteroidPotion"},{"floor":16,"key":"CunningPotion"}],"is_trial":false,"path_per_floor":["M","?","$","?","M","R","M","E","T","M","R","M","M","E","R","B",null,"M","M","?","M","$","R","M","?","T","E"],"character_chosen":"THE_SILENT","basemod:card_modifiers":[null,null,null,null,null,null,null,null,null,null,null,null,null,null,null,null,null,null,null,null,null,null,null,null],"items_purchased":["Toolbox","Acrobatics","SteroidPotion","AttackPotion"],"campfire_rested":0,"item_purchase_floors":[3,22,22,22],"current_hp_per_floor":[59,48,48,48,42,42,42,37,37,34,34,34,27,25,25,23,62,44,40,40,26,26,26,26,26,26,0],"gold":170,"neow_bonus":"THREE_SMALL_POTIONS","is_prod":false,"is_daily":false,"chose_seed":false,"campfire_upgraded":4,"win_rate":0,"timestamp":1676736457,"path_taken":["M","?","$","?","M","R","M","E","T","?","R","M","M","E","R","BOSS","M","M","?","M","$","R","M","?","T","E"],"build_version":"2022-12-18","purchased_purges":1,"victory":false,"max_hp_per_floor":[66,66,66,66,66,66,66,66,66,66,66,66,66,66,66,66,73,73,73,73,73,73,73,73,73,73,73],"relic_stats":{"Darkstone Periapt":0,"counters":[14,63],"Tiny Chest":0,"Art of War":[7],"Ginger":[0],"Ancient Tea Set":[4],"obtain_stats":[{"Calling Bell":17,"Darkstone Periapt":17,"Strawberry":17,"Toolbox":3,"Tiny Chest":8,"Thread and Needle":17,"Art of War":9,"Ginger":26,"Ancient Tea Set":14,"Ring of the Snake":0},{"Calling Bell":9,"Darkstone Periapt":9,"Strawberry":9,"Toolbox":1,"Tiny Chest":4,"Thread and Needle":9,"Art of War":4,"Ginger":13,"Ancient Tea Set":8,"Ring of the Snake":0},{"Calling Bell":45,"Darkstone Periapt":45,"Strawberry":45,"Toolbox":5,"Tiny Chest":21,"Thread and Needle":45,"Art of War":21,"Ginger":60,"Ancient Tea Set":36,"Ring of the Snake":0}],"Ring of the Snake":[28]},"card_choices":[{"not_picked":["Tools of the Trade","Footwork"],"picked":"Quick Slash","floor":1.0},{"not_picked":["PiercingWail","Leg Sweep"],"picked":"Poisoned Stab","floor":5.0},{"not_picked":["Slice","Finisher"],"picked":"Deadly Poison","floor":7.0},{"not_picked":["Setup","PiercingWail","Bane"],"picked":"SKIP","floor":8},{"not_picked":["Setup","PiercingWail","Bane"],"picked":"SKIP","floor":8},{"not_picked":["Outmaneuver","Deadly Poison"],"picked":"Corpse Explosion","floor":10},{"not_picked":["Quick Slash","Cloak And Dagger"],"picked":"Calculated Gamble","floor":12},{"not_picked":["Deflect","Quick Slash"],"picked":"Dagger Spray","floor":13},{"not_picked":["Blade Dance","Quick Slash"],"picked":"Prepared","floor":14},{"not_picked":["Die Die Die","Storm of Steel"],"picked":"Adrenaline","floor":16},{"not_picked":["Dodge and Roll","Flying Knee","Dagger Spray"],"picked":"SKIP","floor":18},{"not_picked":["Noxious Fumes","Calculated Gamble"],"picked":"Underhanded Strike+1","floor":19},{"not_picked":["Flying Knee","Cloak And Dagger","Blur"],"picked":"SKIP","floor":21},{"not_picked":["Masterful Stab","Skewer"],"picked":"Flechettes+1","floor":24}],"player_experience":1439578,"relics_obtained":[{"floor":8,"key":"Tiny Chest"},{"floor":9,"key":"Art of War"},{"floor":14,"key":"Ancient Tea Set"},{"floor":17,"key":"Strawberry"},{"floor":17,"key":"Darkstone Periapt"},{"floor":17,"key":"Thread and Needle"},{"floor":26,"key":"Ginger"}],"event_choices":[{"damage_healed":0.0,"max_hp_gain":0.0,"max_hp_loss":0.0,"gold_gain":75.0,"event_name":"World of Goop","player_choice":"Gather Gold","floor":2.0,"gold_loss":0.0,"damage_taken":11.0},{"damage_healed":0.0,"max_hp_gain":0.0,"max_hp_loss":0.0,"gold_gain":0.0,"event_name":"WeMeetAgain","player_choice":"Ignored","floor":4.0,"gold_loss":0.0,"damage_taken":0.0},{"damage_healed":0,"gold_gain":0,"player_choice":"Ignored","damage_taken":0,"max_hp_gain":0,"max_hp_loss":0,"event_name":"The Mausoleum","floor":20,"gold_loss":0},{"damage_healed":0,"gold_gain":50,"player_choice":"Pray","damage_taken":0,"max_hp_gain":0,"max_hp_loss":0,"event_name":"Golden Shrine","floor":25,"gold_loss":0}],"is_beta":false,"boss_relics":[{"not_picked":["SlaversCollar","Black Star"],"picked":"Calling Bell"}],"items_purged_floors":[22],"is_endless":false,"potions_floor_spawned":[5,12,13,16,24],"killed_by":"Book of Stabbing","ascension_level":20}