{"gold_per_floor":[11,22,32,43,43,43,60,95,95,95,105,139,155,155,155,244,244,265,286,286,302,302,302,55,81,81,181,194,50,50,69,69,146,146,166,166,177,177,202,238,238,280,358,386,430,66,66,66,66,66,66,66,66,9,51,51],"floor_reached":56,"playtime":3971,"items_purged":["Strike_G+1","Backstab","Defend_G+1"],"score":2030,"play_id":"47677c6b-f418-47b8-90d0-b5aab59253a5","local_time":"20230216215419","is_ascension_mode":true,"campfire_choices":[{"data":"Eviscerate","floor":6.0,"key":"SMITH"},{"floor":10.0,"key":"REST"},{"data":"Neutralize","floor":15.0,"key":"SMITH"},{"data":"Eviscerate","floor":23.0,"key":"SMITH"},{"data":"Backflip","floor":32.0,"key":"SMITH"},{"floor":41.0,"key":"RECALL"},{"floor":47,"key":"DIG"},{"floor":49,"key":"DIG"},{"floor":53,"key":"REST"}],"neow_cost":"NO_GOLD","seed_source_timestamp":153154308368300,"circlet_count":0,"master_deck":["AscendersBane","Defend_G+1","Defend_G+1","Defend_G+1","Defend_G+1","Survivor","Neutralize+1","Unload","Blade Dance","Eviscerate+1","Eviscerate+1","Noxious Fumes+1","Wraith Form v2+1","Backflip+1","Unload+1","Terror+1","Well Laid Plans+1","Backflip+1","Blade Dance","PiercingWail+1","Footwork+1","Tools of the Trade+1","Dodge and Roll+1","Finesse+1","Reflex+1","Tactician","Caltrops+1","Dagger Throw","Backflip","Prepared","Footwork+1","Venomology"],"special_seed":0,"relics":["Ring of the Snake","Frozen Egg 2","Mummified Hand","Ornamental Fan","Bloody Idol","Astrolabe","Snake Skull","Nunchaku","Bottled Lightning","Du-Vu Doll","Pear","Fusion Hammer","Mango","CeramicFish","White Beast Statue","Shovel","War Paint","Blue Candle","Pocketwatch","Letter Opener"],"potions_floor_usage":[51,55,56],"damage_taken":[{"damage":1.0,"enemies":"Cultist","floor":1.0,"turns":4.0},{"damage":0.0,"enemies":"2 Louse","floor":2.0,"turns":3.0},{"damage":0.0,"enemies":"Small Slimes","floor":3.0,"turns":2.0},{"damage":0.0,"enemies":"Blue Slaver","floor":4.0,"turns":4.0},{"damage":0.0,"enemies":"Looter","floor":7.0,"turns":2.0},{"damage":20.0,"enemies":"3 Sentries","floor":8.0,"turns":9.0},{"damage":7.0,"enemies":"Large Slime","floor":11.0,"turns":6.0},{"damage":8.0,"enemies":"Gremlin Nob","floor":12.0,"turns":3.0},{"damage":0.0,"enemies":"Blue Slaver","floor":13.0,"turns":5.0},{"damage":21.0,"enemies":"The Guardian","floor":16.0,"turns":13.0},{"damage":0.0,"enemies":"Spheric Guardian","floor":18.0,"turns":3.0},{"damage":9.0,"enemies":"Shell Parasite","floor":19.0,"turns":4.0},{"damage":6.0,"enemies":"3 Cultists","floor":21.0,"turns":6.0},{"damage":0.0,"enemies":"Slavers","floor":25.0,"turns":5.0},{"damage":5.0,"enemies":"Colosseum Slavers","floor":27.0,"turns":5.0},{"damage":1.0,"enemies":"Colosseum Nobs","floor":27.0,"turns":4.0},{"damage":0.0,"enemies":"Snake Plant","floor":28.0,"turns":2.0},{"damage":0.0,"enemies":"Centurion and Healer","floor":31.0,"turns":4.0},{"damage":9.0,"enemies":"Collector","floor":33.0,"turns":8.0},{"damage":0.0,"enemies":"3 Shapes","floor":35.0,"turns":5.0},{"damage":0.0,"enemies":"Orb Walker","floor":37.0,"turns":4.0},{"damage":0.0,"enemies":"Mind Bloom Boss Battle","floor":39.0,"turns":5.0},{"damage":0.0,"enemies":"Nemesis","floor":40.0,"turns":5.0},{"damage":29.0,"enemies":"Reptomancer","floor":42.0,"turns":5.0},{"damage":24,"enemies":"Jaw Worm Horde","floor":44,"turns":4},{"damage":0,"enemies":"Giant Head","floor":45,"turns":6},{"damage":5,"enemies":"Donu and Deca","floor":50,"turns":12},{"damage":36,"enemies":"Time Eater","floor":51,"turns":14},{"damage":62,"enemies":"Shield and Spear","floor":55,"turns":7},{"damage":82,"enemies":"The Heart","floor":56,"turns":3}],"seed_played":"3480579503347153258","potions_obtained":[{"floor":1.0,"key":"FearPotion"},{"floor":7.0,"key":"FearPotion"},{"floor":12.0,"key":"GhostInAJar"},{"floor":13.0,"key":"FairyPotion"},{"floor":25.0,"key":"Fire Potion"},{"floor":35.0,"key":"GamblersBrew"},{"floor":55,"key":"DuplicationPotion"}],"is_trial":false,"path_per_floor":["M","M","M","M","?","R","M","E","T","R","M","E","M","?","R","B",null,"M","M","?","M","?","R","$","E","T","?","M","$","?","M","R","B",null,"M","?","M","?","?","E","R","E","T","M","E","$","R","?","R","B","B",null,"R","$","E","B"],"character_chosen":"THE_SILENT","basemod:card_modifiers":[null,null,null,null,null,null,null,null,null,null,null,null,null,null,null,null,null,null,null,null,null,null,null,null,null,null,null,null,null,null,null,null],"items_purchased":["Snake Skull","Footwork+1","Footwork+1","War Paint","AttackPotion"],"campfire_rested":2,"item_purchase_floors":[24,29,46,46,54],"current_hp_per_floor":[58,58,58,58,51,51,51,31,31,50,43,35,35,35,35,14,49,49,40,40,34,34,34,34,39,39,48,53,53,53,58,58,54,66,70,60,65,65,80,80,80,61,66,52,62,67,67,67,67,62,26,67,80,80,28,0],"gold":51,"neow_bonus":"THREE_RARE_CARDS","is_prod":false,"is_daily":false,"chose_seed":false,"campfire_upgraded":4,"win_rate":0,"timestamp":1676602459,"path_taken":["M","?","M","M","?","R","M","E","T","R","M","E","M","?","R","BOSS","M","M","?","M","?","R","$","E","T","?","M","$","?","M","R","BOSS","M","?","M","?","?","E","R","E","T","M","E","$","R","?","R","BOSS","BOSS","R","$","E","BOSS"],"build_version":"2022-12-18","purchased_purges":3,"victory":false,"max_hp_per_floor":[66,66,66,66,66,66,66,66,66,66,66,66,66,60,60,60,60,60,60,60,60,60,60,60,60,60,70,70,70,70,70,70,70,70,70,70,70,66,80,80,80,80,80,80,80,80,80,80,80,80,80,80,80,80,80,80],"relic_stats":{"counters":[30,162],"Astrolabe":["Backflip","Unload","Terror"],"CeramicFish":54,"Blue Candle":[0],"Snake Skull":[92],"Letter Opener":[10],"War Paint":["Finesse","Reflex"],"White Beast Statue":[0.0,0.0,0.0,0.4,0.0,0.6000000000000001,0.0,0.0,0.0,0.0,0.0,1.04],"Nunchaku":[24],"Shovel":2,"Mummified Hand":[95],"Ornamental Fan":[240],"Bloody Idol":85,"Bottled Lightning":"Terror","obtain_stats":[{"Pear":27,"Golden Idol":14,"Astrolabe":17,"CeramicFish":40,"Blue Candle":47,"Mango":39,"Snake Skull":24,"Letter Opener":55,"Frozen Egg 2":8,"War Paint":46,"White Beast Statue":42,"Du-Vu Doll":27,"Nunchaku":25,"Shovel":45,"Mummified Hand":9,"Ornamental Fan":12,"Bloody Idol":22,"Fusion Hammer":34,"Bottled Lightning":26,"Ring of the Snake":0,"Pocketwatch":49},{"Pear":16,"Golden Idol":9,"Astrolabe":10,"CeramicFish":23,"Blue Candle":26,"Mango":22,"Snake Skull":13,"Letter Opener":29,"Frozen Egg 2":6,"War Paint":26,"White Beast Statue":24,"Du-Vu Doll":16,"Nunchaku":14,"Shovel":26,"Mummified Hand":6,"Ornamental Fan":8,"Bloody Idol":13,"Fusion Hammer":19,"Bottled Lightning":14,"Ring of the Snake":0,"Pocketwatch":26},{"Pear":78,"Golden Idol":38,"Astrolabe":51,"CeramicFish":111,"Blue Candle":126,"Mango":106,"Snake Skull":64,"Letter Opener":159,"Frozen Egg 2":24,"War Paint":126,"White Beast Statue":116,"Du-Vu Doll":78,"Nunchaku":69,"Shovel":126,"Mummified Hand":24,"Ornamental Fan":33,"Bloody Idol":64,"Fusion Hammer":92,"Bottled Lightning":69,"Ring of the Snake":0,"Pocketwatch":126}],"Ring of the Snake":[60],"Pocketwatch":[12]},"card_choices":[{"not_picked":["A Thousand Cuts","Burst"],"picked":"Unload","floor":0.0},{"not_picked":["Deadly Poison","Quick Slash"],"picked":"Backstab","floor":1.0},{"not_picked":["Quick Slash","Cloak And Dagger"],"picked":"Blade Dance","floor":2.0},{"not_picked":["Catalyst","Riddle With Holes"],"picked":"Eviscerate","floor":3.0},{"not_picked":["Dagger Spray","Quick Slash","All Out Attack"],"picked":"SKIP","floor":4.0},{"not_picked":["Setup","Dagger Spray","Masterful Stab"],"picked":"SKIP","floor":7.0},{"not_picked":["Distraction","Storm of Steel","Blade Dance"],"picked":"SKIP","floor":8.0},{"not_picked":["Outmaneuver","Sucker Punch","Doppelganger"],"picked":"SKIP","floor":11.0},{"not_picked":["Bouncing Flask","Terror"],"picked":"Eviscerate","floor":12.0},{"not_picked":["Predator","Dagger Throw"],"picked":"Noxious Fumes+1","floor":13.0},{"not_picked":["Venomology","Burst"],"picked":"Wraith Form v2+1","floor":16.0},{"not_picked":["Setup","Flechettes","Deadly Poison"],"picked":"SKIP","floor":18.0},{"not_picked":["Underhanded Strike","Escape Plan","Blade Dance"],"picked":"SKIP","floor":19.0},{"not_picked":["Flying Knee","Prepared"],"picked":"Well Laid Plans+1","floor":21.0},{"not_picked":["Deflect","Glass Knife"],"picked":"Backflip","floor":25.0},{"not_picked":["Flying Knee","Setup"],"picked":"Blade Dance","floor":27.0},{"not_picked":["Dagger Throw","Dodge and Roll"],"picked":"PiercingWail+1","floor":28.0},{"not_picked":["Outmaneuver","All Out Attack","Poisoned Stab"],"picked":"SKIP","floor":31.0},{"not_picked":["Die Die Die","Burst"],"picked":"Tools of the Trade+1","floor":33.0},{"not_picked":["Dagger Spray","Poisoned Stab"],"picked":"Dodge and Roll+1","floor":35.0},{"not_picked":["Flash of Steel","Mayhem+1"],"picked":"Finesse","floor":36.0},{"not_picked":["Sucker Punch+1","PiercingWail+1"],"picked":"Reflex","floor":37.0},{"not_picked":["Flying Knee","Backflip"],"picked":"Tactician","floor":39.0},{"not_picked":["Sucker Punch+1","Leg Sweep"],"picked":"Caltrops+1","floor":40.0},{"not_picked":["Backflip","Cloak And Dagger+1"],"picked":"Dagger Throw","floor":42.0},{"not_picked":["Flying Knee","Dagger Throw"],"picked":"Backflip","floor":44},{"not_picked":["Blade Dance","Endless Agony"],"picked":"Prepared","floor":45},{"not_picked":["Well Laid Plans+1","Leg Sweep"],"picked":"Venomology","floor":55}],"player_experience":1428994,"relics_obtained":[{"floor":8.0,"key":"Frozen Egg 2"},{"floor":9.0,"key":"Mummified Hand"},{"floor":12.0,"key":"Ornamental Fan"},{"floor":25.0,"key":"Nunchaku"},{"floor":26.0,"key":"Bottled Lightning"},{"floor":27.0,"key":"Du-Vu Doll"},{"floor":27.0,"key":"Pear"},{"floor":39.0,"key":"Mango"},{"floor":40.0,"key":"CeramicFish"},{"floor":42.0,"key":"White Beast Statue"},{"floor":45,"key":"Shovel"},{"floor":47,"key":"Blue Candle"},{"floor":49,"key":"Pocketwatch"},{"floor":55,"key":"Letter Opener"}],"event_choices":[{"cards_removed":["Strike_G"],"damage_healed":0.0,"max_hp_gain":0.0,"max_hp_loss":0.0,"gold_gain":0.0,"event_name":"Golden Wing","player_choice":"Card Removal","floor":5.0,"gold_loss":0.0,"damage_taken":7.0},{"damage_healed":0.0,"max_hp_gain":0.0,"max_hp_loss":6.0,"gold_gain":0.0,"event_name":"Golden Idol","player_choice":"Lose Max HP","floor":14.0,"gold_loss":0.0,"damage_taken":0.0,"relics_obtained":["Golden Idol"]},{"damage_healed":0.0,"max_hp_gain":0.0,"max_hp_loss":0.0,"gold_gain":0.0,"event_name":"Back to Basics","player_choice":"Simplicity","floor":20.0,"gold_loss":0.0,"damage_taken":0.0,"cards_upgraded":["Strike_G","Defend_G","Defend_G","Defend_G","Defend_G","Defend_G"]},{"damage_healed":0.0,"max_hp_gain":0.0,"max_hp_loss":0.0,"gold_gain":0.0,"event_name":"Forgotten Altar","player_choice":"Gave Idol","floor":22.0,"relics_lost":["Golden Idol"],"gold_loss":0.0,"damage_taken":0.0,"relics_obtained":["Bloody Idol"]},{"damage_healed":0.0,"max_hp_gain":0.0,"max_hp_loss":0.0,"gold_gain":0.0,"event_name":"Colosseum","player_choice":"Fight","floor":27.0,"gold_loss":0.0,"damage_taken":0.0},{"damage_healed":0.0,"max_hp_gain":0.0,"max_hp_loss":0.0,"gold_gain":0.0,"event_name":"Colosseum","player_choice":"Fought Nobs","floor":27.0,"gold_loss":0.0,"damage_taken":0.0},{"damage_healed":0.0,"max_hp_gain":0.0,"max_hp_loss":0.0,"gold_gain":0.0,"event_name":"Vampires","player_choice":"Ignored","floor":30.0,"gold_loss":0.0,"damage_taken":0.0},{"damage_healed":0.0,"max_hp_gain":0.0,"max_hp_loss":0.0,"gold_gain":0.0,"event_name":"SensoryStone","player_choice":"Memory 3","floor":36.0,"gold_loss":0.0,"damage_taken":10.0},{"damage_healed":0.0,"max_hp_gain":0.0,"max_hp_loss":4.0,"gold_gain":0.0,"event_name":"Winding Halls","player_choice":"Max HP","floor":38.0,"gold_loss":0.0,"damage_taken":0.0},{"damage_healed":0.0,"max_hp_gain":0.0,"max_hp_loss":0.0,"gold_gain":0.0,"event_name":"MindBloom","player_choice":"Fight","floor":39.0,"gold_loss":0.0,"damage_taken":0.0},{"damage_healed":0,"gold_gain":0,"player_choice":"0 cards matched","damage_taken":0,"max_hp_gain":0,"max_hp_loss":0,"event_name":"Match and Keep!","floor":48,"gold_loss":0,"cards_obtained":[]}],"is_beta":false,"boss_relics":[{"not_picked":["Ring of the Serpent","SacredBark"],"picked":"Astrolabe"},{"not_picked":["Empty Cage","Runic Dome"],"picked":"Fusion Hammer"}],"items_purged_floors":[24,29,46],"is_endless":false,"potions_floor_spawned":[1,7,12,13,18,25,27,31,35,39,42,44,45,55],"killed_by":"The Heart","ascension_level":20}