{"gold_per_floor":[217,217,8,32,57,57,75,89,89,139,170,170,95,110,110,110],"floor_reached":16,"playtime":1033,"items_purged":["Strike_G"],"score":204,"play_id":"1a22e4e3-72b9-4fd0-9a63-50e8a91a7682","local_time":"20230213072133","is_ascension_mode":true,"campfire_choices":[{"data":"Quick Slash","floor":6,"key":"SMITH"},{"floor":12,"key":"REST"},{"data":"Dagger Spray","floor":15,"key":"SMITH"}],"neow_cost":"NONE","seed_source_timestamp":13126186980000,"circlet_count":0,"master_deck":["AscendersBane","Strike_G","Strike_G","Strike_G","Strike_G","Defend_G","Defend_G","Defend_G","Defend_G","Defend_G","Survivor","Neutralize","Quick Slash+1","Footwork","Backflip","Calculated Gamble","Corpse Explosion","Dagger Spray+1","PiercingWail+1","Blade Dance+1"],"relics":["Ring of the Snake","Golden Idol","OrangePellets","Toxic Egg 2"],"potions_floor_usage":[11,16],"damage_taken":[{"damage":0,"enemies":"2 Louse","floor":1,"turns":4},{"damage":9,"enemies":"Jaw Worm","floor":4,"turns":5},{"damage":0,"enemies":"Cultist","floor":5,"turns":5},{"damage":18,"enemies":"Lots of Slimes","floor":7,"turns":9},{"damage":4,"enemies":"Blue Slaver","floor":8,"turns":5},{"damage":11,"enemies":"3 Sentries","floor":11,"turns":4},{"damage":0,"enemies":"Large Slime","floor":14,"turns":5},{"damage":36,"enemies":"Slime Boss","floor":16,"turns":9}],"seed_played":"169736567442686439","potions_obtained":[{"floor":4,"key":"PowerPotion"},{"floor":7,"key":"Swift Potion"},{"floor":14,"key":"Dexterity Potion"}],"is_trial":false,"path_per_floor":["M","?","$","M","M","R","M","M","T","?","E","R","$","M","R","B"],"character_chosen":"THE_SILENT","basemod:card_modifiers":[null,null,null,null,null,null,null,null,null,null,null,null,null,null,null,null,null,null,null,null],"items_purchased":["OrangePellets","Footwork"],"campfire_rested":1,"item_purchase_floors":[3,3],"current_hp_per_floor":[59,59,59,50,50,50,32,28,28,22,11,29,29,29,29,0],"gold":110,"neow_bonus":"HUNDRED_GOLD","is_prod":false,"is_daily":false,"chose_seed":false,"campfire_upgraded":2,"win_rate":0,"timestamp":1676290893,"path_taken":["M","?","$","M","M","R","M","M","T","?","E","R","$","M","R","BOSS"],"build_version":"2022-12-18","purchased_purges":1,"victory":false,"max_hp_per_floor":[66,60,60,60,60,60,60,60,60,60,60,60,60,60,60,60],"relic_stats":{"OrangePellets":[0],"counters":[8,46],"Golden Idol":26,"obtain_stats":[{"OrangePellets":3,"Golden Idol":2,"Toxic Egg 2":11,"Ring of the Snake":0},{"OrangePellets":1,"Golden Idol":1,"Toxic Egg 2":6,"Ring of the Snake":0},{"OrangePellets":4,"Golden Idol":4,"Toxic Egg 2":32,"Ring of the Snake":0}],"Ring of the Snake":[16]},"card_choices":[{"not_picked":["Poisoned Stab","Dodge and Roll"],"picked":"Quick Slash","floor":1},{"not_picked":["Acrobatics","Poisoned Stab"],"picked":"Backflip","floor":4},{"not_picked":["Heel Hook","Slice"],"picked":"Calculated Gamble","floor":5},{"not_picked":["Masterful Stab","Finisher"],"picked":"Corpse Explosion","floor":7},{"not_picked":["Sucker Punch","Dodge and Roll"],"picked":"Dagger Spray","floor":8},{"not_picked":["Underhanded Strike","Caltrops"],"picked":"PiercingWail+1","floor":11},{"not_picked":["Glass Knife","Outmaneuver+1"],"picked":"Blade Dance+1","floor":14}],"player_experience":1420437,"relics_obtained":[{"floor":11,"key":"Toxic Egg 2"}],"event_choices":[{"damage_healed":0,"gold_gain":0,"player_choice":"Lose Max HP","damage_taken":0,"relics_obtained":["Golden Idol"],"max_hp_gain":0,"max_hp_loss":6,"event_name":"Golden Idol","floor":2,"gold_loss":0},{"damage_healed":0,"gold_gain":50,"player_choice":"Touch","damage_taken":6,"max_hp_gain":0,"max_hp_loss":0,"event_name":"FaceTrader","floor":10,"gold_loss":0}],"is_beta":false,"boss_relics":[],"items_purged_floors":[13],"is_endless":false,"potions_floor_spawned":[4,7,14],"killed_by":"Slime Boss","ascension_level":20}