{"gold_per_floor":[112,128,428,428,447,447,447,0,0,12,12,27,27,52,52,130,130,142,67,79,90,110,110,138,138,138,63,63,98,115,128,128,205,205,222,242,59,73,90,90,109,136,136,152,152,183,183,216,228,240],"floor_reached":50,"playtime":2926,"items_purged":["Strike_G","Strike_G"],"score":1393,"play_id":"d9f3f2a5-fd28-4dfb-95a6-91e8847d1d69","local_time":"20230216100706","is_ascension_mode":true,"campfire_choices":[{"data":"All Out Attack","floor":6.0,"key":"SMITH"},{"floor":11.0,"key":"REST"},{"data":"Bouncing Flask","floor":15.0,"key":"SMITH"},{"data":"Wraith Form v2","floor":23.0,"key":"SMITH"},{"floor":25.0,"key":"REST"},{"floor":32.0,"key":"REST"},{"data":"Calculated Gamble","floor":40,"key":"SMITH"},{"data":"Burst","floor":45,"key":"SMITH"},{"floor":49,"key":"RECALL"}],"neow_cost":"NONE","seed_source_timestamp":0,"circlet_count":0,"master_deck":["AscendersBane","Strike_G","Defend_G","Defend_G","Defend_G","Survivor","Neutralize","Bouncing Flask+1","Quick Slash","Noxious Fumes","All Out Attack+1","Calculated Gamble+1","Well Laid Plans","Burst+1","Wraith Form v2+1","Outmaneuver","Leg Sweep","Catalyst","Backflip+1","Envenom","Night Terror","Acrobatics","After Image","Backflip+1","Footwork","Footwork","Tactician+1","Underhanded Strike+1","Enlightenment","Blur"],"special_seed":0,"relics":["Ring of the Snake","Old Coin","Letter Opener","Ice Cream","Kunai","Runic Pyramid","FossilizedHelix","Omamori","Singing Bowl","HoveringKite","Molten Egg 2","Boot","MawBank"],"potions_floor_usage":[35,50],"damage_taken":[{"damage":1.0,"enemies":"Small Slimes","floor":1.0,"turns":3.0},{"damage":7.0,"enemies":"Jaw Worm","floor":2.0,"turns":3.0},{"damage":2.0,"enemies":"2 Louse","floor":5.0,"turns":3.0},{"damage":2.0,"enemies":"3 Sentries","floor":7.0,"turns":2.0},{"damage":0.0,"enemies":"Lots of Slimes","floor":10.0,"turns":1.0},{"damage":10.0,"enemies":"Large Slime","floor":12.0,"turns":5.0},{"damage":11.0,"enemies":"Gremlin Nob","floor":14.0,"turns":3.0},{"damage":11.0,"enemies":"Hexaghost","floor":16.0,"turns":9.0},{"damage":0.0,"enemies":"Chosen","floor":18.0,"turns":4.0},{"damage":12.0,"enemies":"Shell Parasite","floor":20.0,"turns":6.0},{"damage":17.0,"enemies":"Snake Plant","floor":21.0,"turns":5.0},{"damage":9.0,"enemies":"Sentry and Sphere","floor":22.0,"turns":7.0},{"damage":11.0,"enemies":"Gremlin Leader","floor":24.0,"turns":7.0},{"damage":13.0,"enemies":"Slavers","floor":29.0,"turns":5.0},{"damage":6.0,"enemies":"Shelled Parasite and Fungi","floor":30.0,"turns":5.0},{"damage":5.0,"enemies":"Centurion and Healer","floor":31.0,"turns":7.0},{"damage":3.0,"enemies":"Champ","floor":33.0,"turns":10.0},{"damage":0,"enemies":"3 Shapes","floor":35,"turns":3},{"damage":0,"enemies":"Orb Walker","floor":36,"turns":3},{"damage":2,"enemies":"3 Darklings","floor":38,"turns":6},{"damage":1,"enemies":"Writhing Mass","floor":39,"turns":10},{"damage":17,"enemies":"4 Shapes","floor":41,"turns":6},{"damage":0,"enemies":"Nemesis","floor":42,"turns":7},{"damage":1,"enemies":"Transient","floor":44,"turns":6},{"damage":0,"enemies":"Reptomancer","floor":46,"turns":6},{"damage":0,"enemies":"Nemesis","floor":48,"turns":7},{"damage":49,"enemies":"Awakened One","floor":50,"turns":3}],"seed_played":"289283592746116508","potions_obtained":[{"floor":2.0,"key":"SmokeBomb"},{"floor":10.0,"key":"DuplicationPotion"},{"floor":12.0,"key":"Fruit Juice"},{"floor":13.0,"key":"Regen Potion"},{"floor":16.0,"key":"SneckoOil"},{"floor":18.0,"key":"DuplicationPotion"},{"floor":22.0,"key":"BlessingOfTheForge"},{"floor":30.0,"key":"EntropicBrew"},{"floor":35,"key":"SpeedPotion"}],"is_trial":false,"path_per_floor":["M","M","?","?","M","R","E","$","T","M","R","M","?","E","R","B",null,"M","$","M","M","M","R","E","R","T","?","?","E","M","M","R","B",null,"M","M","$","M","M","R","M","E","T","M","R","E","?","E","R","B"],"character_chosen":"THE_SILENT","basemod:card_modifiers":[null,null,null,null,null,null,null,null,null,null,null,null,null,null,null,null,null,null,null,null,null,null,null,null,null,null,null,null,null,null],"items_purchased":["Calculated Gamble","Well Laid Plans","Letter Opener","BlessingOfTheForge","Footwork"],"campfire_rested":3,"item_purchase_floors":[8,8,8,8,37],"current_hp_per_floor":[58,51,25,18,16,16,14,14,14,14,33,23,28,17,17,21,59,59,59,47,30,21,21,10,31,31,31,31,20,14,11,33,30,64,64,66,66,66,67,67,52,52,52,51,51,51,45,45,45,0],"gold":240,"neow_bonus":"THREE_CARDS","is_prod":false,"is_daily":false,"chose_seed":false,"campfire_upgraded":5,"win_rate":0,"timestamp":1676560026,"path_taken":["M","M","?","?","?","R","E","$","T","M","R","M","?","E","R","BOSS","M","?","?","M","M","R","E","R","T","?","?","E","M","M","R","BOSS","M","M","$","M","M","R","M","E","T","M","R","E","?","E","R","BOSS"],"build_version":"2022-12-18","purchased_purges":2,"victory":false,"max_hp_per_floor":[66,66,66,66,66,66,66,66,66,66,66,66,71,71,71,71,71,71,71,71,71,71,71,71,71,71,71,71,73,73,75,75,75,75,75,77,77,79,81,81,83,83,83,83,83,83,87,87,87,87],"relic_stats":{"Ice Cream":[10],"Singing Bowl":16,"counters":[27,142],"HoveringKite":[31],"Omamori":0,"Letter Opener":[309],"Kunai":[6],"Boot":[12],"MawBank":24,"obtain_stats":[{"Ice Cream":9,"Singing Bowl":29,"HoveringKite":34,"Omamori":26,"Letter Opener":8,"Boot":46,"MawBank":48,"Old Coin":3,"Molten Egg 2":42,"Kunai":14,"FossilizedHelix":24,"Ring of the Snake":0,"Runic Pyramid":17},{"Ice Cream":4,"Singing Bowl":14,"HoveringKite":17,"Omamori":13,"Letter Opener":4,"Boot":25,"MawBank":26,"Old Coin":2,"Molten Egg 2":23,"Kunai":7,"FossilizedHelix":13,"Ring of the Snake":0,"Runic Pyramid":8},{"Ice Cream":11,"Singing Bowl":63,"HoveringKite":85,"Omamori":58,"Letter Opener":11,"Boot":132,"MawBank":139,"Old Coin":6,"Molten Egg 2":120,"Kunai":20,"FossilizedHelix":58,"Ring of the Snake":0,"Runic Pyramid":29}],"FossilizedHelix":[99],"Ring of the Snake":[54]},"card_choices":[{"not_picked":["Cloak And Dagger","PiercingWail"],"picked":"Bouncing Flask","floor":0.0},{"not_picked":["Acrobatics","PiercingWail"],"picked":"Quick Slash","floor":1.0},{"not_picked":["PiercingWail","Dodge and Roll"],"picked":"Noxious Fumes","floor":2.0},{"not_picked":["Outmaneuver","Expertise"],"picked":"All Out Attack","floor":5.0},{"not_picked":["Bane","Concentrate"],"picked":"Burst","floor":10.0},{"not_picked":["PiercingWail","Cloak And Dagger","Dodge and Roll"],"picked":"SKIP","floor":12.0},{"not_picked":["PiercingWail","Cloak And Dagger","Dodge and Roll"],"picked":"SKIP","floor":12.0},{"not_picked":["Outmaneuver","Sucker Punch","Riddle With Holes"],"picked":"SKIP","floor":14.0},{"not_picked":["Grand Finale","Burst"],"picked":"Wraith Form v2","floor":16.0},{"not_picked":["Riddle With Holes","Dash"],"picked":"Outmaneuver","floor":18.0},{"not_picked":["Acrobatics","Poisoned Stab+1"],"picked":"Leg Sweep","floor":20.0},{"not_picked":["Poisoned Stab","Quick Slash","Eviscerate"],"picked":"SKIP","floor":21.0},{"not_picked":["Cloak And Dagger","Outmaneuver+1"],"picked":"Catalyst","floor":22.0},{"not_picked":["Dagger Throw","Leg Sweep+1"],"picked":"Backflip+1","floor":24.0},{"not_picked":["Cloak And Dagger","Prepared","Poisoned Stab"],"picked":"Singing Bowl","floor":29.0},{"not_picked":["Storm of Steel","Dodge and Roll"],"picked":"Acrobatics","floor":30.0},{"not_picked":["Dash+1","Quick Slash","Dagger Throw"],"picked":"Singing Bowl","floor":31.0},{"not_picked":["Unload","Burst"],"picked":"After Image","floor":33.0},{"not_picked":["Crippling Poison","Flechettes"],"picked":"Backflip+1","floor":35},{"not_picked":["Outmaneuver+1","Backflip","Slice"],"picked":"Singing Bowl","floor":36},{"not_picked":["Flying Knee","Dagger Spray","Bane"],"picked":"Singing Bowl","floor":38},{"not_picked":["Outmaneuver","Expertise","Backstab"],"picked":"Singing Bowl","floor":39},{"not_picked":["Masterful Stab","Underhanded Strike","Bouncing Flask"],"picked":"Singing Bowl","floor":41},{"not_picked":["Crippling Poison","Cloak And Dagger"],"picked":"Footwork","floor":42},{"not_picked":["Leg Sweep","Dodge and Roll"],"picked":"Tactician+1","floor":44},{"not_picked":["Blade Dance","Crippling Poison"],"picked":"Underhanded Strike+1","floor":46},{"not_picked":["The Bomb","Chrysalis"],"picked":"Enlightenment","floor":47},{"not_picked":["Bandage Up","Sadistic Nature","Good Instincts"],"picked":"Singing Bowl","floor":47},{"not_picked":["Enlightenment","HandOfGreed+1","Deep Breath"],"picked":"Singing Bowl","floor":47},{"not_picked":["Acrobatics+1","Dodge and Roll"],"picked":"Blur","floor":48}],"player_experience":1425207,"relics_obtained":[{"floor":9.0,"key":"Ice Cream"},{"floor":14.0,"key":"Kunai"},{"floor":24.0,"key":"FossilizedHelix"},{"floor":26.0,"key":"Omamori"},{"floor":29.0,"key":"Singing Bowl"},{"floor":42,"key":"Molten Egg 2"},{"floor":46,"key":"Boot"},{"floor":48,"key":"MawBank"}],"event_choices":[{"damage_healed":0.0,"max_hp_gain":0.0,"max_hp_loss":0.0,"gold_gain":0.0,"event_name":"Scrap Ooze","player_choice":"Success","floor":3.0,"gold_loss":0.0,"damage_taken":26.0,"relics_obtained":["Old Coin"]},{"cards_removed":["Defend_G"],"damage_healed":0.0,"max_hp_gain":0.0,"max_hp_loss":0.0,"gold_gain":0.0,"event_name":"Golden Wing","player_choice":"Card Removal","floor":4.0,"gold_loss":0.0,"damage_taken":7.0},{"damage_healed":0.0,"max_hp_gain":0.0,"max_hp_loss":0.0,"gold_gain":0.0,"event_name":"Lab","player_choice":"Got Potions","floor":13.0,"gold_loss":0.0,"damage_taken":0.0},{"cards_removed":["Defend_G"],"damage_healed":0.0,"max_hp_gain":0.0,"max_hp_loss":0.0,"gold_gain":0.0,"event_name":"Beggar","player_choice":"Gave Gold","floor":27.0,"gold_loss":75.0,"damage_taken":0.0},{"damage_healed":0.0,"max_hp_gain":0.0,"max_hp_loss":0.0,"gold_gain":0.0,"cards_transformed":["Strike_G","Strike_G"],"event_name":"Drug Dealer","player_choice":"Became Test Subject","floor":28.0,"gold_loss":0.0,"damage_taken":0.0,"cards_obtained":["Envenom","Night Terror"]},{"damage_healed":0,"gold_gain":0,"player_choice":"Memory 3","damage_taken":10,"max_hp_gain":0,"max_hp_loss":0,"event_name":"SensoryStone","floor":47,"gold_loss":0}],"is_beta":false,"boss_relics":[{"not_picked":["Busted Crown","Tiny House"],"picked":"Runic Pyramid"},{"not_picked":["Coffee Dripper","Philosopher\u0027s Stone"],"picked":"HoveringKite"}],"items_purged_floors":[19,37],"is_endless":false,"potions_floor_spawned":[2,10,12,16,18,22,30,33,35,38,41,46],"killed_by":"Awakened One","ascension_level":20}