{"gold_per_floor":[109,127,142,161,173,173,198,198,198,198,210,210,236,254,254,329,329,345,270,285,37,53,53,81,81,108,122,122,142,167,184,184,184],"floor_reached":33,"playtime":1421,"items_purged":["Strike_G"],"score":602,"play_id":"376e48aa-6c7f-4b40-9024-9264cba936f3","local_time":"20230218193653","is_ascension_mode":true,"campfire_choices":[{"data":"Dagger Spray","floor":6,"key":"SMITH"},{"data":"Dagger Spray","floor":10,"key":"SMITH"},{"floor":12,"key":"REST"},{"data":"Backstab","floor":15,"key":"SMITH"},{"floor":23,"key":"REST"},{"floor":25,"key":"REST"},{"floor":32,"key":"REST"}],"neow_cost":"NONE","seed_source_timestamp":320301748631200,"circlet_count":0,"master_deck":["AscendersBane","Strike_G","Strike_G","Strike_G+1","Defend_G","Defend_G","Defend_G","Defend_G","Defend_G","Survivor","Neutralize","Dagger Spray+1","Dagger Spray+1","Predator","Backflip","Backstab+1","Backstab+1","Acrobatics","Envenom","PiercingWail","Concentrate","Adrenaline","Footwork","Underhanded Strike","Tools of the Trade","Leg Sweep+1"],"relics":["Ring of the Snake","Bag of Marbles","Dead Branch","Calipers","Lizard Tail","Runic Pyramid","OrangePellets","Du-Vu Doll","Whetstone","Ice Cream"],"potions_floor_usage":[4,7,16,18,24,29,33],"damage_taken":[{"damage":1,"enemies":"2 Louse","floor":1,"turns":4},{"damage":8,"enemies":"Cultist","floor":2,"turns":4},{"damage":3,"enemies":"Jaw Worm","floor":3,"turns":4},{"damage":5,"enemies":"Red Slaver","floor":4,"turns":3},{"damage":7,"enemies":"Large Slime","floor":5,"turns":5},{"damage":8,"enemies":"Gremlin Nob","floor":7,"turns":3},{"damage":0,"enemies":"3 Louse","floor":11,"turns":1},{"damage":19,"enemies":"3 Sentries","floor":13,"turns":6},{"damage":0,"enemies":"2 Fungi Beasts","floor":14,"turns":1},{"damage":56,"enemies":"Slime Boss","floor":16,"turns":8},{"damage":6,"enemies":"2 Thieves","floor":18,"turns":4},{"damage":0,"enemies":"Chosen","floor":20,"turns":2},{"damage":35,"enemies":"Sentry and Sphere","floor":22,"turns":6},{"damage":13,"enemies":"Book of Stabbing","floor":24,"turns":4},{"damage":0,"enemies":"Centurion and Healer","floor":27,"turns":3},{"damage":2,"enemies":"Snake Plant","floor":29,"turns":2},{"damage":5,"enemies":"Gremlin Leader","floor":30,"turns":4},{"damage":0,"enemies":"Cultist and Chosen","floor":31,"turns":4},{"damage":69,"enemies":"Collector","floor":33,"turns":7}],"seed_played":"-3659053909490383931","potions_obtained":[{"floor":1,"key":"SteroidPotion"},{"floor":2,"key":"Fire Potion"},{"floor":5,"key":"SteroidPotion"},{"floor":13,"key":"ColorlessPotion"},{"floor":16,"key":"PowerPotion"},{"floor":20,"key":"SmokeBomb"},{"floor":22,"key":"Block Potion"},{"floor":30,"key":"Swift Potion"}],"is_trial":false,"path_per_floor":["M","M","M","M","M","R","E","?","T","R","M","R","E","M","R","B",null,"M","$","M","$","M","R","E","R","T","M","?","M","E","M","R","B"],"character_chosen":"THE_SILENT","basemod:card_modifiers":[null,null,null,null,null,null,null,null,null,null,null,null,null,null,null,null,null,null,null,null,null,null,null,null,null,null],"items_purchased":["OrangePellets","Adrenaline"],"campfire_rested":4,"item_purchase_floors":[21,21],"current_hp_per_floor":[58,50,47,42,35,35,27,27,27,27,27,46,27,27,27,7,51,45,45,45,45,10,29,16,35,35,35,35,33,28,28,47,0],"gold":184,"neow_bonus":"THREE_CARDS","is_prod":false,"is_daily":false,"chose_seed":false,"campfire_upgraded":3,"win_rate":0,"timestamp":1676767013,"path_taken":["M","M","M","M","M","R","E","?","T","R","?","R","E","M","R","BOSS","M","$","M","$","M","R","E","R","T","M","?","?","E","M","R","BOSS"],"build_version":"2022-12-18","purchased_purges":1,"victory":false,"max_hp_per_floor":[66,66,66,66,66,66,66,66,66,66,66,66,66,66,66,66,66,66,66,66,66,66,66,66,66,66,66,66,66,66,66,66,66],"relic_stats":{"Ice Cream":[1],"OrangePellets":[3],"Lizard Tail":33,"Calipers":[0],"counters":[19,75],"Dead Branch":[68],"Whetstone":["Backstab","Strike_G"],"obtain_stats":[{"Du-Vu Doll":24,"Ice Cream":30,"OrangePellets":21,"Lizard Tail":13,"Calipers":9,"Dead Branch":8,"Bag of Marbles":7,"Whetstone":26,"Ring of the Snake":0,"Runic Pyramid":17},{"Du-Vu Doll":14,"Ice Cream":17,"OrangePellets":12,"Lizard Tail":8,"Calipers":6,"Dead Branch":6,"Bag of Marbles":6,"Whetstone":14,"Ring of the Snake":0,"Runic Pyramid":10},{"Du-Vu Doll":55,"Ice Cream":64,"OrangePellets":45,"Lizard Tail":30,"Calipers":23,"Dead Branch":23,"Bag of Marbles":23,"Whetstone":55,"Ring of the Snake":0,"Runic Pyramid":39}],"Ring of the Snake":[38]},"card_choices":[{"not_picked":["Catalyst","Outmaneuver"],"picked":"Dagger Spray","floor":0},{"not_picked":["Setup","Bane"],"picked":"Dash","floor":1},{"not_picked":["PiercingWail","Deadly Poison"],"picked":"Dagger Spray","floor":2},{"not_picked":["Blur","Slice"],"picked":"Predator","floor":3},{"not_picked":["Bane","Flying Knee"],"picked":"Backflip","floor":4},{"not_picked":["Finisher","Cloak And Dagger","Deadly Poison"],"picked":"SKIP","floor":5},{"not_picked":["Accuracy","Storm of Steel"],"picked":"Backstab","floor":7},{"not_picked":["Dodge and Roll","Deflect","Bane"],"picked":"SKIP","floor":11},{"not_picked":["Bouncing Flask","Doppelganger"],"picked":"Backstab","floor":13},{"not_picked":["Crippling Poison","Cloak And Dagger"],"picked":"Acrobatics","floor":14},{"not_picked":["Die Die Die","Glass Knife"],"picked":"Envenom","floor":16},{"not_picked":["Dodge and Roll","Outmaneuver"],"picked":"PiercingWail","floor":18},{"not_picked":["Acrobatics","Dagger Throw"],"picked":"Concentrate","floor":20},{"not_picked":["Deadly Poison","Dodge and Roll","Heel Hook"],"picked":"SKIP","floor":22},{"not_picked":["Underhanded Strike","Dagger Spray","Outmaneuver"],"picked":"SKIP","floor":24},{"not_picked":["Eviscerate","Caltrops+1"],"picked":"Footwork","floor":27},{"not_picked":["Dodge and Roll","Expertise"],"picked":"Tools of the Trade","floor":29},{"not_picked":["Finisher","Dagger Throw","Dagger Spray"],"picked":"SKIP","floor":30},{"not_picked":["Bane","Dagger Spray"],"picked":"Leg Sweep+1","floor":31}],"player_experience":1447677,"relics_obtained":[{"floor":7,"key":"Bag of Marbles"},{"floor":9,"key":"Calipers"},{"floor":13,"key":"Lizard Tail"},{"floor":24,"key":"Du-Vu Doll"},{"floor":26,"key":"Whetstone"},{"floor":30,"key":"Ice Cream"}],"event_choices":[{"cards_removed":["Dash"],"damage_healed":0,"gold_gain":0,"player_choice":"Gave Card","damage_taken":0,"relics_obtained":["Dead Branch"],"max_hp_gain":0,"max_hp_loss":0,"event_name":"WeMeetAgain","floor":8,"gold_loss":0},{"damage_healed":0,"gold_gain":0,"cards_transformed":["Strike_G"],"player_choice":"Transformed","damage_taken":0,"max_hp_gain":0,"max_hp_loss":0,"event_name":"Transmorgrifier","floor":28,"gold_loss":0,"cards_obtained":["Underhanded Strike"]}],"is_beta":false,"boss_relics":[{"not_picked":["Sozu","Tiny House"],"picked":"Runic Pyramid"}],"items_purged_floors":[19],"is_endless":false,"potions_floor_spawned":[1,2,5,13,16,20,22,30],"killed_by":"Collector","ascension_level":20}