{"gold_per_floor":[114,124,175,186,236,236,0,13,13,13,26,26,58,68,68,141,191,209,259,270,283,65,65,99,99],"floor_reached":25,"playtime":1286,"items_purged":["Strike_G"],"score":471,"play_id":"bc445f47-518d-40d7-9a68-3a80a52b983b","local_time":"20230216221604","is_ascension_mode":true,"campfire_choices":[{"data":"Poisoned Stab","floor":6,"key":"SMITH"},{"data":"Bouncing Flask","floor":10,"key":"SMITH"},{"data":"Terror","floor":15,"key":"SMITH"},{"data":"Prepared","floor":23,"key":"SMITH"}],"neow_cost":"TEN_PERCENT_HP_LOSS","seed_source_timestamp":157178540718900,"circlet_count":0,"master_deck":["AscendersBane","Strike_G","Strike_G","Strike_G","Strike_G","Defend_G","Defend_G","Defend_G","Defend_G","Defend_G+1","Survivor","Neutralize","Acrobatics","Poisoned Stab+1","Predator","Bouncing Flask+1","Terror+1","Blade Dance","Prepared+1","Venomology","Crippling Poison","Deflect+1","Burst","Escape Plan","Well Laid Plans"],"special_seed":0,"relics":["Ring of the Snake","Mango","Smiling Mask","ClockworkSouvenir","StrikeDummy","Tiny House","Lee\u0027s Waffle","Centennial Puzzle"],"potions_floor_usage":[13,18,24,24,24,25,25],"damage_taken":[{"damage":6.0,"enemies":"Cultist","floor":1.0,"turns":6.0},{"damage":0.0,"enemies":"2 Louse","floor":2.0,"turns":5.0},{"damage":2,"enemies":"Small Slimes","floor":4,"turns":4},{"damage":3,"enemies":"Looter","floor":8,"turns":4},{"damage":0,"enemies":"2 Fungi Beasts","floor":11,"turns":4},{"damage":27,"enemies":"3 Sentries","floor":13,"turns":9},{"damage":12,"enemies":"Gremlin Gang","floor":14,"turns":6},{"damage":13,"enemies":"Hexaghost","floor":16,"turns":9},{"damage":0,"enemies":"Chosen","floor":18,"turns":4},{"damage":0,"enemies":"3 Byrds","floor":20,"turns":5},{"damage":38,"enemies":"Centurion and Healer","floor":21,"turns":11},{"damage":38,"enemies":"Gremlin Leader","floor":24,"turns":7},{"damage":70,"enemies":"Chosen and Byrds","floor":25,"turns":7}],"seed_played":"1441049050598637725","potions_obtained":[{"floor":2,"key":"CunningPotion"},{"floor":4,"key":"Block Potion"},{"floor":16,"key":"FearPotion"},{"floor":18,"key":"GhostInAJar"},{"floor":24,"key":"Block Potion"}],"is_trial":false,"path_per_floor":["M","M","T","M","?","R","$","M","T","R","M","?","E","M","R","B",null,"M","?","M","M","$","R","E","M"],"character_chosen":"THE_SILENT","basemod:card_modifiers":[null,null,null,null,null,null,null,null,null,null,null,null,null,null,null,null,null,null,null,null,null,null,null,null,null],"items_purchased":["Predator","ClockworkSouvenir","Lee\u0027s Waffle"],"campfire_rested":0,"item_purchase_floors":[7,7,22],"current_hp_per_floor":[67,67,67,65,58,58,58,55,55,55,55,60,33,21,21,8,66,66,66,66,28,91,91,53,0],"gold":99,"neow_bonus":"ONE_RARE_RELIC","is_prod":false,"is_daily":false,"chose_seed":false,"campfire_upgraded":4,"win_rate":0,"timestamp":1676603764,"path_taken":["M","M","?","M","?","R","$","M","T","R","?","?","E","M","R","BOSS","M","?","M","M","$","R","E","M"],"build_version":"2022-12-18","purchased_purges":1,"victory":false,"max_hp_per_floor":[74,74,74,74,74,74,74,74,74,74,74,79,79,79,79,79,84,84,84,84,84,91,91,91,91],"relic_stats":{"Lee\u0027s Waffle":63,"Centennial Puzzle":[3],"counters":[13,81],"Smiling Mask":25,"obtain_stats":[{"Lee\u0027s Waffle":22,"Centennial Puzzle":24,"Tiny House":17,"Mango":0,"Smiling Mask":3,"StrikeDummy":13,"Ring of the Snake":0,"ClockworkSouvenir":7},{"Lee\u0027s Waffle":11,"Centennial Puzzle":12,"Tiny House":8,"Mango":0,"Smiling Mask":2,"StrikeDummy":6,"Ring of the Snake":0,"ClockworkSouvenir":3},{"Lee\u0027s Waffle":67,"Centennial Puzzle":74,"Tiny House":47,"Mango":0,"Smiling Mask":11,"StrikeDummy":32,"Ring of the Snake":0,"ClockworkSouvenir":15}],"Ring of the Snake":[26]},"card_choices":[{"not_picked":["Cloak And Dagger","Leg Sweep"],"picked":"Acrobatics","floor":1.0},{"not_picked":["Blur","Bane"],"picked":"Poisoned Stab","floor":2},{"not_picked":["Slice","Backflip","Outmaneuver"],"picked":"SKIP","floor":4},{"not_picked":["Underhanded Strike","Blur"],"picked":"Bouncing Flask","floor":8},{"not_picked":["Heel Hook","Setup"],"picked":"Terror","floor":11},{"not_picked":["Flying Knee","Doppelganger"],"picked":"Blade Dance","floor":13},{"not_picked":["Poisoned Stab","Caltrops"],"picked":"Prepared","floor":14},{"not_picked":["Envenom","Glass Knife"],"picked":"Venomology","floor":16},{"not_picked":["Flying Knee","Accuracy"],"picked":"Crippling Poison","floor":17},{"not_picked":["Slice","Choke+1"],"picked":"Deflect+1","floor":18},{"not_picked":["Flechettes","Deflect"],"picked":"Burst","floor":20},{"not_picked":["Heel Hook","Choke"],"picked":"Escape Plan","floor":21},{"not_picked":["Leg Sweep","Flying Knee+1"],"picked":"Well Laid Plans","floor":24}],"player_experience":1432965,"relics_obtained":[{"floor":3,"key":"Smiling Mask"},{"floor":13,"key":"StrikeDummy"},{"floor":24,"key":"Centennial Puzzle"}],"event_choices":[{"damage_healed":0,"gold_gain":50,"player_choice":"Touch","damage_taken":7,"max_hp_gain":0,"max_hp_loss":0,"event_name":"FaceTrader","floor":5,"gold_loss":0},{"damage_healed":0,"gold_gain":0,"player_choice":"Donut","damage_taken":0,"max_hp_gain":5,"max_hp_loss":0,"event_name":"Big Fish","floor":12,"gold_loss":0},{"damage_healed":0,"gold_gain":50,"player_choice":"Stole From Cult","damage_taken":0,"max_hp_gain":0,"max_hp_loss":0,"event_name":"Nest","floor":19,"gold_loss":0}],"is_beta":false,"boss_relics":[{"not_picked":["Runic Dome","Snecko Eye"],"picked":"Tiny House"}],"items_purged_floors":[22],"is_endless":false,"potions_floor_spawned":[2,4,16,18,24],"killed_by":"Chosen and Byrds","ascension_level":20}