{"gold_per_floor":[115,115,134,147,147,147,180,180,180,213,236,236,236,279,279,279],"floor_reached":16,"playtime":641,"items_purged":[],"score":236,"play_id":"7dbb9f69-3001-4093-a7c9-cf1def1302b9","local_time":"20230304181137","is_ascension_mode":true,"campfire_choices":[{"data":"Apotheosis","floor":6.0,"key":"SMITH"},{"data":"1","floor":8.0,"key":"LIFT"},{"data":"Strike_G","floor":13.0,"key":"PURGE"},{"data":"Strike_G","floor":15,"key":"PURGE"}],"neow_cost":"TEN_PERCENT_HP_LOSS","seed_source_timestamp":1525545175978000,"circlet_count":0,"master_deck":["AscendersBane","Strike_G","Strike_G","Strike_G","Defend_G","Defend_G","Defend_G","Defend_G","Defend_G","Survivor","Neutralize","Apotheosis+1","Dash","Dagger Throw","Underhanded Strike","Calculated Gamble","Reflex","Deflect"],"special_seed":0,"relics":["Ring of the Snake","Golden Idol","Girya","Peace Pipe","Ancient Tea Set","Orichalcum"],"potions_floor_usage":[],"damage_taken":[{"damage":4.0,"enemies":"Jaw Worm","floor":1.0,"turns":5.0},{"damage":0.0,"enemies":"Cultist","floor":3.0,"turns":3.0},{"damage":4.0,"enemies":"Small Slimes","floor":4.0,"turns":4.0},{"damage":6.0,"enemies":"Gremlin Nob","floor":7.0,"turns":3.0},{"damage":14.0,"enemies":"3 Sentries","floor":10.0,"turns":7.0},{"damage":7.0,"enemies":"Gremlin Gang","floor":11.0,"turns":5.0},{"damage":36,"enemies":"Gremlin Nob","floor":14,"turns":4},{"damage":32,"enemies":"The Guardian","floor":16,"turns":12}],"seed_played":"1965476699506860014","potions_obtained":[{"floor":1.0,"key":"FearPotion"},{"floor":3.0,"key":"CunningPotion"},{"floor":14,"key":"LiquidBronze"}],"is_trial":false,"path_per_floor":["M","?","M","M","?","R","E","R","T","E","M","?","R","E","R","B"],"character_chosen":"THE_SILENT","basemod:card_modifiers":[null,null,null,null,null,null,null,null,null,null,null,null,null,null,null,null,null,null],"items_purchased":[],"campfire_rested":0,"item_purchase_floors":[],"current_hp_per_floor":[55,54,54,50,39,39,33,33,33,19,12,64,64,28,28,0],"gold":279,"neow_bonus":"RANDOM_COLORLESS_2","is_prod":false,"is_daily":false,"chose_seed":false,"campfire_upgraded":1,"win_rate":0,"timestamp":1677971497,"path_taken":["M","?","M","M","?","R","E","R","T","E","M","?","R","E","R","BOSS"],"build_version":"2022-12-18","purchased_purges":0,"victory":false,"max_hp_per_floor":[60,54,54,54,54,54,54,54,54,54,54,64,64,64,64,64],"relic_stats":{"Peace Pipe":2,"Girya":1,"counters":[8,43],"Golden Idol":35,"Orichalcum":[6],"Ancient Tea Set":[4],"obtain_stats":[{"Peace Pipe":9,"Girya":7,"Golden Idol":2,"Orichalcum":14,"Ancient Tea Set":10,"Ring of the Snake":0},{"Peace Pipe":4,"Girya":4,"Golden Idol":1,"Orichalcum":7,"Ancient Tea Set":5,"Ring of the Snake":0},{"Peace Pipe":15,"Girya":15,"Golden Idol":5,"Orichalcum":31,"Ancient Tea Set":22,"Ring of the Snake":0}],"Ring of the Snake":[16]},"card_choices":[{"not_picked":["Secret Weapon","Sadistic Nature"],"picked":"Apotheosis","floor":0.0},{"not_picked":["PiercingWail","Dodge and Roll"],"picked":"Dash","floor":1.0},{"not_picked":["Quick Slash","Outmaneuver"],"picked":"Dagger Throw","floor":3.0},{"not_picked":["Phantasmal Killer","Blade Dance"],"picked":"Underhanded Strike","floor":4.0},{"not_picked":["Dash","Sucker Punch"],"picked":"Corpse Explosion","floor":7.0},{"not_picked":["Prepared","Dagger Throw"],"picked":"Calculated Gamble","floor":10.0},{"not_picked":["Bouncing Flask","Outmaneuver"],"picked":"Reflex","floor":11.0},{"not_picked":["PiercingWail","Dodge and Roll"],"picked":"Deflect","floor":14}],"player_experience":1487446,"relics_obtained":[{"floor":7.0,"key":"Girya"},{"floor":9.0,"key":"Peace Pipe"},{"floor":10.0,"key":"Ancient Tea Set"},{"floor":14,"key":"Orichalcum"}],"event_choices":[{"damage_healed":0.0,"max_hp_gain":0.0,"max_hp_loss":6.0,"gold_gain":0.0,"event_name":"Golden Idol","player_choice":"Lose Max HP","floor":2.0,"gold_loss":0.0,"damage_taken":0.0,"relics_obtained":["Golden Idol"]},{"damage_healed":0.0,"max_hp_gain":0.0,"max_hp_loss":0.0,"gold_gain":0.0,"event_name":"Scrap Ooze","player_choice":"Fled","floor":5.0,"gold_loss":0.0,"damage_taken":11.0},{"cards_removed":["Corpse Explosion"],"damage_healed":42.0,"max_hp_gain":10.0,"max_hp_loss":0.0,"gold_gain":0.0,"event_name":"Bonfire Elementals","player_choice":"Offered Rare","floor":12.0,"gold_loss":0.0,"damage_taken":0.0}],"is_beta":false,"boss_relics":[],"items_purged_floors":[],"is_endless":false,"potions_floor_spawned":[1,3,14],"killed_by":"The Guardian","ascension_level":20}