{"gold_per_floor":[115,126,139,139,158,158],"floor_reached":6,"playtime":308,"items_purged":[],"score":76,"play_id":"707a1244-f4bc-48d3-90de-d2f8a4229f96","local_time":"20230304090225","is_ascension_mode":true,"campfire_choices":[],"neow_cost":"PERCENT_DAMAGE","seed_source_timestamp":1492945625343600,"circlet_count":0,"master_deck":["AscendersBane","Strike_G","Strike_G","Strike_G","Strike_G","Strike_G","Defend_G","Defend_G","Defend_G","Defend_G","Defend_G","Survivor","Neutralize","Thinking Ahead","All Out Attack","Flying Knee","Dagger Spray"],"relics":["Ring of the Snake"],"potions_floor_usage":[5,6],"damage_taken":[{"damage":2,"enemies":"Jaw Worm","floor":1,"turns":5},{"damage":7,"enemies":"2 Louse","floor":2,"turns":2},{"damage":1,"enemies":"Cultist","floor":3,"turns":4},{"damage":9,"enemies":"Large Slime","floor":5,"turns":8},{"damage":33,"enemies":"Lagavulin","floor":6,"turns":6}],"seed_played":"2664486770873098946","potions_obtained":[{"floor":2,"key":"Fire Potion"},{"floor":5,"key":"Strength Potion"}],"is_trial":false,"path_per_floor":["M","M","M","?","M","E"],"character_chosen":"THE_SILENT","basemod:card_modifiers":[null,null,null,null,null,null,null,null,null,null,null,null,null,null,null,null,null],"items_purchased":[],"campfire_rested":0,"item_purchase_floors":[],"current_hp_per_floor":[42,35,34,34,25,0],"gold":158,"neow_bonus":"RANDOM_COLORLESS_2","is_prod":false,"is_daily":false,"chose_seed":false,"campfire_upgraded":0,"win_rate":0,"timestamp":1677938545,"path_taken":["M","M","M","?","M","E"],"build_version":"2022-12-18","purchased_purges":0,"victory":false,"max_hp_per_floor":[66,66,66,66,66,66],"relic_stats":{"counters":[5,25],"obtain_stats":[{"Ring of the Snake":0},{"Ring of the Snake":0},{"Ring of the Snake":0}],"Ring of the Snake":[10]},"card_choices":[{"not_picked":["Chrysalis","Transmutation"],"picked":"Thinking Ahead","floor":0},{"not_picked":["Flying Knee","Cloak And Dagger"],"picked":"All Out Attack","floor":1},{"not_picked":["Backflip","Poisoned Stab"],"picked":"Flying Knee","floor":2},{"not_picked":["Blade Dance","Deadly Poison"],"picked":"Dagger Spray","floor":3},{"not_picked":["Deflect","Expertise","Bane"],"picked":"SKIP","floor":5},{"not_picked":["Deflect","Expertise","Bane"],"picked":"SKIP","floor":5}],"player_experience":1483323,"relics_obtained":[],"event_choices":[{"damage_healed":0,"gold_gain":0,"player_choice":"Fled","damage_taken":0,"max_hp_gain":0,"max_hp_loss":0,"event_name":"Scrap Ooze","floor":4,"gold_loss":0}],"is_beta":false,"boss_relics":[],"items_purged_floors":[],"is_endless":false,"potions_floor_spawned":[2,5],"killed_by":"Lagavulin","ascension_level":20}