{"gold_per_floor":[118,193,39,49,65,65,75,102,125,25,25,25,49,49,49,49],"floor_reached":16,"playtime":629,"items_purged":["Pain","Strike_G"],"score":200,"play_id":"95017725-4229-4ff4-9d75-352dfb249a94","local_time":"20230301202202","is_ascension_mode":true,"campfire_choices":[{"floor":6,"key":"REST"},{"floor":11,"key":"REST"},{"data":"Prepared","floor":15,"key":"SMITH"}],"neow_cost":"CURSE","seed_source_timestamp":1274201748300900,"circlet_count":0,"master_deck":["AscendersBane","Strike_G","Strike_G","Strike_G","Defend_G","Defend_G","Defend_G","Defend_G","Defend_G","Survivor","Neutralize","Grand Finale","Bouncing Flask","Well Laid Plans","Flying Knee","Prepared+1","Footwork","Phantasmal Killer"],"relics":["Ring of the Snake","Omamori","Boot","Golden Idol"],"potions_floor_usage":[7,8],"damage_taken":[{"damage":19,"enemies":"2 Louse","floor":1,"turns":9},{"damage":4,"enemies":"Small Slimes","floor":4,"turns":5},{"damage":0,"enemies":"Cultist","floor":5,"turns":3},{"damage":1,"enemies":"Exordium Wildlife","floor":7,"turns":3},{"damage":17,"enemies":"Lagavulin","floor":8,"turns":5},{"damage":12,"enemies":"Looter","floor":13,"turns":3},{"damage":34,"enemies":"The Guardian","floor":16,"turns":8}],"seed_played":"6275812103337623436","potions_obtained":[{"floor":4,"key":"ColorlessPotion"},{"floor":5,"key":"Swift Potion"}],"is_trial":false,"path_per_floor":["M","?","$","M","M","R","M","E","T","$","R","?","M","?","R","B"],"character_chosen":"THE_SILENT","basemod:card_modifiers":[null,null,null,null,null,null,null,null,null,null,null,null,null,null,null,null,null,null],"items_purchased":["Well Laid Plans"],"campfire_rested":2,"item_purchase_floors":[3],"current_hp_per_floor":[40,29,29,25,25,44,43,26,26,26,45,45,33,33,33,0],"gold":49,"neow_bonus":"THREE_RARE_CARDS","is_prod":false,"is_daily":false,"chose_seed":false,"campfire_upgraded":1,"win_rate":0,"timestamp":1677720122,"path_taken":["M","?","$","M","M","R","M","E","T","$","R","?","M","?","R","BOSS"],"build_version":"2022-12-18","purchased_purges":2,"victory":false,"max_hp_per_floor":[66,66,66,66,66,66,66,66,66,66,66,60,60,60,60,60],"relic_stats":{"counters":[7,36],"Golden Idol":5,"Omamori":0,"Boot":[2],"obtain_stats":[{"Golden Idol":12,"Omamori":8,"Boot":9,"Ring of the Snake":0},{"Golden Idol":5,"Omamori":5,"Boot":5,"Ring of the Snake":0},{"Golden Idol":25,"Omamori":25,"Boot":25,"Ring of the Snake":0}],"Ring of the Snake":[14]},"card_choices":[{"not_picked":["Burst","After Image"],"picked":"Grand Finale","floor":0},{"not_picked":["Dagger Spray","Cloak And Dagger"],"picked":"Bouncing Flask","floor":1},{"not_picked":["Caltrops","All Out Attack"],"picked":"Flying Knee","floor":4},{"not_picked":["Burst","Heel Hook","Quick Slash"],"picked":"SKIP","floor":5},{"not_picked":["Deflect","Catalyst","Slice"],"picked":"SKIP","floor":7},{"not_picked":["Deadly Poison","All Out Attack"],"picked":"Prepared","floor":8},{"not_picked":["Slice","All Out Attack"],"picked":"Footwork","floor":13}],"player_experience":1464520,"relics_obtained":[{"floor":8,"key":"Omamori"},{"floor":9,"key":"Boot"}],"event_choices":[{"damage_healed":0,"gold_gain":75,"player_choice":"Gather Gold","damage_taken":11,"max_hp_gain":0,"max_hp_loss":0,"event_name":"World of Goop","floor":2,"gold_loss":0},{"damage_healed":0,"gold_gain":0,"player_choice":"Lose Max HP","damage_taken":0,"relics_obtained":["Golden Idol"],"max_hp_gain":0,"max_hp_loss":6,"event_name":"Golden Idol","floor":12,"gold_loss":0},{"damage_healed":0,"gold_gain":0,"cards_transformed":["Strike_G"],"player_choice":"Transformed","damage_taken":0,"max_hp_gain":0,"max_hp_loss":0,"event_name":"Transmorgrifier","floor":14,"gold_loss":0,"cards_obtained":["Phantasmal Killer"]}],"is_beta":false,"boss_relics":[],"items_purged_floors":[3,10],"is_endless":false,"potions_floor_spawned":[4,5],"killed_by":"The Guardian","ascension_level":20}