{"gold_per_floor":[118,169,183,201,251,251,265,298,298,298,327,327,28,41,41,41],"floor_reached":16,"playtime":512,"items_purged":["Strike_G"],"score":220,"play_id":"88633935-ee82-4f70-a0a0-ddef32cb0a8b","local_time":"20230301203050","is_ascension_mode":true,"campfire_choices":[{"data":"Unload","floor":6.0,"key":"SMITH"},{"floor":10.0,"key":"REST"},{"floor":12,"key":"REST"},{"floor":15,"key":"REST"}],"neow_cost":"TEN_PERCENT_HP_LOSS","seed_source_timestamp":1274837950967500,"circlet_count":0,"master_deck":["AscendersBane","Strike_G","Strike_G","Strike_G","Defend_G","Defend_G","Defend_G","Defend_G","Survivor","Neutralize","Underhanded Strike","Dagger Throw","Unload+1","Predator","Dagger Spray","Backflip","Backflip","Underhanded Strike"],"special_seed":0,"relics":["Ring of the Snake","WingedGreaves","Bird Faced Urn","Bottled Flame","OrangePellets"],"potions_floor_usage":[16],"damage_taken":[{"damage":14.0,"enemies":"Cultist","floor":1.0,"turns":6.0},{"damage":4.0,"enemies":"Jaw Worm","floor":3.0,"turns":6.0},{"damage":5.0,"enemies":"Small Slimes","floor":4.0,"turns":4.0},{"damage":5.0,"enemies":"Gremlin Gang","floor":7.0,"turns":4.0},{"damage":16.0,"enemies":"3 Sentries","floor":8.0,"turns":6.0},{"damage":32.0,"enemies":"Gremlin Nob","floor":11.0,"turns":4.0},{"damage":1,"enemies":"Looter","floor":14,"turns":4},{"damage":36,"enemies":"Slime Boss","floor":16,"turns":5}],"seed_played":"1285803012023080886","potions_obtained":[{"floor":3.0,"key":"Dexterity Potion"},{"floor":14,"key":"SkillPotion"}],"is_trial":false,"path_per_floor":["M","?","M","M","?","R","M","E","T","R","E","R","$","M","R","B"],"character_chosen":"THE_SILENT","basemod:card_modifiers":[null,null,null,null,null,null,null,null,null,null,null,null,null,null,null,null,null,null],"items_purchased":["OrangePellets","Backflip"],"campfire_rested":3,"item_purchase_floors":[13,13],"current_hp_per_floor":[45,45,41,36,36,36,31,15,15,33,1,19,19,18,36,0],"gold":41,"neow_bonus":"REMOVE_TWO","is_prod":false,"is_daily":false,"chose_seed":false,"campfire_upgraded":1,"win_rate":0,"timestamp":1677720650,"path_taken":["M","?","M","M","?","R","M","E","T","R","E","R","?","?","R","BOSS"],"build_version":"2022-12-18","purchased_purges":1,"victory":false,"max_hp_per_floor":[60,60,60,60,60,60,60,60,60,60,60,60,60,60,60,60],"relic_stats":{"OrangePellets":[0],"Bottled Flame":"Predator","counters":[8,39],"Bird Faced Urn":[0],"WingedGreaves":0,"obtain_stats":[{"OrangePellets":13,"Bottled Flame":11,"Bird Faced Urn":9,"WingedGreaves":8,"Ring of the Snake":0},{"OrangePellets":6,"Bottled Flame":6,"Bird Faced Urn":5,"WingedGreaves":5,"Ring of the Snake":0},{"OrangePellets":30,"Bottled Flame":30,"Bird Faced Urn":26,"WingedGreaves":26,"Ring of the Snake":0}],"Ring of the Snake":[16]},"card_choices":[{"not_picked":["Backflip","Outmaneuver"],"picked":"Underhanded Strike","floor":1.0},{"not_picked":["PiercingWail","Endless Agony"],"picked":"Dagger Throw","floor":3.0},{"not_picked":["Backflip","Slice"],"picked":"Unload","floor":4.0},{"not_picked":["Eviscerate","Escape Plan"],"picked":"Predator","floor":7.0},{"not_picked":["Poisoned Stab","Crippling Poison"],"picked":"Dagger Spray","floor":8.0},{"not_picked":["Slice","Heel Hook"],"picked":"Backflip","floor":11},{"not_picked":["Slice","All Out Attack"],"picked":"Underhanded Strike","floor":14}],"player_experience":1465149,"relics_obtained":[{"floor":8.0,"key":"WingedGreaves"},{"floor":9.0,"key":"Bird Faced Urn"},{"floor":11,"key":"Bottled Flame"}],"event_choices":[{"damage_healed":0.0,"max_hp_gain":0.0,"max_hp_loss":0.0,"gold_gain":51.0,"event_name":"Golden Wing","player_choice":"Gained Gold","floor":2.0,"gold_loss":0.0,"damage_taken":0.0},{"damage_healed":0.0,"max_hp_gain":0.0,"max_hp_loss":0.0,"gold_gain":50.0,"event_name":"Golden Shrine","player_choice":"Pray","floor":5.0,"gold_loss":0.0,"damage_taken":0.0}],"is_beta":false,"boss_relics":[],"items_purged_floors":[13],"is_endless":false,"potions_floor_spawned":[3,14],"killed_by":"Slime Boss","ascension_level":20}