{"gold_per_floor":[109,109,120,135,135,135,135],"floor_reached":7,"playtime":149,"items_purged":[],"score":82,"play_id":"c0695f4e-4658-4be2-b1bd-37e8057d5058","local_time":"20230302211110","is_ascension_mode":true,"campfire_choices":[{"data":"Dagger Spray","floor":6,"key":"SMITH"}],"neow_cost":"NONE","seed_source_timestamp":1364029054196300,"circlet_count":0,"master_deck":["AscendersBane","Strike_G","Strike_G","Strike_G","Strike_G","Strike_G","Defend_G","Defend_G","Defend_G","Defend_G","Survivor","Neutralize","Flying Knee","Dagger Spray+1"],"relics":["Ring of the Snake","Bronze Scales","Anchor"],"potions_floor_usage":[],"damage_taken":[{"damage":0,"enemies":"2 Louse","floor":1,"turns":3},{"damage":4,"enemies":"Small Slimes","floor":3,"turns":4},{"damage":0,"enemies":"Jaw Worm","floor":4,"turns":3},{"damage":46,"enemies":"Gremlin Nob","floor":7,"turns":4}],"seed_played":"-2702345690633620382","potions_obtained":[],"is_trial":false,"path_per_floor":["M","?","M","M","?","R","E"],"character_chosen":"THE_SILENT","basemod:card_modifiers":[null,null,null,null,null,null,null,null,null,null,null,null,null,null],"items_purchased":[],"campfire_rested":0,"item_purchase_floors":[],"current_hp_per_floor":[59,54,50,50,43,43,0],"gold":135,"neow_bonus":"RANDOM_COMMON_RELIC","is_prod":false,"is_daily":false,"chose_seed":false,"campfire_upgraded":1,"win_rate":0,"timestamp":1677809470,"path_taken":["M","?","M","M","?","R","E"],"build_version":"2022-12-18","purchased_purges":0,"victory":false,"max_hp_per_floor":[66,66,66,66,66,66,66],"relic_stats":{"counters":[4,14],"Bronze Scales":[24],"obtain_stats":[{"Anchor":2,"Bronze Scales":0,"Ring of the Snake":0},{"Anchor":1,"Bronze Scales":0,"Ring of the Snake":0},{"Anchor":3,"Bronze Scales":0,"Ring of the Snake":0}],"Ring of the Snake":[8]},"card_choices":[{"not_picked":["Prepared","Sucker Punch"],"picked":"Flying Knee","floor":1},{"not_picked":["Flechettes","Sucker Punch","Cloak And Dagger"],"picked":"SKIP","floor":3},{"not_picked":["Endless Agony","Flying Knee"],"picked":"Dagger Spray","floor":4}],"player_experience":1474531,"relics_obtained":[],"event_choices":[{"damage_healed":0,"gold_gain":0,"player_choice":"Success","damage_taken":5,"relics_obtained":["Anchor"],"max_hp_gain":0,"max_hp_loss":0,"event_name":"Scrap Ooze","floor":2,"gold_loss":0},{"cards_removed":["Defend_G"],"damage_healed":0,"gold_gain":0,"player_choice":"Card Removal","damage_taken":7,"max_hp_gain":0,"max_hp_loss":0,"event_name":"Golden Wing","floor":5,"gold_loss":0}],"is_beta":false,"boss_relics":[],"items_purged_floors":[],"is_endless":false,"potions_floor_spawned":[],"killed_by":"Gremlin Nob","ascension_level":20}