{"gold_per_floor":[117,117,127,177,195,195,229,247,247,227,65,90,109,136,136,136],"floor_reached":16,"playtime":824,"items_purged":[],"score":240,"play_id":"575b86fc-86a7-472e-a1e4-937b99fe9b36","local_time":"20230304175119","is_ascension_mode":true,"campfire_choices":[{"data":"Skewer","floor":6,"key":"SMITH"},{"data":"Calculated Gamble","floor":15,"key":"SMITH"}],"neow_cost":"NONE","seed_source_timestamp":1524163193919800,"circlet_count":0,"master_deck":["AscendersBane","Strike_G","Strike_G","Strike_G","Strike_G","Strike_G","Defend_G","Defend_G","Defend_G","Defend_G","Defend_G","Survivor","Neutralize+1","Skewer+1","Slice","Reflex","PiercingWail","Blade Dance","Calculated Gamble+1"],"relics":["Ring of the Snake","PreservedInsect","Omamori","Pear","Bag of Preparation","CaptainsWheel","Meat on the Bone"],"potions_floor_usage":[7,12,16,16],"damage_taken":[{"damage":1,"enemies":"Small Slimes","floor":1,"turns":4},{"damage":3,"enemies":"Jaw Worm","floor":3,"turns":6},{"damage":0,"enemies":"2 Louse","floor":5,"turns":4},{"damage":12,"enemies":"3 Sentries","floor":7,"turns":8},{"damage":1,"enemies":"Red Slaver","floor":8,"turns":3},{"damage":10,"enemies":"Lagavulin","floor":12,"turns":4},{"damage":3,"enemies":"Blue Slaver","floor":13,"turns":4},{"damage":10,"enemies":"3 Sentries","floor":14,"turns":5},{"damage":42,"enemies":"The Guardian","floor":16,"turns":14}],"seed_played":"5283006000519033367","potions_obtained":[{"floor":1,"key":"Energy Potion"},{"floor":3,"key":"Strength Potion"},{"floor":10,"key":"Swift Potion"},{"floor":13,"key":"GamblersBrew"}],"is_trial":false,"path_per_floor":["M","?","M","T","M","R","E","M","T","?","$","E","M","E","R","B"],"character_chosen":"THE_SILENT","basemod:card_modifiers":[null,null,null,null,null,null,null,null,null,null,null,null,null,null,null,null,null,null,null],"items_purchased":["Bag of Preparation"],"campfire_rested":0,"item_purchase_floors":[11],"current_hp_per_floor":[58,58,55,55,55,55,43,42,52,52,52,42,39,29,29,0],"gold":136,"neow_bonus":"UPGRADE_CARD","is_prod":false,"is_daily":false,"chose_seed":false,"campfire_upgraded":2,"win_rate":0,"timestamp":1677970279,"path_taken":["M","?","M","?","M","R","E","M","T","?","$","E","?","E","R","BOSS"],"build_version":"2022-12-18","purchased_purges":0,"victory":false,"max_hp_per_floor":[66,66,66,66,66,66,66,66,76,76,76,76,76,76,76,76],"relic_stats":{"counters":[9,52],"PreservedInsect":97,"Omamori":0,"Bag of Preparation":[8],"obtain_stats":[{"CaptainsWheel":12,"Pear":9,"PreservedInsect":4,"Omamori":7,"Bag of Preparation":11,"Ring of the Snake":0,"Meat on the Bone":14},{"CaptainsWheel":6,"Pear":5,"PreservedInsect":2,"Omamori":4,"Bag of Preparation":5,"Ring of the Snake":0,"Meat on the Bone":8},{"CaptainsWheel":29,"Pear":25,"PreservedInsect":10,"Omamori":22,"Bag of Preparation":25,"Ring of the Snake":0,"Meat on the Bone":38}],"Ring of the Snake":[18],"Meat on the Bone":0},"card_choices":[{"not_picked":["Dagger Throw","Infinite Blades"],"picked":"Skewer","floor":1},{"not_picked":["PiercingWail","Underhanded Strike","Acrobatics"],"picked":"SKIP","floor":3},{"not_picked":["Outmaneuver","Underhanded Strike"],"picked":"Slice","floor":5},{"not_picked":["Prepared","Dagger Throw"],"picked":"Reflex","floor":7},{"not_picked":["Cloak And Dagger","Grand Finale"],"picked":"PiercingWail","floor":8},{"not_picked":["Eviscerate","Deflect","Finisher"],"picked":"SKIP","floor":12},{"not_picked":["Expertise","Skewer"],"picked":"Blade Dance","floor":13},{"not_picked":["Prepared","Deadly Poison"],"picked":"Calculated Gamble","floor":14}],"player_experience":1486090,"relics_obtained":[{"floor":4,"key":"PreservedInsect"},{"floor":7,"key":"Omamori"},{"floor":9,"key":"Pear"},{"floor":12,"key":"CaptainsWheel"},{"floor":14,"key":"Meat on the Bone"}],"event_choices":[{"damage_healed":0,"gold_gain":0,"player_choice":"Ignored","damage_taken":0,"max_hp_gain":0,"max_hp_loss":0,"event_name":"Liars Game","floor":2,"gold_loss":0},{"damage_healed":0,"gold_gain":0,"player_choice":"Bought 1 Potion","damage_taken":0,"max_hp_gain":0,"max_hp_loss":0,"event_name":"The Woman in Blue","floor":10,"gold_loss":0}],"is_beta":false,"boss_relics":[],"items_purged_floors":[],"is_endless":false,"potions_floor_spawned":[1,3,13,14],"killed_by":"The Guardian","ascension_level":20}