{"gold_per_floor":[17,28,46,46,46,46,73,73,73,92,92,367,5,37,49,137,149,173,199,136,48,48,79,26,26],"floor_reached":25,"playtime":1134,"items_purged":["Regret","Strike_G"],"score":454,"play_id":"a27c8098-c96e-4f03-a4c8-9b7a248bd95b","local_time":"20230302203322","is_ascension_mode":true,"campfire_choices":[{"data":"Bouncing Flask","floor":6,"key":"SMITH"},{"floor":11,"key":"REST"},{"floor":15,"key":"REST"}],"neow_cost":"NO_GOLD","seed_source_timestamp":1360775634482900,"circlet_count":0,"master_deck":["AscendersBane","Strike_G","Strike_G","Defend_G","Defend_G","Defend_G","Defend_G","Defend_G","Survivor","Neutralize","Violence","Bouncing Flask+1","Flying Knee","Footwork","Deadly Poison+1","Caltrops","Acrobatics","Crippling Poison+1","Noxious Fumes","Backstab","Glass Knife","Calculated Gamble","Concentrate+1","Acrobatics","Escape Plan"],"relics":["Ring of the Snake","Paper Crane","MawBank","HoveringKite","War Paint"],"potions_floor_usage":[10,10,14,18,23,25],"damage_taken":[{"damage":1,"enemies":"2 Louse","floor":1,"turns":5},{"damage":6,"enemies":"Jaw Worm","floor":2,"turns":5},{"damage":1,"enemies":"Small Slimes","floor":3,"turns":4},{"damage":11,"enemies":"Lagavulin","floor":7,"turns":7},{"damage":21,"enemies":"Gremlin Gang","floor":10,"turns":4},{"damage":18,"enemies":"Gremlin Nob","floor":14,"turns":4},{"damage":5,"enemies":"The Guardian","floor":16,"turns":9},{"damage":24,"enemies":"Shell Parasite","floor":18,"turns":3},{"damage":3,"enemies":"Chosen","floor":19,"turns":5},{"damage":25,"enemies":"Gremlin Leader","floor":23,"turns":8},{"damage":7,"enemies":"Book of Stabbing","floor":25,"turns":3}],"seed_played":"-4080325491231456861","potions_obtained":[{"floor":1,"key":"Weak Potion"},{"floor":3,"key":"Dexterity Potion"},{"floor":7,"key":"ColorlessPotion"},{"floor":16,"key":"DuplicationPotion"},{"floor":18,"key":"LiquidMemories"}],"is_trial":false,"path_per_floor":["M","M","M","?","?","R","E","$","T","M","R","?","$","E","R","B",null,"M","M","?","$","?","E","$","E"],"character_chosen":"THE_SILENT","basemod:card_modifiers":[null,null,null,null,null,null,null,null,null,null,null,null,null,null,null,null,null,null,null,null,null,null,null,null,null],"items_purchased":["Crippling Poison","Noxious Fumes","Backstab","EssenceOfSteel","ColorlessPotion"],"campfire_rested":2,"item_purchase_floors":[13,13,13,13,24],"current_hp_per_floor":[58,52,51,51,33,33,22,22,22,1,20,20,20,2,21,16,54,30,27,27,27,27,2,2,0],"gold":26,"neow_bonus":"RANDOM_COLORLESS_2","is_prod":false,"is_daily":false,"chose_seed":false,"campfire_upgraded":1,"win_rate":0,"timestamp":1677807202,"path_taken":["M","M","M","?","?","R","E","?","T","M","R","?","$","E","R","BOSS","M","?","?","$","?","E","$","E"],"build_version":"2022-12-18","purchased_purges":2,"victory":false,"max_hp_per_floor":[66,66,66,66,66,66,66,66,66,66,66,66,66,66,66,66,66,66,66,66,66,66,66,66,66],"relic_stats":{"counters":[11,57],"HoveringKite":[7],"War Paint":["Crippling Poison","Deadly Poison"],"MawBank":84,"obtain_stats":[{"HoveringKite":17,"Paper Crane":7,"War Paint":23,"MawBank":14,"Ring of the Snake":0},{"HoveringKite":7,"Paper Crane":4,"War Paint":10,"MawBank":6,"Ring of the Snake":0},{"HoveringKite":38,"Paper Crane":21,"War Paint":54,"MawBank":29,"Ring of the Snake":0}],"Ring of the Snake":[22]},"card_choices":[{"not_picked":["Secret Weapon","Metamorphosis"],"picked":"Violence","floor":0},{"not_picked":["Cloak And Dagger","Poisoned Stab"],"picked":"Bouncing Flask","floor":1},{"not_picked":["Deflect","Backflip"],"picked":"Flying Knee","floor":2},{"not_picked":["Dodge and Roll","Venomology"],"picked":"Footwork","floor":3},{"not_picked":["Concentrate","Dodge and Roll"],"picked":"Caltrops","floor":7},{"not_picked":["Poisoned Stab","Deflect"],"picked":"Acrobatics","floor":10},{"not_picked":["Slice","Backstab","Quick Slash"],"picked":"SKIP","floor":14},{"not_picked":["Unload","A Thousand Cuts"],"picked":"Glass Knife","floor":16},{"not_picked":["Deflect","Terror"],"picked":"Calculated Gamble","floor":18},{"not_picked":["Terror+1","Deflect"],"picked":"Concentrate+1","floor":19},{"not_picked":["Sucker Punch","Eviscerate"],"picked":"Escape Plan","floor":23}],"player_experience":1471321,"relics_obtained":[{"floor":7,"key":"Paper Crane"},{"floor":14,"key":"MawBank"},{"floor":23,"key":"War Paint"}],"event_choices":[{"damage_healed":0,"gold_gain":0,"cards_transformed":["Strike_G"],"player_choice":"Change","damage_taken":0,"max_hp_gain":0,"max_hp_loss":0,"event_name":"Living Wall","floor":4,"gold_loss":0,"cards_obtained":["Deadly Poison"]},{"damage_healed":0,"gold_gain":0,"player_choice":"Fled","damage_taken":18,"max_hp_gain":0,"max_hp_loss":0,"event_name":"Scrap Ooze","floor":5,"gold_loss":0},{"damage_healed":0,"gold_gain":275,"player_choice":"Desecrate","damage_taken":0,"max_hp_gain":0,"max_hp_loss":0,"event_name":"Golden Shrine","floor":12,"gold_loss":0,"cards_obtained":["Regret"]},{"cards_removed":["Strike_G"],"damage_healed":0,"gold_gain":0,"player_choice":"Gave Gold","damage_taken":0,"max_hp_gain":0,"max_hp_loss":0,"event_name":"Beggar","floor":20,"gold_loss":75},{"damage_healed":0,"gold_gain":0,"player_choice":"Copied","damage_taken":0,"max_hp_gain":0,"max_hp_loss":0,"event_name":"Duplicator","floor":22,"gold_loss":0,"cards_obtained":["Acrobatics"]}],"is_beta":false,"boss_relics":[{"not_picked":["SacredBark","Runic Pyramid"],"picked":"HoveringKite"}],"items_purged_floors":[13,21],"is_endless":false,"potions_floor_spawned":[1,3,7,16,18],"killed_by":"Book of Stabbing","ascension_level":20}