{"gold_per_floor":[110,110,110,130,141,141,171,187,187,205,205,224,255,54,54,125,125,142,162,162,182,192,225,225,250,276,295,307,307,45,56,56,132,132,147,147,162,56,0,34,49,81,156,156,167,194,213,238,238,238,238,238,238,28,55,55],"floor_reached":57,"playtime":4938,"items_purged":["Strike_G","Strike_G"],"score":3467,"play_id":"a55d2db6-ef63-4873-b445-74710f1de3db","local_time":"20230302223349","is_ascension_mode":true,"campfire_choices":[{"data":"Blade Dance","floor":6,"key":"SMITH"},{"data":"Noxious Fumes","floor":15,"key":"SMITH"},{"data":"Dagger Spray","floor":24,"key":"SMITH"},{"floor":29,"key":"REST"},{"data":"Neutralize","floor":32,"key":"SMITH"},{"data":"Wraith Form v2","floor":44,"key":"SMITH"},{"floor":49,"key":"RECALL"},{"floor":53,"key":"REST"}],"neow_cost":"TEN_PERCENT_HP_LOSS","seed_source_timestamp":1364185204846500,"circlet_count":0,"master_deck":["AscendersBane","Defend_G","Defend_G","Survivor","Neutralize+1","Blade Dance+1","Slice","Dagger Spray+1","PiercingWail+1","Deadly Poison+1","Escape Plan+1","Noxious Fumes+1","Acrobatics+1","Corpse Explosion+1","Tactician+1","Backflip+1","Tactician+1","Acrobatics+1","Calculated Gamble+1","Wraith Form v2+1","Cloak And Dagger+1","All Out Attack+1","Finisher+1","Prepared+1","Madness+1","Madness+1","Purity+1","Acrobatics+1","Acrobatics+1","Reflex+1"],"relics":["Ring of the Snake","White Beast Statue","Toxic Egg 2","Pantograph","Runic Pyramid","Torii","Tough Bandages","Shuriken","Dream Catcher","Lee\u0027s Waffle","Astrolabe","Red Mask","CaptainsWheel","Girya","Akabeko","Gambling Chip","OrangePellets","Blood Vial"],"potions_floor_usage":[7,13,18,22,25,27,56,56],"damage_taken":[{"damage":0,"enemies":"Small Slimes","floor":1,"turns":5},{"damage":1,"enemies":"Cultist","floor":4,"turns":5},{"damage":0,"enemies":"2 Louse","floor":5,"turns":3},{"damage":10,"enemies":"3 Sentries","floor":7,"turns":9},{"damage":2,"enemies":"Lots of Slimes","floor":8,"turns":3},{"damage":0,"enemies":"2 Fungi Beasts","floor":10,"turns":2},{"damage":8,"enemies":"Looter","floor":12,"turns":3},{"damage":8,"enemies":"Gremlin Nob","floor":13,"turns":3},{"damage":1,"enemies":"Hexaghost","floor":16,"turns":7},{"damage":0,"enemies":"2 Thieves","floor":18,"turns":2},{"damage":3,"enemies":"Spheric Guardian","floor":19,"turns":3},{"damage":6,"enemies":"Snake Plant","floor":21,"turns":4},{"damage":7,"enemies":"Shelled Parasite and Fungi","floor":22,"turns":5},{"damage":0,"enemies":"Gremlin Leader","floor":23,"turns":5},{"damage":6,"enemies":"Slavers","floor":25,"turns":2},{"damage":0,"enemies":"Sentry and Sphere","floor":27,"turns":3},{"damage":18,"enemies":"Snake Plant","floor":28,"turns":4},{"damage":0,"enemies":"3 Cultists","floor":31,"turns":2},{"damage":0,"enemies":"Automaton","floor":33,"turns":6},{"damage":3,"enemies":"3 Shapes","floor":35,"turns":4},{"damage":0,"enemies":"3 Darklings","floor":37,"turns":2},{"damage":0,"enemies":"Reptomancer","floor":40,"turns":5},{"damage":0,"enemies":"Sphere and 2 Shapes","floor":41,"turns":3},{"damage":0,"enemies":"Nemesis","floor":42,"turns":5},{"damage":0,"enemies":"Jaw Worm Horde","floor":45,"turns":2},{"damage":0,"enemies":"Giant Head","floor":46,"turns":2},{"damage":0,"enemies":"Maw","floor":47,"turns":3},{"damage":0,"enemies":"Mind Bloom Boss Battle","floor":48,"turns":3},{"damage":0,"enemies":"Donu and Deca","floor":50,"turns":3},{"damage":0,"enemies":"Awakened One","floor":51,"turns":4},{"damage":0,"enemies":"Shield and Spear","floor":55,"turns":2},{"damage":47,"enemies":"The Heart","floor":56,"turns":6}],"seed_played":"7977667972347628450","potions_obtained":[{"floor":5,"key":"Explosive Potion"},{"floor":8,"key":"LiquidBronze"},{"floor":10,"key":"Dexterity Potion"},{"floor":12,"key":"Energy Potion"},{"floor":13,"key":"Fire Potion"},{"floor":18,"key":"AttackPotion"},{"floor":21,"key":"DistilledChaos"},{"floor":22,"key":"Block Potion"},{"floor":23,"key":"Fire Potion"},{"floor":25,"key":"FearPotion"},{"floor":27,"key":"Ancient Potion"},{"floor":28,"key":"Explosive Potion"},{"floor":31,"key":"CultistPotion"},{"floor":35,"key":"Ancient Potion"},{"floor":40,"key":"LiquidBronze"}],"is_trial":false,"path_per_floor":["M","?","?","M","M","R","E","M","T","M","?","M","E","$","R","B",null,"M","M","?","M","M","E","R","E","T","M","M","R","$","M","R","B",null,"M","?","M","$","?","E","M","E","T","R","M","E","M","?","R","B","B",null,"R","$","E","B",null],"character_chosen":"THE_SILENT","basemod:card_modifiers":[null,null,null,null,null,null,null,null,null,null,null,null,null,null,null,null,null,null,null,null,null,null,null,null,null,null,null,null,null,null],"items_purchased":["Noxious Fumes","Acrobatics+1","Lee\u0027s Waffle","Purity+1","Reflex+1","OrangePellets"],"campfire_rested":2,"item_purchase_floors":[14,14,30,38,54,54],"current_hp_per_floor":[59,59,59,58,58,58,48,46,46,46,46,38,30,30,30,54,59,59,56,56,50,43,43,43,37,37,37,19,37,67,67,67,67,67,64,52,52,52,52,52,52,52,52,52,52,52,52,67,67,67,67,67,67,67,67,20],"gold":55,"neow_bonus":"REMOVE_TWO","is_prod":false,"is_daily":false,"chose_seed":false,"campfire_upgraded":5,"win_rate":0,"timestamp":1677814429,"path_taken":["M","?","?","M","M","R","E","M","T","?","?","M","E","$","R","BOSS","M","?","?","?","M","E","R","E","T","M","M","R","$","M","R","BOSS","M","?","M","$","?","E","M","E","T","R","M","E","M","?","R","BOSS","BOSS","R","$","E","BOSS"],"build_version":"2022-12-18","purchased_purges":2,"victory":true,"max_hp_per_floor":[60,60,60,60,60,60,60,60,60,60,60,60,60,60,60,60,60,60,60,60,60,60,60,60,60,60,60,60,60,67,67,67,67,67,67,67,67,67,67,67,67,67,67,67,67,67,67,67,67,67,67,67,67,67,67,67],"relic_stats":{"Girya":0,"Lee\u0027s Waffle":30,"Torii":8,"counters":[32,120],"Astrolabe":["Cloak And Dagger","All Out Attack","Finisher"],"White Beast Statue":[0.0,0.0,0.0,0.4,0.0,0.6000000000000001,0.0,0.0,0.0,0.0,0.0,11.856955955200007],"Blood Vial":0,"OrangePellets":[0],"Tough Bandages":[2058],"Dream Catcher":2,"Shuriken":[126],"Pantograph":40,"Gambling Chip":[13],"obtain_stats":[{"Girya":42,"Lee\u0027s Waffle":30,"Torii":20,"Astrolabe":34,"White Beast Statue":7,"Akabeko":46,"Blood Vial":55,"OrangePellets":54,"Tough Bandages":23,"Dream Catcher":26,"CaptainsWheel":40,"Shuriken":25,"Pantograph":13,"Gambling Chip":48,"Red Mask":39,"Toxic Egg 2":9,"Ring of the Snake":0,"Runic Pyramid":17},{"Girya":24,"Lee\u0027s Waffle":17,"Torii":11,"Astrolabe":19,"White Beast Statue":4,"Akabeko":26,"Blood Vial":31,"OrangePellets":30,"Tough Bandages":14,"Dream Catcher":15,"CaptainsWheel":22,"Shuriken":15,"Pantograph":8,"Gambling Chip":28,"Red Mask":21,"Toxic Egg 2":5,"Ring of the Snake":0,"Runic Pyramid":9},{"Girya":95,"Lee\u0027s Waffle":68,"Torii":45,"Astrolabe":76,"White Beast Statue":22,"Akabeko":99,"Blood Vial":114,"OrangePellets":112,"Tough Bandages":59,"Dream Catcher":61,"CaptainsWheel":87,"Shuriken":61,"Pantograph":33,"Gambling Chip":105,"Red Mask":82,"Toxic Egg 2":25,"Ring of the Snake":0,"Runic Pyramid":40}],"Ring of the Snake":[64]},"card_choices":[{"not_picked":["Terror","Tactician"],"picked":"Blade Dance","floor":1},{"not_picked":["Dodge and Roll","Deadly Poison","Setup"],"picked":"SKIP","floor":4},{"not_picked":["Reflex","Prepared"],"picked":"Slice","floor":5},{"not_picked":["Deflect","PiercingWail"],"picked":"Dagger Spray","floor":7},{"not_picked":["Poisoned Stab","Dagger Throw"],"picked":"Bouncing Flask","floor":8},{"not_picked":["Deadly Poison+1","Sucker Punch"],"picked":"PiercingWail+1","floor":10},{"not_picked":["Dagger Spray","All Out Attack"],"picked":"Deadly Poison+1","floor":12},{"not_picked":["Blur+1","Bouncing Flask+1"],"picked":"Escape Plan+1","floor":13},{"not_picked":["Unload","Wraith Form v2"],"picked":"Corpse Explosion+1","floor":16},{"not_picked":["Finisher+1","Reflex+1","Riddle With Holes"],"picked":"SKIP","floor":18},{"not_picked":["Outmaneuver+1","Sucker Punch"],"picked":"Tactician+1","floor":19},{"not_picked":["Heel Hook","Well Laid Plans","Finisher"],"picked":"SKIP","floor":21},{"not_picked":["Acrobatics+1","Outmaneuver+1"],"picked":"Backflip+1","floor":22},{"not_picked":["Backstab+1","Finisher","Distraction+1"],"picked":"SKIP","floor":23},{"not_picked":["Dagger Throw","Caltrops","Quick Slash"],"picked":"SKIP","floor":25},{"not_picked":["Underhanded Strike","Distraction+1"],"picked":"Tactician+1","floor":27},{"not_picked":["Sucker Punch","Deadly Poison+1"],"picked":"Acrobatics+1","floor":28},{"not_picked":["Dodge and Roll+1","Glass Knife"],"picked":"Calculated Gamble+1","floor":29},{"not_picked":["Poisoned Stab","All Out Attack","Quick Slash+1"],"picked":"SKIP","floor":31},{"not_picked":["Bullet Time+1","Phantasmal Killer+1"],"picked":"Wraith Form v2","floor":33},{"not_picked":["Bouncing Flask+1","Dodge and Roll+1"],"picked":"Prepared+1","floor":35},{"not_picked":["Deflect+1","Expertise+1","Slice"],"picked":"SKIP","floor":37},{"not_picked":["Endless Agony+1","Blade Dance+1","Backflip+1"],"picked":"SKIP","floor":40},{"not_picked":["Dodge and Roll+1","Underhanded Strike","Dagger Throw"],"picked":"SKIP","floor":41},{"not_picked":["Riddle With Holes","Finisher"],"picked":"Acrobatics+1","floor":42},{"not_picked":["Backflip+1","Masterful Stab"],"picked":"Acrobatics+1","floor":45},{"not_picked":["Flying Knee+1","Sucker Punch","Acrobatics+1"],"picked":"SKIP","floor":46},{"not_picked":["Riddle With Holes","Cloak And Dagger+1","Acrobatics+1"],"picked":"SKIP","floor":47},{"not_picked":["PiercingWail+1","Corpse Explosion+1","Infinite Blades"],"picked":"SKIP","floor":55}],"player_experience":1474680,"relics_obtained":[{"floor":7,"key":"White Beast Statue"},{"floor":9,"key":"Toxic Egg 2"},{"floor":13,"key":"Pantograph"},{"floor":23,"key":"Tough Bandages"},{"floor":25,"key":"Shuriken"},{"floor":26,"key":"Dream Catcher"},{"floor":40,"key":"CaptainsWheel"},{"floor":42,"key":"Girya"},{"floor":46,"key":"Akabeko"},{"floor":48,"key":"Gambling Chip"},{"floor":55,"key":"Blood Vial"}],"event_choices":[{"damage_healed":0,"gold_gain":0,"player_choice":"Ignored","damage_taken":0,"max_hp_gain":0,"max_hp_loss":0,"event_name":"Liars Game","floor":2,"gold_loss":0},{"cards_removed":["Strike_G"],"damage_healed":0,"gold_gain":0,"player_choice":"Offered Basic","damage_taken":0,"max_hp_gain":0,"max_hp_loss":0,"event_name":"Bonfire Elementals","floor":3,"gold_loss":0},{"cards_removed":["Defend_G"],"damage_healed":0,"gold_gain":0,"player_choice":"Purged","damage_taken":0,"max_hp_gain":0,"max_hp_loss":0,"event_name":"Purifier","floor":11,"gold_loss":0},{"damage_healed":0,"gold_gain":0,"player_choice":"Gave Potion","damage_taken":0,"relics_obtained":["Torii"],"max_hp_gain":0,"max_hp_loss":0,"event_name":"WeMeetAgain","floor":20,"gold_loss":0},{"damage_healed":0,"gold_gain":0,"player_choice":"Embrace Madness","damage_taken":12,"max_hp_gain":0,"max_hp_loss":0,"event_name":"Winding Halls","floor":36,"gold_loss":0,"cards_obtained":["Madness","Madness"]},{"damage_healed":0,"gold_gain":0,"player_choice":"Paid","damage_taken":0,"relics_obtained":["Red Mask"],"max_hp_gain":0,"max_hp_loss":0,"event_name":"Tomb of Lord Red Mask","floor":39,"gold_loss":56},{"damage_healed":0,"gold_gain":0,"player_choice":"Fight","damage_taken":0,"max_hp_gain":0,"max_hp_loss":0,"event_name":"MindBloom","floor":48,"gold_loss":0}],"is_beta":false,"boss_relics":[{"not_picked":["SlaversCollar","WristBlade"],"picked":"Runic Pyramid"},{"not_picked":["Cursed Key","Coffee Dripper"],"picked":"Astrolabe"}],"items_purged_floors":[14,30],"is_endless":false,"potions_floor_spawned":[5,8,10,12,13,16,18,19,21,22,23,25,27,28,31,33,35,37,40,41,42,45,46,47,48,55],"ascension_level":20}