{"gold_per_floor":[112,112,129,140,140,140,175,192,244,270,100,100,100,25,25,102,102,122,157,157,172,189,189,224,243,269,194,194],"floor_reached":28,"playtime":1394,"items_purged":["Strike_G"],"score":542,"play_id":"d729316b-30d6-4988-962a-06fd47ef3ad9","local_time":"20230301205735","is_ascension_mode":true,"campfire_choices":[{"data":"Glass Knife","floor":6,"key":"SMITH"},{"data":"Well Laid Plans","floor":12,"key":"SMITH"},{"data":"Acrobatics","floor":15,"key":"SMITH"},{"floor":23,"key":"REST"}],"neow_cost":"TEN_PERCENT_HP_LOSS","seed_source_timestamp":1275569396380600,"circlet_count":0,"master_deck":["AscendersBane","Defend_G+1","Defend_G","Defend_G","Defend_G","Survivor","Neutralize","Glass Knife+1","Cloak And Dagger","Backstab","Endless Agony","Acrobatics+1","Eviscerate","Slice","Acrobatics+1","Well Laid Plans+1","Tools of the Trade","Acrobatics","Calculated Gamble","Deflect","Prepared","Grand Finale"],"relics":["Ring of the Snake","Pocketwatch","Shuriken","Orichalcum","Akabeko","Empty Cage","Red Mask","Bottled Tornado","Regal Pillow"],"potions_floor_usage":[8,10,22,22,24],"damage_taken":[{"damage":0,"enemies":"Cultist","floor":1,"turns":3},{"damage":0,"enemies":"2 Louse","floor":3,"turns":2},{"damage":0,"enemies":"Small Slimes","floor":4,"turns":2},{"damage":33,"enemies":"Lagavulin","floor":7,"turns":9},{"damage":3,"enemies":"Exordium Thugs","floor":8,"turns":6},{"damage":0,"enemies":"Gremlin Nob","floor":10,"turns":2},{"damage":4,"enemies":"Hexaghost","floor":16,"turns":7},{"damage":7,"enemies":"2 Thieves","floor":18,"turns":3},{"damage":11,"enemies":"Masked Bandits","floor":19,"turns":4},{"damage":0,"enemies":"Chosen","floor":21,"turns":2},{"damage":8,"enemies":"Shelled Parasite and Fungi","floor":22,"turns":3},{"damage":34,"enemies":"Slavers","floor":24,"turns":9},{"damage":9,"enemies":"Sentry and Sphere","floor":25,"turns":4},{"damage":4,"enemies":"Centurion and Healer","floor":28,"turns":1}],"seed_played":"2751948105167954993","potions_obtained":[{"floor":4,"key":"Regen Potion"},{"floor":7,"key":"SteroidPotion"},{"floor":10,"key":"Dexterity Potion"},{"floor":18,"key":"Energy Potion"},{"floor":21,"key":"PowerPotion"},{"floor":22,"key":"Fruit Juice"}],"is_trial":false,"path_per_floor":["M","?","M","M","T","R","E","M","T","E","$","R","?","?","R","B",null,"M","?","?","M","M","R","E","M","T","?","M"],"character_chosen":"THE_SILENT","basemod:card_modifiers":[null,null,null,null,null,null,null,null,null,null,null,null,null,null,null,null,null,null,null,null,null,null],"items_purchased":["Acrobatics","Well Laid Plans"],"campfire_rested":1,"item_purchase_floors":[11,11],"current_hp_per_floor":[59,59,59,59,59,59,26,38,38,38,38,38,20,20,20,16,49,42,31,31,31,23,41,12,3,3,3,0],"gold":194,"neow_bonus":"THREE_RARE_CARDS","is_prod":false,"is_daily":false,"chose_seed":false,"campfire_upgraded":3,"win_rate":0,"timestamp":1677722255,"path_taken":["M","?","M","?","?","R","E","M","T","E","$","R","?","?","R","BOSS","M","?","?","?","M","R","E","M","T","?","M"],"build_version":"2022-12-18","purchased_purges":1,"victory":false,"max_hp_per_floor":[60,60,60,60,60,60,60,60,60,60,60,60,60,60,60,60,60,60,60,60,60,60,60,65,65,65,65,65],"relic_stats":{"Regal Pillow":0,"counters":[14,57],"Shuriken":[26],"Orichalcum":[36],"Bottled Tornado":"Tools of the Trade","obtain_stats":[{"Regal Pillow":26,"Shuriken":7,"Red Mask":19,"Orichalcum":9,"Bottled Tornado":24,"Empty Cage":17,"Akabeko":10,"Ring of the Snake":0,"Pocketwatch":5},{"Regal Pillow":13,"Shuriken":4,"Red Mask":9,"Orichalcum":5,"Bottled Tornado":12,"Empty Cage":7,"Akabeko":6,"Ring of the Snake":0,"Pocketwatch":3},{"Regal Pillow":56,"Shuriken":16,"Red Mask":38,"Orichalcum":22,"Bottled Tornado":52,"Empty Cage":31,"Akabeko":24,"Ring of the Snake":0,"Pocketwatch":7}],"Ring of the Snake":[29],"Pocketwatch":[46]},"card_choices":[{"not_picked":["Adrenaline","Storm of Steel"],"picked":"Glass Knife","floor":0},{"not_picked":["Caltrops","Backflip"],"picked":"Cloak And Dagger","floor":1},{"not_picked":["Expertise","PiercingWail"],"picked":"Endless Agony","floor":3},{"not_picked":["Endless Agony","Underhanded Strike","PiercingWail"],"picked":"SKIP","floor":4},{"not_picked":["Escape Plan","Glass Knife"],"picked":"Acrobatics","floor":7},{"not_picked":["Dodge and Roll","Endless Agony"],"picked":"Eviscerate","floor":8},{"not_picked":["Slice","Glass Knife","Caltrops"],"picked":"SKIP","floor":10},{"not_picked":["Glass Knife","Caltrops"],"picked":"Slice","floor":10},{"not_picked":["Venomology","Bullet Time"],"picked":"Tools of the Trade","floor":16},{"not_picked":["Poisoned Stab+1","Deflect"],"picked":"Acrobatics","floor":18},{"not_picked":["Underhanded Strike","Skewer"],"picked":"Calculated Gamble","floor":19},{"not_picked":["Well Laid Plans","Flying Knee","Outmaneuver"],"picked":"SKIP","floor":21},{"not_picked":["Deadly Poison","Poisoned Stab"],"picked":"Deflect","floor":22},{"not_picked":["Leg Sweep","Poisoned Stab"],"picked":"Prepared","floor":24},{"not_picked":["Blade Dance","Acrobatics"],"picked":"Grand Finale","floor":25}],"player_experience":1465661,"relics_obtained":[{"floor":5,"key":"Pocketwatch"},{"floor":7,"key":"Shuriken"},{"floor":9,"key":"Orichalcum"},{"floor":10,"key":"Akabeko"},{"floor":19,"key":"Red Mask"},{"floor":24,"key":"Bottled Tornado"},{"floor":26,"key":"Regal Pillow"}],"event_choices":[{"damage_healed":0,"gold_gain":0,"player_choice":"1 cards matched","damage_taken":0,"max_hp_gain":0,"max_hp_loss":0,"event_name":"Match and Keep!","floor":2,"gold_loss":0,"cards_obtained":["Backstab"]},{"damage_healed":0,"gold_gain":0,"player_choice":"Entered Light","damage_taken":18,"max_hp_gain":0,"max_hp_loss":0,"event_name":"Shining Light","floor":13,"gold_loss":0,"cards_upgraded":["Defend_G","Acrobatics"]},{"cards_removed":["Strike_G"],"damage_healed":0,"gold_gain":0,"player_choice":"Card Removal","damage_taken":0,"max_hp_gain":0,"max_hp_loss":0,"event_name":"The Cleric","floor":14,"gold_loss":75},{"damage_healed":0,"gold_gain":0,"player_choice":"Fought Bandits","damage_taken":0,"max_hp_gain":0,"max_hp_loss":0,"event_name":"Masked Bandits","floor":19,"gold_loss":0},{"cards_removed":["Strike_G"],"damage_healed":0,"gold_gain":0,"player_choice":"Card Removal","damage_taken":0,"max_hp_gain":0,"max_hp_loss":0,"event_name":"Wheel of Change","floor":20,"gold_loss":0},{"cards_removed":["Defend_G"],"damage_healed":0,"gold_gain":0,"player_choice":"Gave Gold","damage_taken":0,"max_hp_gain":0,"max_hp_loss":0,"event_name":"Beggar","floor":27,"gold_loss":75}],"is_beta":false,"boss_relics":[{"not_picked":["SlaversCollar","Snecko Eye"],"picked":"Empty Cage"}],"items_purged_floors":[11],"is_endless":false,"potions_floor_spawned":[4,7,10,18,21,22],"killed_by":"Centurion and Healer","ascension_level":20}