{"gold_per_floor":[112,122,122,138,154,154,185,185,234,267,417,429,243,253,253,329,379,379,390,390,403,403,435,435,385,385,385,385,395,421,439,439,515,515,532,543,554,554,297,297,324,344,344,360,387,387,436,436],"floor_reached":48,"playtime":3705,"items_purged":["Doubt","Bite","Bite"],"score":1084,"play_id":"1aba0191-1611-4dee-bf27-6f7ed8797a20","local_time":"20230304085709","is_ascension_mode":true,"campfire_choices":[{"data":"Apotheosis","floor":6.0,"key":"SMITH"},{"data":"Noxious Fumes","floor":8.0,"key":"SMITH"},{"floor":15.0,"key":"REST"},{"floor":27.0,"key":"REST"},{"data":"Well Laid Plans","floor":32.0,"key":"SMITH"},{"data":"Expertise","floor":40.0,"key":"SMITH"}],"neow_cost":"TEN_PERCENT_HP_LOSS","seed_source_timestamp":1489217414412900,"circlet_count":0,"master_deck":["AscendersBane","Defend_G","Defend_G","Defend_G","Defend_G+1","Defend_G","Survivor","Neutralize","Apotheosis+1","Noxious Fumes+1","Footwork","Footwork","Crippling Poison","Deflect","After Image","Backflip","Blade Dance","Bite","Bite","Bite","Cloak And Dagger","RitualDagger","Well Laid Plans+1","Blade Dance+1","Noxious Fumes","Malaise","Dodge and Roll","Blur+1","Expertise+1","Escape Plan","Dodge and Roll+1","Acrobatics+1","Prepared"],"special_seed":0,"relics":["Ring of the Snake","Pantograph","Smiling Mask","PreservedInsect","Tiny House","Mango","Ornamental Fan","Orichalcum","Cursed Key","Toolbox","StrikeDummy","Tingsha","TungstenRod"],"potions_floor_usage":[],"damage_taken":[{"damage":2.0,"enemies":"Jaw Worm","floor":1.0,"turns":5.0},{"damage":0.0,"enemies":"Cultist","floor":2.0,"turns":4.0},{"damage":0.0,"enemies":"2 Louse","floor":4.0,"turns":4.0},{"damage":1.0,"enemies":"Exordium Wildlife","floor":5.0,"turns":4.0},{"damage":13.0,"enemies":"3 Sentries","floor":7.0,"turns":7.0},{"damage":7.0,"enemies":"Lagavulin","floor":10.0,"turns":9.0},{"damage":13.0,"enemies":"Blue Slaver","floor":12.0,"turns":4.0},{"damage":9.0,"enemies":"Large Slime","floor":14.0,"turns":7.0},{"damage":18.0,"enemies":"Slime Boss","floor":16.0,"turns":11.0},{"damage":15.0,"enemies":"3 Byrds","floor":18.0,"turns":4.0},{"damage":11.0,"enemies":"Chosen","floor":19.0,"turns":10.0},{"damage":29.0,"enemies":"Snake Plant","floor":21.0,"turns":9.0},{"damage":24.0,"enemies":"Book of Stabbing","floor":23.0,"turns":7.0},{"damage":12.0,"enemies":"Shelled Parasite and Fungi","floor":29.0,"turns":15.0},{"damage":21.0,"enemies":"Slavers","floor":30.0,"turns":7.0},{"damage":12.0,"enemies":"Centurion and Healer","floor":31.0,"turns":9.0},{"damage":53.0,"enemies":"Champ","floor":33.0,"turns":19.0},{"damage":0.0,"enemies":"3 Shapes","floor":35.0,"turns":8.0},{"damage":33.0,"enemies":"3 Darklings","floor":36.0,"turns":13.0},{"damage":0.0,"enemies":"4 Shapes","floor":37.0,"turns":6.0},{"damage":5.0,"enemies":"Giant Head","floor":41.0,"turns":9.0},{"damage":5.0,"enemies":"Spire Growth","floor":42.0,"turns":7.0},{"damage":8,"enemies":"3 Darklings","floor":44,"turns":7},{"damage":13,"enemies":"Nemesis","floor":45,"turns":11},{"damage":47,"enemies":"2 Orb Walkers","floor":47,"turns":7},{"damage":68,"enemies":"Transient","floor":48,"turns":5}],"seed_played":"-6359924379271802862","potions_obtained":[{"floor":2.0,"key":"Explosive Potion"},{"floor":7.0,"key":"SneckoOil"},{"floor":10.0,"key":"Poison Potion"},{"floor":14.0,"key":"FairyPotion"},{"floor":17.0,"key":"SmokeBomb"},{"floor":21.0,"key":"Dexterity Potion"},{"floor":23.0,"key":"BlessingOfTheForge"},{"floor":29.0,"key":"Fire Potion"},{"floor":31.0,"key":"SkillPotion"},{"floor":35.0,"key":"SteroidPotion"},{"floor":37.0,"key":"SteroidPotion"}],"is_trial":false,"path_per_floor":["M","M","?","M","M","R","E","R","T","E","?","M","$","M","R","B",null,"M","M","?","M","?","E","?","$","T","R","T","M","E","M","R","B",null,"M","M","M","?","$","R","E","M","T","M","E","?","?","M"],"character_chosen":"THE_SILENT","basemod:card_modifiers":[null,null,null,null,null,null,null,null,null,null,null,null,null,null,null,null,null,null,null,null,null,null,null,null,null,null,null,null,null,null,null,null,null],"items_purchased":["Crippling Poison","SkillPotion","Expertise","Toolbox"],"campfire_rested":2,"item_purchase_floors":[13,13,39,39],"current_hp_per_floor":[57,57,57,57,56,56,43,43,43,36,36,23,23,14,32,39,60,45,34,34,29,23,22,22,22,22,39,39,59,50,59,59,18,49,59,58,59,59,59,59,57,59,59,59,59,59,15,0],"gold":436,"neow_bonus":"RANDOM_COLORLESS_2","is_prod":false,"is_daily":false,"chose_seed":false,"campfire_upgraded":4,"win_rate":0,"timestamp":1677938229,"path_taken":["M","M","?","M","?","R","E","R","T","E","?","M","$","M","R","BOSS","M","M","?","M","?","E","?","$","T","R","?","M","E","?","R","BOSS","M","M","?","?","$","R","E","M","T","M","E","?","?","M"],"build_version":"2022-12-18","purchased_purges":3,"victory":false,"max_hp_per_floor":[60,60,60,60,60,60,60,60,60,60,60,60,60,60,60,60,65,65,65,45,45,45,59,59,59,59,59,59,59,59,59,59,59,59,59,59,59,59,59,59,59,59,59,59,59,59,59,59],"relic_stats":{"counters":[26,208],"Ornamental Fan":[200],"Pantograph":25,"Tingsha":[21],"PreservedInsect":262,"Orichalcum":[42],"Smiling Mask":150,"Cursed Key":0,"obtain_stats":[{"Tiny House":17,"Mango":23,"Tingsha":45,"PreservedInsect":10,"Orichalcum":30,"Smiling Mask":9,"Cursed Key":34,"Ornamental Fan":26,"Pantograph":7,"Toolbox":39,"StrikeDummy":41,"TungstenRod":47,"Ring of the Snake":0},{"Tiny House":9,"Mango":13,"Tingsha":24,"PreservedInsect":6,"Orichalcum":15,"Smiling Mask":5,"Cursed Key":17,"Ornamental Fan":13,"Pantograph":5,"Toolbox":20,"StrikeDummy":21,"TungstenRod":25,"Ring of the Snake":0},{"Tiny House":55,"Mango":85,"Tingsha":196,"PreservedInsect":33,"Orichalcum":107,"Smiling Mask":24,"Cursed Key":135,"Ornamental Fan":85,"Pantograph":24,"Toolbox":162,"StrikeDummy":171,"TungstenRod":203,"Ring of the Snake":0}],"TungstenRod":3,"Ring of the Snake":[52]},"card_choices":[{"not_picked":["Transmutation","Magnetism"],"picked":"Apotheosis","floor":0.0},{"not_picked":["Cloak And Dagger","Bane","PiercingWail"],"picked":"SKIP","floor":1.0},{"not_picked":["Poisoned Stab","Sucker Punch"],"picked":"Noxious Fumes","floor":2.0},{"not_picked":["Deflect","Heel Hook","Cloak And Dagger"],"picked":"SKIP","floor":4.0},{"not_picked":["PiercingWail","Expertise","Deflect"],"picked":"SKIP","floor":5.0},{"not_picked":["Deflect","PiercingWail"],"picked":"Dagger Spray","floor":7.0},{"not_picked":["Dagger Throw","Cloak And Dagger"],"picked":"Footwork","floor":10.0},{"not_picked":["Terror","Caltrops"],"picked":"Footwork","floor":12.0},{"not_picked":["Envenom","Backstab"],"picked":"Deflect","floor":14.0},{"not_picked":["Venomology","Envenom"],"picked":"After Image","floor":16.0},{"not_picked":["Deflect","Distraction"],"picked":"Backflip","floor":17.0},{"not_picked":["Dagger Spray","Footwork"],"picked":"Blade Dance","floor":19.0},{"not_picked":["Bane","Finisher"],"picked":"Cloak And Dagger","floor":21.0},{"not_picked":["Flying Knee","Footwork+1"],"picked":"Well Laid Plans","floor":23.0},{"not_picked":["Underhanded Strike+1","Bane","Deflect"],"picked":"SKIP","floor":29.0},{"not_picked":["Poisoned Stab+1","Bane"],"picked":"Blade Dance+1","floor":30.0},{"not_picked":["Dagger Spray","Heel Hook"],"picked":"Noxious Fumes","floor":31.0},{"not_picked":["Storm of Steel","Wraith Form v2"],"picked":"Malaise","floor":33.0},{"not_picked":["Outmaneuver+1","Reflex"],"picked":"Dodge and Roll","floor":35.0},{"not_picked":["Dagger Spray","Expertise"],"picked":"Blur+1","floor":36.0},{"not_picked":["Flying Knee","Deadly Poison","Sucker Punch"],"picked":"SKIP","floor":37.0},{"not_picked":["Bane","Quick Slash","Blade Dance"],"picked":"SKIP","floor":41.0},{"not_picked":["Terror","Slice+1"],"picked":"Escape Plan","floor":42.0},{"not_picked":["Eviscerate+1","Wraith Form v2"],"picked":"Dodge and Roll+1","floor":44},{"not_picked":["Cloak And Dagger","Leg Sweep+1"],"picked":"Acrobatics+1","floor":45},{"not_picked":["Underhanded Strike+1","Dagger Throw"],"picked":"Prepared","floor":47}],"player_experience":1479618,"relics_obtained":[{"floor":7.0,"key":"Pantograph"},{"floor":9.0,"key":"Smiling Mask"},{"floor":10.0,"key":"PreservedInsect"},{"floor":23.0,"key":"Mango"},{"floor":26.0,"key":"Ornamental Fan"},{"floor":30.0,"key":"Orichalcum"},{"floor":41.0,"key":"StrikeDummy"},{"floor":45,"key":"Tingsha"},{"floor":47,"key":"TungstenRod"}],"event_choices":[{"damage_healed":0.0,"max_hp_gain":0.0,"max_hp_loss":0.0,"gold_gain":0.0,"event_name":"Match and Keep!","player_choice":"0 cards matched","floor":3.0,"gold_loss":0.0,"damage_taken":0.0,"cards_obtained":[]},{"damage_healed":0.0,"max_hp_gain":0.0,"max_hp_loss":0.0,"gold_gain":150.0,"event_name":"Liars Game","player_choice":"AGREE","floor":11.0,"gold_loss":0.0,"damage_taken":0.0,"cards_obtained":["Doubt"]},{"damage_healed":0.0,"max_hp_gain":0.0,"max_hp_loss":20.0,"gold_gain":0.0,"event_name":"Vampires","player_choice":"Became a vampire","floor":20.0,"gold_loss":0.0,"damage_taken":0.0,"cards_obtained":["Bite","Bite","Bite","Bite","Bite"]},{"damage_healed":0.0,"max_hp_gain":0.0,"max_hp_loss":0.0,"gold_gain":0.0,"event_name":"Nest","player_choice":"Joined the Cult","floor":22.0,"gold_loss":0.0,"damage_taken":6.0,"cards_obtained":["RitualDagger"]},{"damage_healed":0.0,"max_hp_gain":0.0,"max_hp_loss":0.0,"gold_gain":0.0,"event_name":"Ghosts","player_choice":"Ignored","floor":24.0,"gold_loss":0.0,"damage_taken":0.0},{"damage_healed":0.0,"max_hp_gain":0.0,"max_hp_loss":0.0,"gold_gain":0.0,"event_name":"Tomb of Lord Red Mask","player_choice":"Ignored","floor":38.0,"gold_loss":0.0,"damage_taken":0.0},{"cards_removed":["Dagger Spray"],"damage_healed":0,"gold_gain":0,"player_choice":"Removed Attack","damage_taken":0,"max_hp_gain":0,"max_hp_loss":0,"event_name":"Falling","floor":46,"gold_loss":0},{"damage_healed":0,"gold_gain":0,"player_choice":"Fight","damage_taken":0,"max_hp_gain":0,"max_hp_loss":0,"event_name":"Mysterious Sphere","floor":47,"gold_loss":0}],"is_beta":false,"boss_relics":[{"not_picked":["Sozu","WristBlade"],"picked":"Tiny House"},{"not_picked":["SlaversCollar","Empty Cage"],"picked":"Cursed Key"}],"items_purged_floors":[13,25,39],"is_endless":false,"potions_floor_spawned":[2,7,10,14,21,23,29,31,35,37,42],"killed_by":"Transient","ascension_level":20}