{"gold_per_floor":[115,131,144,162,174,174,202,220,245,90,101,135,135,7,7,84,84,96,96,114,114,17,17,44,44,44,62,94,0,0,0],"floor_reached":31,"playtime":1463,"items_purged":["Strike_G","Strike_G","Strike_G"],"score":570,"play_id":"4efb6e9d-c26d-40dd-b0c1-e7a650627fcc","local_time":"20230227203326","is_ascension_mode":true,"campfire_choices":[{"data":"Deadly Poison","floor":6,"key":"SMITH"},{"floor":13,"key":"REST"},{"data":"Footwork","floor":15,"key":"SMITH"},{"floor":23,"key":"REST"},{"floor":25,"key":"RECALL"},{"floor":30,"key":"REST"}],"neow_cost":"NONE","seed_source_timestamp":1101249460525600,"circlet_count":0,"master_deck":["AscendersBane","Strike_G","Strike_G","Defend_G","Defend_G","Defend_G","Defend_G","Defend_G","Survivor","Neutralize+1","Accuracy","Deadly Poison+1","Endless Agony","Footwork+1","Tools of the Trade","Dodge and Roll","Noxious Fumes","Noxious Fumes","Acrobatics","Die Die Die","Prepared","Deflect","Calculated Gamble","Tactician","Crippling Poison"],"relics":["Ring of the Snake","Thread and Needle","Anchor","Centennial Puzzle","Fusion Hammer","MealTicket","Smiling Mask","Nunchaku"],"potions_floor_usage":[7,16,24,28],"damage_taken":[{"damage":1,"enemies":"Cultist","floor":1,"turns":5},{"damage":6,"enemies":"2 Louse","floor":2,"turns":4},{"damage":3,"enemies":"Small Slimes","floor":3,"turns":4},{"damage":3,"enemies":"Exordium Wildlife","floor":4,"turns":5},{"damage":19,"enemies":"Large Slime","floor":5,"turns":10},{"damage":7,"enemies":"Lagavulin","floor":7,"turns":6},{"damage":0,"enemies":"2 Fungi Beasts","floor":8,"turns":5},{"damage":0,"enemies":"3 Louse","floor":11,"turns":4},{"damage":14,"enemies":"3 Sentries","floor":12,"turns":9},{"damage":8,"enemies":"The Guardian","floor":16,"turns":10},{"damage":4,"enemies":"Chosen","floor":18,"turns":5},{"damage":0,"enemies":"Shell Parasite","floor":20,"turns":6},{"damage":4,"enemies":"Book of Stabbing","floor":24,"turns":7},{"damage":6,"enemies":"Shelled Parasite and Fungi","floor":27,"turns":6},{"damage":30,"enemies":"Slavers","floor":28,"turns":7},{"damage":62,"enemies":"3 Cultists","floor":31,"turns":6}],"seed_played":"6635757448554420201","potions_obtained":[{"floor":1,"key":"Strength Potion"},{"floor":2,"key":"SmokeBomb"},{"floor":7,"key":"Swift Potion"},{"floor":12,"key":"PowerPotion"},{"floor":28,"key":"Explosive Potion"}],"is_trial":false,"path_per_floor":["M","M","M","M","M","R","E","M","T","$","M","E","R","$","R","B",null,"M","?","M","?","$","R","E","R","T","M","E","$","R","M"],"character_chosen":"THE_SILENT","basemod:card_modifiers":[null,null,null,null,null,null,null,null,null,null,null,null,null,null,null,null,null,null,null,null,null,null,null,null,null],"items_purchased":["Noxious Fumes","Acrobatics","Calculated Gamble","Energy Potion","Crippling Poison"],"campfire_rested":3,"item_purchase_floors":[10,14,22,22,29],"current_hp_per_floor":[58,52,49,46,27,27,20,20,20,20,20,6,25,25,25,17,54,50,50,50,50,50,66,62,62,62,56,26,41,60,0],"gold":0,"neow_bonus":"UPGRADE_CARD","is_prod":false,"is_daily":false,"chose_seed":false,"campfire_upgraded":2,"win_rate":0,"timestamp":1677548006,"path_taken":["M","?","M","M","M","R","E","M","T","$","M","E","R","?","R","BOSS","M","?","M","?","?","R","E","R","T","M","E","$","R","?"],"build_version":"2022-12-18","purchased_purges":3,"victory":false,"max_hp_per_floor":[66,66,66,66,66,66,66,66,66,66,66,66,66,66,66,66,66,66,66,66,66,66,66,66,66,66,66,66,66,66,66],"relic_stats":{"Centennial Puzzle":[18],"Nunchaku":[0],"counters":[16,99],"MealTicket":15,"Smiling Mask":75,"obtain_stats":[{"Anchor":9,"Centennial Puzzle":12,"Nunchaku":28,"Thread and Needle":7,"MealTicket":24,"Fusion Hammer":17,"Smiling Mask":26,"Ring of the Snake":0},{"Anchor":7,"Centennial Puzzle":9,"Nunchaku":15,"Thread and Needle":6,"MealTicket":13,"Fusion Hammer":10,"Smiling Mask":13,"Ring of the Snake":0},{"Anchor":39,"Centennial Puzzle":52,"Nunchaku":93,"Thread and Needle":34,"MealTicket":80,"Fusion Hammer":62,"Smiling Mask":80,"Ring of the Snake":0}],"Ring of the Snake":[34]},"card_choices":[{"not_picked":["Prepared","Concentrate"],"picked":"Accuracy","floor":1},{"not_picked":["Leg Sweep","Deflect"],"picked":"Deadly Poison","floor":2},{"not_picked":["Dodge and Roll","Expertise"],"picked":"Endless Agony","floor":3},{"not_picked":["Infinite Blades","Dodge and Roll","Blur"],"picked":"SKIP","floor":4},{"not_picked":["Eviscerate","Dash"],"picked":"Footwork","floor":5},{"not_picked":["Sucker Punch","Terror"],"picked":"Tools of the Trade","floor":7},{"not_picked":["Blur","Prepared"],"picked":"Dodge and Roll","floor":8},{"not_picked":["Prepared","Underhanded Strike","Dagger Spray"],"picked":"SKIP","floor":11},{"not_picked":["Choke","Masterful Stab"],"picked":"Noxious Fumes","floor":12},{"not_picked":["Grand Finale","A Thousand Cuts"],"picked":"Die Die Die","floor":16},{"not_picked":["Flying Knee","Endless Agony"],"picked":"Prepared","floor":18},{"not_picked":["Bane","Outmaneuver"],"picked":"Deflect","floor":20},{"not_picked":["All Out Attack","Accuracy"],"picked":"Tactician","floor":24},{"not_picked":["Outmaneuver","Sucker Punch","Concentrate"],"picked":"SKIP","floor":27},{"not_picked":["Deadly Poison","Skewer","Finisher"],"picked":"SKIP","floor":28}],"player_experience":1461882,"relics_obtained":[{"floor":7,"key":"Thread and Needle"},{"floor":9,"key":"Anchor"},{"floor":12,"key":"Centennial Puzzle"},{"floor":24,"key":"MealTicket"},{"floor":26,"key":"Smiling Mask"},{"floor":28,"key":"Nunchaku"}],"event_choices":[{"damage_healed":0,"gold_gain":0,"player_choice":"Ignored","damage_taken":0,"max_hp_gain":0,"max_hp_loss":0,"event_name":"Ghosts","floor":19,"gold_loss":0},{"damage_healed":0,"gold_gain":0,"player_choice":"Ignored","damage_taken":0,"max_hp_gain":0,"max_hp_loss":0,"event_name":"Cursed Tome","floor":21,"gold_loss":0}],"is_beta":false,"boss_relics":[{"not_picked":["Coffee Dripper","Sozu"],"picked":"Fusion Hammer"}],"items_purged_floors":[10,14,29],"is_endless":false,"potions_floor_spawned":[1,2,7,12,28],"killed_by":"3 Cultists","ascension_level":20}