{"gold_per_floor":[113,133,151,167,179,214,214,249,275,306,306],"floor_reached":11,"playtime":673,"items_purged":[],"score":190,"play_id":"0721edd9-571e-45e1-9cd9-6fdc2884f63c","local_time":"20230304092600","is_ascension_mode":true,"campfire_choices":[{"data":"Predator","floor":7,"key":"SMITH"}],"neow_cost":"NONE","seed_source_timestamp":1493976012102700,"circlet_count":0,"master_deck":["AscendersBane","Strike_G","Strike_G","Strike_G","Strike_G","Strike_G","Defend_G","Defend_G","Defend_G","Defend_G","Defend_G","Survivor+1","Neutralize","Predator+1","Noxious Fumes","Slice","Crippling Poison+1","Bouncing Flask","Footwork+1","Corpse Explosion"],"special_seed":0,"relics":["Ring of the Snake","Potion Belt","Frozen Egg 2","Sundial","Art of War","War Paint"],"potions_floor_usage":[6,6,8,10],"damage_taken":[{"damage":0.0,"enemies":"Small Slimes","floor":1.0,"turns":6.0},{"damage":2.0,"enemies":"Jaw Worm","floor":2.0,"turns":5.0},{"damage":1.0,"enemies":"Cultist","floor":3.0,"turns":5.0},{"damage":8.0,"enemies":"Blue Slaver","floor":4.0,"turns":5.0},{"damage":5,"enemies":"Exordium Wildlife","floor":5,"turns":4},{"damage":9,"enemies":"Gremlin Nob","floor":6,"turns":3},{"damage":26,"enemies":"3 Sentries","floor":8,"turns":8},{"damage":7,"enemies":"Lagavulin","floor":10,"turns":7},{"damage":3,"enemies":"The Mushroom Lair","floor":11,"turns":1}],"seed_played":"2707948791538539739","potions_obtained":[{"floor":3.0,"key":"Weak Potion"},{"floor":4.0,"key":"Explosive Potion"},{"floor":5,"key":"BlessingOfTheForge"},{"floor":6,"key":"ColorlessPotion"}],"is_trial":false,"path_per_floor":["M","M","M","M","M","E","R","E","T","E","?"],"character_chosen":"THE_SILENT","basemod:card_modifiers":[null,null,null,null,null,null,null,null,null,null,null,null,null,null,null,null,null,null,null,null],"items_purchased":[],"campfire_rested":0,"item_purchase_floors":[],"current_hp_per_floor":[59,57,56,48,43,34,34,8,8,1,0],"gold":306,"neow_bonus":"RANDOM_COMMON_RELIC","is_prod":false,"is_daily":false,"chose_seed":false,"campfire_upgraded":1,"win_rate":0,"timestamp":1677939960,"path_taken":["M","M","M","M","M","E","R","E","T","E","?"],"build_version":"2022-12-18","purchased_purges":0,"victory":false,"max_hp_per_floor":[66,66,66,66,66,66,66,66,66,66,66],"relic_stats":{"counters":[9,44],"Sundial":[0],"Art of War":[1],"War Paint":["Crippling Poison","Survivor"],"obtain_stats":[{"Potion Belt":0,"Sundial":8,"Art of War":9,"Frozen Egg 2":6,"War Paint":10,"Ring of the Snake":0},{"Potion Belt":0,"Sundial":7,"Art of War":7,"Frozen Egg 2":6,"War Paint":8,"Ring of the Snake":0},{"Potion Belt":0,"Sundial":36,"Art of War":36,"Frozen Egg 2":28,"War Paint":43,"Ring of the Snake":0}],"Ring of the Snake":[18]},"card_choices":[{"not_picked":["Deadly Poison","Caltrops"],"picked":"Predator","floor":1.0},{"not_picked":["Accuracy","Backstab"],"picked":"Noxious Fumes","floor":2.0},{"not_picked":["Underhanded Strike","Prepared"],"picked":"Slice","floor":3.0},{"not_picked":["Deadly Poison","Expertise"],"picked":"Crippling Poison","floor":4.0},{"not_picked":["Outmaneuver","Poisoned Stab"],"picked":"Bouncing Flask","floor":5},{"not_picked":["Dagger Throw","Terror"],"picked":"Footwork+1","floor":6},{"not_picked":["Tactician","Deadly Poison","Flying Knee"],"picked":"SKIP","floor":8},{"not_picked":["Tactician","Deadly Poison","Flying Knee"],"picked":"SKIP","floor":8},{"not_picked":["Crippling Poison","Backflip"],"picked":"Corpse Explosion","floor":10}],"player_experience":1484328,"relics_obtained":[{"floor":6,"key":"Frozen Egg 2"},{"floor":8,"key":"Sundial"},{"floor":9,"key":"Art of War"},{"floor":10,"key":"War Paint"}],"event_choices":[{"damage_healed":0,"gold_gain":0,"player_choice":"Fought Mushrooms","damage_taken":0,"max_hp_gain":0,"max_hp_loss":0,"event_name":"Mushrooms","floor":11,"gold_loss":0}],"is_beta":false,"boss_relics":[],"items_purged_floors":[],"is_endless":false,"potions_floor_spawned":[3,4,5,6],"killed_by":"The Mushroom Lair","ascension_level":20}