{"gold_per_floor":[12,31,50,50,63,63,63,79,129,129,170,170,210,57,57,156,156,171,196,23,42,42,73,96,96,151,151,151],"floor_reached":28,"playtime":1169,"items_purged":[],"score":496,"play_id":"e72673b5-530b-48d8-b9ce-1a384596c9e1","local_time":"20230302210834","is_ascension_mode":true,"campfire_choices":[{"data":"Noxious Fumes","floor":6,"key":"SMITH"},{"data":"Bouncing Flask","floor":10,"key":"SMITH"},{"data":"Tactician","floor":15,"key":"SMITH"},{"data":"Concentrate","floor":25,"key":"SMITH"},{"data":"Adrenaline","floor":27,"key":"SMITH"}],"neow_cost":"NO_GOLD","seed_source_timestamp":1362851823343300,"circlet_count":0,"master_deck":["AscendersBane","Strike_G","Strike_G","Strike_G","Strike_G","Defend_G","Defend_G","Defend_G","Defend_G","Survivor","Neutralize","Poisoned Stab","Bouncing Flask+1","Noxious Fumes+1","Bane","Acrobatics","Tactician+1","After Image","Backflip","Adrenaline+1","Wraith Form v2+1","Deflect+1","Concentrate+1","Escape Plan"],"relics":["Ring of the Snake","Golden Idol","Orichalcum","Bottled Tornado","MawBank","Lee\u0027s Waffle","Runic Pyramid","OrangePellets","Potion Belt","Ancient Tea Set"],"potions_floor_usage":[11,13,28,28],"damage_taken":[{"damage":4,"enemies":"Jaw Worm","floor":1,"turns":3},{"damage":4,"enemies":"Small Slimes","floor":2,"turns":4},{"damage":6,"enemies":"2 Louse","floor":3,"turns":3},{"damage":4,"enemies":"Looter","floor":5,"turns":3},{"damage":4,"enemies":"Red Slaver","floor":8,"turns":4},{"damage":20,"enemies":"Lagavulin","floor":11,"turns":6},{"damage":12,"enemies":"3 Sentries","floor":13,"turns":6},{"damage":33,"enemies":"The Guardian","floor":16,"turns":8},{"damage":6,"enemies":"Spheric Guardian","floor":18,"turns":4},{"damage":1,"enemies":"Shell Parasite","floor":19,"turns":4},{"damage":0,"enemies":"Snecko","floor":21,"turns":5},{"damage":18,"enemies":"Book of Stabbing","floor":23,"turns":6},{"damage":0,"enemies":"Snake Plant","floor":24,"turns":4},{"damage":53,"enemies":"Slavers","floor":28,"turns":5}],"seed_played":"-8198063534698151725","potions_obtained":[{"floor":1,"key":"BlessingOfTheForge"},{"floor":2,"key":"BlessingOfTheForge"},{"floor":5,"key":"AttackPotion"},{"floor":18,"key":"GamblersBrew"},{"floor":21,"key":"Dexterity Potion"},{"floor":24,"key":"SteroidPotion"}],"is_trial":false,"path_per_floor":["M","M","M","?","M","R","?","M","T","R","E","?","E","$","R","B",null,"M","M","$","M","?","E","M","R","T","R","E"],"character_chosen":"THE_SILENT","basemod:card_modifiers":[null,null,null,null,null,null,null,null,null,null,null,null,null,null,null,null,null,null,null,null,null,null,null,null],"items_purchased":["Lee\u0027s Waffle","OrangePellets"],"campfire_rested":0,"item_purchase_floors":[14,20],"current_hp_per_floor":[55,51,45,45,41,41,46,42,42,42,22,22,10,72,72,39,64,58,57,57,57,57,39,39,39,39,39,0],"gold":151,"neow_bonus":"TRANSFORM_TWO_CARDS","is_prod":false,"is_daily":false,"chose_seed":false,"campfire_upgraded":5,"win_rate":0,"timestamp":1677809314,"path_taken":["M","M","M","?","M","R","?","M","T","R","E","?","E","?","R","BOSS","M","M","$","M","?","E","M","R","T","R","E"],"build_version":"2022-12-18","purchased_purges":0,"victory":false,"max_hp_per_floor":[66,66,66,60,60,60,65,65,65,65,65,65,65,72,72,72,72,72,72,72,72,72,72,72,72,72,72,72],"relic_stats":{"OrangePellets":[4],"Lee\u0027s Waffle":62,"counters":[14,65],"Golden Idol":65,"Orichalcum":[78],"Bottled Tornado":"Noxious Fumes","MawBank":12,"Ancient Tea Set":[2],"obtain_stats":[{"Potion Belt":23,"OrangePellets":20,"Lee\u0027s Waffle":14,"Golden Idol":4,"Orichalcum":9,"Bottled Tornado":11,"MawBank":13,"Ancient Tea Set":26,"Ring of the Snake":0,"Runic Pyramid":17},{"Potion Belt":12,"OrangePellets":10,"Lee\u0027s Waffle":7,"Golden Idol":3,"Orichalcum":5,"Bottled Tornado":6,"MawBank":7,"Ancient Tea Set":13,"Ring of the Snake":0,"Runic Pyramid":8},{"Potion Belt":56,"OrangePellets":45,"Lee\u0027s Waffle":29,"Golden Idol":10,"Orichalcum":17,"Bottled Tornado":23,"MawBank":29,"Ancient Tea Set":60,"Ring of the Snake":0,"Runic Pyramid":37}],"Ring of the Snake":[28]},"card_choices":[{"not_picked":["Endless Agony","Poisoned Stab"],"picked":"Noxious Fumes","floor":1},{"not_picked":["Slice","Choke"],"picked":"Bane","floor":2},{"not_picked":["Prepared","Dagger Spray"],"picked":"Acrobatics","floor":3},{"not_picked":["Backflip","Calculated Gamble"],"picked":"Tactician","floor":5},{"not_picked":["Sucker Punch","Backstab"],"picked":"After Image","floor":8},{"not_picked":["Endless Agony","Sucker Punch"],"picked":"Backflip","floor":11},{"not_picked":["Accuracy","Blade Dance"],"picked":"Adrenaline","floor":13},{"not_picked":["Phantasmal Killer","A Thousand Cuts"],"picked":"Wraith Form v2","floor":16},{"not_picked":["Underhanded Strike","Backstab"],"picked":"Deflect+1","floor":18},{"not_picked":["Poisoned Stab","Backflip"],"picked":"Concentrate","floor":19},{"not_picked":["All Out Attack","Leg Sweep","Quick Slash"],"picked":"SKIP","floor":21},{"not_picked":["Unload","Infinite Blades+1"],"picked":"Escape Plan","floor":23},{"not_picked":["Heel Hook","Poisoned Stab+1","Blade Dance"],"picked":"SKIP","floor":24}],"player_experience":1473362,"relics_obtained":[{"floor":9,"key":"Orichalcum"},{"floor":11,"key":"Bottled Tornado"},{"floor":13,"key":"MawBank"},{"floor":23,"key":"Potion Belt"},{"floor":26,"key":"Ancient Tea Set"}],"event_choices":[{"damage_healed":0,"gold_gain":0,"player_choice":"Lose Max HP","damage_taken":0,"relics_obtained":["Golden Idol"],"max_hp_gain":0,"max_hp_loss":6,"event_name":"Golden Idol","floor":4,"gold_loss":0},{"damage_healed":0,"gold_gain":0,"player_choice":"Donut","damage_taken":0,"max_hp_gain":5,"max_hp_loss":0,"event_name":"Big Fish","floor":7,"gold_loss":0},{"damage_healed":0,"gold_gain":0,"player_choice":"Searched \u00270\u0027 times","damage_taken":0,"max_hp_gain":0,"max_hp_loss":0,"event_name":"Dead Adventurer","floor":12,"gold_loss":0},{"damage_healed":0,"gold_gain":0,"player_choice":"Upgraded","damage_taken":0,"max_hp_gain":0,"max_hp_loss":0,"event_name":"Upgrade Shrine","floor":22,"gold_loss":0,"cards_upgraded":["Wraith Form v2"]}],"is_beta":false,"boss_relics":[{"not_picked":["Velvet Choker","Ectoplasm"],"picked":"Runic Pyramid"}],"items_purged_floors":[],"is_endless":false,"potions_floor_spawned":[1,2,5,18,21,24],"killed_by":"Slavers","ascension_level":20}