{"gold_per_floor":[109,109,120,132,147,147,147,179,204,238,107,133,148,196,196,273,273,293,325,7,7,27,27,56,67,90,117,117,117,134,164,164,236,236,246,246,34,51,65,99,99,134,182,218,62,90,125,143,143,143,143],"floor_reached":51,"playtime":2825,"items_purged":["Strike_G","Strike_G"],"score":1848,"play_id":"093e88b9-c7d6-4bfa-934a-508ecd8abf7b","local_time":"20230301214449","is_ascension_mode":true,"campfire_choices":[{"data":"Dash","floor":6,"key":"SMITH"},{"data":"Noxious Fumes","floor":15,"key":"SMITH"},{"data":"Corpse Explosion","floor":23,"key":"SMITH"},{"floor":28,"key":"REST"},{"data":"Catalyst","floor":32,"key":"SMITH"},{"data":"Expertise","floor":41,"key":"SMITH"},{"floor":49,"key":"RECALL"}],"neow_cost":"TEN_PERCENT_HP_LOSS","seed_source_timestamp":1276970888737700,"circlet_count":0,"master_deck":["AscendersBane","Strike_G+1","Defend_G","Defend_G","Defend_G","Survivor","Neutralize+1","Underhanded Strike+1","Noxious Fumes+1","Dash+1","Acrobatics","Concentrate","Dagger Spray+1","PiercingWail","Corpse Explosion+1","Acrobatics+1","Reflex","Underhanded Strike","Catalyst+1","Escape Plan","Grand Finale","Adrenaline","PiercingWail","Noxious Fumes","Leg Sweep","Expertise+1","Catalyst","Noxious Fumes","Secret Technique","Finesse"],"relics":["Ring of the Snake","Tiny Chest","Happy Flower","MealTicket","Whetstone","Bag of Marbles","Empty Cage","Red Mask","Medical Kit","Gremlin Horn","Unceasing Top","Snake Skull","Akabeko","Bronze Scales","Black Star","FossilizedHelix","Lee\u0027s Waffle","WingedGreaves","InkBottle","Toy Ornithopter","CeramicFish","Ninja Scroll","Juzu Bracelet","Tingsha","Strawberry","PreservedInsect","Vajra"],"potions_floor_usage":[5,8,12,16,19,24,24,25,38,44,45,46,50],"damage_taken":[{"damage":1,"enemies":"Cultist","floor":1,"turns":4},{"damage":1,"enemies":"Jaw Worm","floor":3,"turns":4},{"damage":3,"enemies":"2 Louse","floor":4,"turns":3},{"damage":13,"enemies":"Lots of Slimes","floor":5,"turns":5},{"damage":20,"enemies":"Lagavulin","floor":8,"turns":7},{"damage":15,"enemies":"Gremlin Nob","floor":10,"turns":4},{"damage":14,"enemies":"Lagavulin","floor":12,"turns":6},{"damage":0,"enemies":"Red Slaver","floor":13,"turns":3},{"damage":13,"enemies":"Hexaghost","floor":16,"turns":8},{"damage":6,"enemies":"3 Byrds","floor":18,"turns":3},{"damage":27,"enemies":"Masked Bandits","floor":19,"turns":3},{"damage":0,"enemies":"Spheric Guardian","floor":22,"turns":4},{"damage":1,"enemies":"Gremlin Leader","floor":24,"turns":5},{"damage":0,"enemies":"Cultist and Chosen","floor":25,"turns":2},{"damage":0,"enemies":"3 Cultists","floor":30,"turns":1},{"damage":0,"enemies":"Slavers","floor":31,"turns":2},{"damage":25,"enemies":"Champ","floor":33,"turns":8},{"damage":31,"enemies":"3 Darklings","floor":35,"turns":3},{"damage":0,"enemies":"3 Shapes","floor":38,"turns":2},{"damage":9,"enemies":"Spire Growth","floor":39,"turns":4},{"damage":0,"enemies":"Reptomancer","floor":40,"turns":2},{"damage":36,"enemies":"Nemesis","floor":42,"turns":5},{"damage":7,"enemies":"Reptomancer","floor":44,"turns":6},{"damage":7,"enemies":"Giant Head","floor":46,"turns":6},{"damage":0,"enemies":"Reptomancer","floor":47,"turns":3},{"damage":27,"enemies":"Donu and Deca","floor":50,"turns":5},{"damage":24,"enemies":"Awakened One","floor":51,"turns":5}],"seed_played":"-651118902463834830","potions_obtained":[{"floor":3,"key":"Regen Potion"},{"floor":4,"key":"EssenceOfSteel"},{"floor":10,"key":"Weak Potion"},{"floor":13,"key":"CultistPotion"},{"floor":22,"key":"Energy Potion"},{"floor":24,"key":"LiquidMemories"},{"floor":30,"key":"Explosive Potion"},{"floor":31,"key":"Fruit Juice"},{"floor":38,"key":"Strength Potion"},{"floor":44,"key":"Fruit Juice"},{"floor":46,"key":"Block Potion"}],"is_trial":false,"path_per_floor":["M","?","M","M","M","R","?","E","T","E","$","E","M","T","R","B",null,"M","?","$","T","M","R","E","M","T","T","R","?","M","E","R","B",null,"M","T","$","M","M","E","R","E","T","E","$","E","E","?","R","B","B"],"character_chosen":"THE_SILENT","basemod:card_modifiers":[null,null,null,null,null,null,null,null,null,null,null,null,null,null,null,null,null,null,null,null,null,null,null,null,null,null,null,null,null,null],"items_purchased":["Block Potion","Reflex","Underhanded Strike","Medical Kit","ColorlessPotion","Lee\u0027s Waffle","Expertise","ColorlessPotion"],"campfire_rested":1,"item_purchase_floors":[11,20,20,20,20,37,37,45],"current_hp_per_floor":[58,58,57,54,55,55,55,35,35,20,35,21,21,21,21,8,47,41,14,29,29,29,29,28,28,28,28,46,46,46,46,46,21,50,19,19,67,72,63,63,63,27,27,25,50,55,55,45,45,23,0],"gold":143,"neow_bonus":"REMOVE_TWO","is_prod":false,"is_daily":false,"chose_seed":false,"campfire_upgraded":5,"win_rate":0,"timestamp":1677725089,"path_taken":["M","?","M","?","M","R","?","E","T","E","?","E","M","?","R","BOSS","M","?","$","?","M","R","E","M","T","?","R","?","?","E","R","BOSS","M","?","$","M","M","E","R","E","T","E","$","E","E","?","R","BOSS","BOSS"],"build_version":"2022-12-18","purchased_purges":2,"victory":false,"max_hp_per_floor":[60,60,60,60,60,60,60,60,60,60,60,60,60,60,60,60,60,60,60,60,60,60,60,60,60,60,60,60,60,60,60,60,60,60,60,60,67,72,72,72,72,72,72,72,77,84,84,84,84,84,84],"relic_stats":{"Lee\u0027s Waffle":33,"Happy Flower":[30],"Gremlin Horn":[25,25],"counters":[27,113],"CeramicFish":36,"Tingsha":[97],"Snake Skull":[81],"PreservedInsect":0,"Juzu Bracelet":0,"Whetstone":["Dagger Spray","Strike_G"],"Medical Kit":[2],"Bronze Scales":[103],"Tiny Chest":2,"MealTicket":60,"WingedGreaves":3,"Black Star":5,"obtain_stats":[{"Gremlin Horn":21,"CeramicFish":42,"Vajra":47,"Snake Skull":26,"Juzu Bracelet":44,"Whetstone":12,"Empty Cage":17,"Ninja Scroll":44,"Strawberry":46,"Tiny Chest":8,"MealTicket":10,"WingedGreaves":40,"Red Mask":19,"InkBottle":40,"Ring of the Snake":0,"Lee\u0027s Waffle":37,"Happy Flower":9,"Tingsha":46,"PreservedInsect":47,"Medical Kit":20,"Akabeko":27,"Bronze Scales":31,"Bag of Marbles":14,"Black Star":34,"Unceasing Top":24,"FossilizedHelix":36,"Toy Ornithopter":42},{"Gremlin Horn":11,"CeramicFish":22,"Vajra":25,"Snake Skull":14,"Juzu Bracelet":23,"Whetstone":7,"Empty Cage":9,"Ninja Scroll":23,"Strawberry":24,"Tiny Chest":5,"MealTicket":6,"WingedGreaves":21,"Red Mask":11,"InkBottle":21,"Ring of the Snake":0,"Lee\u0027s Waffle":18,"Happy Flower":5,"Tingsha":24,"PreservedInsect":25,"Medical Kit":11,"Akabeko":14,"Bronze Scales":16,"Bag of Marbles":8,"Black Star":17,"Unceasing Top":13,"FossilizedHelix":18,"Toy Ornithopter":22},{"Gremlin Horn":50,"CeramicFish":88,"Vajra":103,"Snake Skull":61,"Juzu Bracelet":94,"Whetstone":33,"Empty Cage":44,"Ninja Scroll":94,"Strawberry":100,"Tiny Chest":23,"MealTicket":27,"WingedGreaves":83,"Red Mask":50,"InkBottle":83,"Ring of the Snake":0,"Lee\u0027s Waffle":75,"Happy Flower":23,"Tingsha":100,"PreservedInsect":103,"Medical Kit":50,"Akabeko":61,"Bronze Scales":64,"Bag of Marbles":36,"Black Star":72,"Unceasing Top":59,"FossilizedHelix":75,"Toy Ornithopter":88}],"Unceasing Top":[6],"FossilizedHelix":[73],"InkBottle":[21],"Toy Ornithopter":20,"Ring of the Snake":[54]},"card_choices":[{"not_picked":["Cloak And Dagger","PiercingWail","Finisher"],"picked":"SKIP","floor":1},{"not_picked":["Sucker Punch","Poisoned Stab"],"picked":"Underhanded Strike","floor":3},{"not_picked":["Backstab","Sucker Punch"],"picked":"Noxious Fumes","floor":4},{"not_picked":["Backflip","Flying Knee"],"picked":"Dash","floor":5},{"not_picked":["Distraction","Flechettes"],"picked":"Acrobatics","floor":8},{"not_picked":["Catalyst","Dagger Throw"],"picked":"Concentrate","floor":10},{"not_picked":["Outmaneuver","Concentrate"],"picked":"Dagger Spray","floor":12},{"not_picked":["Backstab","Envenom"],"picked":"PiercingWail","floor":13},{"not_picked":["Glass Knife","After Image"],"picked":"Corpse Explosion","floor":16},{"not_picked":["Bane","Slice","Blur"],"picked":"SKIP","floor":18},{"not_picked":["Dagger Spray+1","Bouncing Flask+1"],"picked":"Acrobatics+1","floor":19},{"not_picked":["Cloak And Dagger","Bane"],"picked":"Catalyst","floor":22},{"not_picked":["Infinite Blades","Riddle With Holes"],"picked":"Escape Plan","floor":24},{"not_picked":["Slice","Predator"],"picked":"Grand Finale","floor":25},{"not_picked":["Cloak And Dagger","Flying Knee"],"picked":"PiercingWail","floor":30},{"not_picked":["Dagger Throw","Choke"],"picked":"Noxious Fumes","floor":31},{"not_picked":["Predator","Sucker Punch"],"picked":"Leg Sweep","floor":35},{"not_picked":["Dagger Throw","Deflect","Bane"],"picked":"SKIP","floor":38},{"not_picked":["Riddle With Holes","Dagger Spray+1","Underhanded Strike"],"picked":"SKIP","floor":39},{"not_picked":["Finisher","Crippling Poison","Underhanded Strike"],"picked":"SKIP","floor":40},{"not_picked":["Flechettes","Outmaneuver"],"picked":"Catalyst","floor":42},{"not_picked":["Dagger Spray+1","All Out Attack"],"picked":"Noxious Fumes","floor":44},{"not_picked":["Cloak And Dagger","Poisoned Stab","Predator"],"picked":"SKIP","floor":46},{"not_picked":["Sucker Punch","Underhanded Strike","Dagger Spray"],"picked":"SKIP","floor":47},{"not_picked":["Metamorphosis","Finesse"],"picked":"Secret Technique","floor":48},{"not_picked":["Flash of Steel","The Bomb"],"picked":"Finesse","floor":48}],"player_experience":1467055,"relics_obtained":[{"floor":8,"key":"Tiny Chest"},{"floor":9,"key":"Happy Flower"},{"floor":10,"key":"MealTicket"},{"floor":12,"key":"Whetstone"},{"floor":14,"key":"Bag of Marbles"},{"floor":19,"key":"Red Mask"},{"floor":21,"key":"Gremlin Horn"},{"floor":24,"key":"Unceasing Top"},{"floor":26,"key":"Snake Skull"},{"floor":27,"key":"Akabeko"},{"floor":31,"key":"Bronze Scales"},{"floor":36,"key":"FossilizedHelix"},{"floor":40,"key":"WingedGreaves"},{"floor":40,"key":"InkBottle"},{"floor":42,"key":"Toy Ornithopter"},{"floor":42,"key":"CeramicFish"},{"floor":44,"key":"Ninja Scroll"},{"floor":44,"key":"Juzu Bracelet"},{"floor":46,"key":"Tingsha"},{"floor":46,"key":"Strawberry"},{"floor":47,"key":"PreservedInsect"},{"floor":47,"key":"Vajra"}],"event_choices":[{"damage_healed":0,"gold_gain":0,"player_choice":"Upgraded","damage_taken":0,"max_hp_gain":0,"max_hp_loss":0,"event_name":"Upgrade Shrine","floor":2,"gold_loss":0,"cards_upgraded":["Neutralize"]},{"damage_healed":0,"gold_gain":0,"player_choice":"Grow","damage_taken":0,"max_hp_gain":0,"max_hp_loss":0,"event_name":"Living Wall","floor":7,"gold_loss":0,"cards_upgraded":["Underhanded Strike"]},{"damage_healed":0,"gold_gain":0,"player_choice":"Fought Bandits","damage_taken":0,"max_hp_gain":0,"max_hp_loss":0,"event_name":"Masked Bandits","floor":19,"gold_loss":0},{"damage_healed":0,"gold_gain":0,"player_choice":"1 cards matched","damage_taken":0,"max_hp_gain":0,"max_hp_loss":0,"event_name":"Match and Keep!","floor":29,"gold_loss":0,"cards_obtained":["Adrenaline"]},{"damage_healed":0,"gold_gain":0,"player_choice":"Memory 3","damage_taken":10,"max_hp_gain":0,"max_hp_loss":0,"event_name":"SensoryStone","floor":48,"gold_loss":0}],"is_beta":false,"boss_relics":[{"not_picked":["Busted Crown","WristBlade"],"picked":"Empty Cage"},{"not_picked":["Ring of the Serpent","Tiny House"],"picked":"Black Star"}],"items_purged_floors":[11,45],"is_endless":false,"potions_floor_spawned":[3,4,10,13,22,24,30,31,38,44,46,47],"killed_by":"Awakened One","ascension_level":20}