{"gold_per_floor":[363,7,18,31,31,63,75,75,99,99,109,127,142,170,170,241,241,261,261,35,215,226,226,226],"floor_reached":24,"playtime":1089,"items_purged":["Strike_G"],"score":516,"play_id":"47987814-8954-4b5b-a2a8-b3ea978cc60c","local_time":"20230304094444","is_ascension_mode":true,"campfire_choices":[{"data":"Calculated Gamble","floor":8.0,"key":"SMITH"},{"data":"Eviscerate","floor":10.0,"key":"SMITH"},{"floor":15.0,"key":"REST"},{"floor":23,"key":"REST"}],"neow_cost":"TEN_PERCENT_HP_LOSS","seed_source_timestamp":1494676631731500,"circlet_count":0,"master_deck":["AscendersBane","Strike_G","Defend_G","Defend_G","Defend_G","Defend_G+1","Defend_G","Survivor+1","Neutralize","Calculated Gamble+1","Eviscerate+1","Footwork","Dagger Throw","Acrobatics","Crippling Poison","Acrobatics","Eviscerate","Underhanded Strike","Burst","Glass Knife","Cloak And Dagger","Acrobatics","Dramatic Entrance","PiercingWail"],"special_seed":0,"relics":["Ring of the Snake","Bag of Preparation","War Paint","Bronze Scales","Potion Belt","WristBlade"],"potions_floor_usage":[22],"damage_taken":[{"damage":13.0,"enemies":"Jaw Worm","floor":1.0,"turns":6.0},{"damage":0.0,"enemies":"Cultist","floor":3.0,"turns":5.0},{"damage":0.0,"enemies":"2 Louse","floor":4.0,"turns":3.0},{"damage":15.0,"enemies":"3 Sentries","floor":6.0,"turns":8.0},{"damage":0.0,"enemies":"2 Fungi Beasts","floor":7.0,"turns":3.0},{"damage":3.0,"enemies":"Lots of Slimes","floor":11.0,"turns":5.0},{"damage":6.0,"enemies":"Large Slime","floor":12.0,"turns":5.0},{"damage":1.0,"enemies":"Exordium Wildlife","floor":13.0,"turns":4.0},{"damage":8.0,"enemies":"Gremlin Nob","floor":14.0,"turns":3.0},{"damage":0.0,"enemies":"The Guardian","floor":16.0,"turns":13.0},{"damage":22.0,"enemies":"Chosen","floor":18.0,"turns":9.0},{"damage":0,"enemies":"Shell Parasite","floor":22,"turns":4},{"damage":32,"enemies":"Book of Stabbing","floor":24,"turns":5}],"seed_played":"-6704564672783322149","potions_obtained":[{"floor":1.0,"key":"Block Potion"},{"floor":11.0,"key":"Energy Potion"},{"floor":13.0,"key":"Fire Potion"}],"is_trial":false,"path_per_floor":["M","$","M","M","?","E","M","R","T","R","M","M","M","E","R","B",null,"M","?","$","?","M","R","E"],"character_chosen":"THE_SILENT","basemod:card_modifiers":[null,null,null,null,null,null,null,null,null,null,null,null,null,null,null,null,null,null,null,null,null,null,null,null],"items_purchased":["Eviscerate","Footwork","Bag of Preparation","Strength Potion","Acrobatics","Dramatic Entrance"],"campfire_rested":2,"item_purchase_floors":[2,2,2,2,20,20],"current_hp_per_floor":[46,46,46,46,46,31,31,31,31,31,28,22,21,13,31,31,53,31,31,31,12,12,30,0],"gold":226,"neow_bonus":"TWO_FIFTY_GOLD","is_prod":false,"is_daily":false,"chose_seed":false,"campfire_upgraded":2,"win_rate":0,"timestamp":1677941084,"path_taken":["M","$","M","M","?","E","?","R","T","R","M","?","M","E","R","BOSS","M","?","$","?","?","R","E"],"build_version":"2022-12-18","purchased_purges":1,"victory":false,"max_hp_per_floor":[60,60,60,60,60,60,60,60,60,60,60,60,60,60,60,60,60,60,60,60,60,60,60,60],"relic_stats":{"counters":[13,73],"Bronze Scales":[150],"Bag of Preparation":[24],"War Paint":["Defend_G","Survivor"],"obtain_stats":[{"Potion Belt":14,"WristBlade":17,"Bronze Scales":9,"Bag of Preparation":2,"War Paint":6,"Ring of the Snake":0},{"Potion Belt":9,"WristBlade":10,"Bronze Scales":5,"Bag of Preparation":1,"War Paint":4,"Ring of the Snake":0},{"Potion Belt":42,"WristBlade":55,"Bronze Scales":25,"Bag of Preparation":6,"War Paint":22,"Ring of the Snake":0}],"Ring of the Snake":[26]},"card_choices":[{"not_picked":["Blur","Sucker Punch"],"picked":"Calculated Gamble","floor":1.0},{"not_picked":["Cloak And Dagger","Flying Knee"],"picked":"Dagger Throw","floor":3.0},{"not_picked":["Eviscerate","Quick Slash"],"picked":"Acrobatics","floor":4.0},{"not_picked":["Predator","Distraction","Poisoned Stab"],"picked":"SKIP","floor":6.0},{"not_picked":["Predator","Distraction","Poisoned Stab"],"picked":"SKIP","floor":6.0},{"not_picked":["Endless Agony","Heel Hook","PiercingWail"],"picked":"SKIP","floor":7.0},{"not_picked":["Finisher","Dodge and Roll"],"picked":"Crippling Poison","floor":11.0},{"not_picked":["Choke","Accuracy"],"picked":"Acrobatics","floor":12.0},{"not_picked":["Accuracy","Sucker Punch"],"picked":"Eviscerate","floor":13.0},{"not_picked":["Endless Agony","Predator"],"picked":"Underhanded Strike","floor":14.0},{"not_picked":["A Thousand Cuts","Glass Knife"],"picked":"Burst","floor":16.0},{"not_picked":["Masterful Stab","Deadly Poison","Flying Knee"],"picked":"SKIP","floor":18.0},{"not_picked":["Deflect","Choke"],"picked":"PiercingWail","floor":22}],"player_experience":1485001,"relics_obtained":[{"floor":6.0,"key":"War Paint"},{"floor":9.0,"key":"Bronze Scales"},{"floor":14.0,"key":"Potion Belt"}],"event_choices":[{"cards_removed":["Strike_G"],"damage_healed":0.0,"max_hp_gain":0.0,"max_hp_loss":0.0,"gold_gain":0.0,"event_name":"Purifier","player_choice":"Purged","floor":5.0,"gold_loss":0.0,"damage_taken":0.0},{"damage_healed":0.0,"max_hp_gain":0.0,"max_hp_loss":0.0,"gold_gain":0.0,"cards_transformed":["Strike_G","Strike_G"],"event_name":"Drug Dealer","player_choice":"Became Test Subject","floor":19.0,"gold_loss":0.0,"damage_taken":0.0,"cards_obtained":["Glass Knife","Cloak And Dagger"]},{"damage_healed":0,"gold_gain":180,"player_choice":"GOLD GOLD ","damage_taken":19,"max_hp_gain":0,"max_hp_loss":0,"event_name":"Knowing Skull","floor":21,"potions_obtained":[],"gold_loss":0,"cards_obtained":[]}],"is_beta":false,"boss_relics":[{"not_picked":["Velvet Choker","Sozu"],"picked":"WristBlade"}],"items_purged_floors":[20],"is_endless":false,"potions_floor_spawned":[1,3,11,13],"killed_by":"Book of Stabbing","ascension_level":20}