{"gold_per_floor":[368,518,28,46,46,46,89,89,89,89,128,142,183,207,207,297,297,310,35,59,59,59,59,89,89],"floor_reached":25,"playtime":907,"items_purged":["Doubt","Strike_G"],"score":474,"play_id":"8f43cf84-8647-4528-9998-4877b3685209","local_time":"20230302204837","is_ascension_mode":true,"campfire_choices":[{"data":"Quick Slash","floor":6,"key":"SMITH"},{"data":"Quick Slash","floor":10,"key":"SMITH"},{"data":"Deadly Poison","floor":15,"key":"SMITH"},{"data":"Tactician","floor":23,"key":"SMITH"}],"neow_cost":"TEN_PERCENT_HP_LOSS","seed_source_timestamp":1361917889042400,"circlet_count":0,"master_deck":["AscendersBane","Strike_G","Strike_G","Strike_G","Strike_G","Defend_G","Defend_G","Defend_G","Defend_G","Defend_G","Survivor","Neutralize","Quick Slash+1","Quick Slash+1","Backflip","Deadly Poison+1","Corpse Explosion","Acrobatics","Reflex","Well Laid Plans","Tactician+1","Acrobatics"],"relics":["Ring of the Snake","Toolbox","Pen Nib","Bloody Idol","Kunai","Eternal Feather","Tingsha","Shovel","TungstenRod","SacredBark","Happy Flower"],"potions_floor_usage":[13,18,24,25],"damage_taken":[{"damage":4,"enemies":"2 Louse","floor":1,"turns":3},{"damage":0,"enemies":"Jaw Worm","floor":4,"turns":3},{"damage":12,"enemies":"3 Sentries","floor":7,"turns":3},{"damage":8,"enemies":"Gremlin Nob","floor":11,"turns":3},{"damage":0,"enemies":"Small Slimes","floor":12,"turns":4},{"damage":21,"enemies":"Lagavulin","floor":13,"turns":8},{"damage":0,"enemies":"Looter","floor":14,"turns":3},{"damage":12,"enemies":"The Guardian","floor":16,"turns":13},{"damage":0,"enemies":"Chosen","floor":18,"turns":3},{"damage":33,"enemies":"2 Thieves","floor":20,"turns":4},{"damage":19,"enemies":"Gremlin Leader","floor":24,"turns":5},{"damage":15,"enemies":"Shelled Parasite and Fungi","floor":25,"turns":3}],"seed_played":"660111985001524146","potions_obtained":[{"floor":1,"key":"Ancient Potion"},{"floor":13,"key":"AttackPotion"},{"floor":18,"key":"Strength Potion"}],"is_trial":false,"path_per_floor":["M","?","$","M","?","R","E","T","T","R","E","M","E","M","R","B",null,"M","$","M","?","?","R","E","M"],"character_chosen":"THE_SILENT","basemod:card_modifiers":[null,null,null,null,null,null,null,null,null,null,null,null,null,null,null,null,null,null,null,null,null,null],"items_purchased":["Toolbox","Pen Nib","CunningPotion","Acrobatics","Reflex","Well Laid Plans"],"campfire_rested":0,"item_purchase_floors":[3,3,3,19,19,19],"current_hp_per_floor":[55,55,55,55,54,54,42,42,42,51,43,43,22,22,31,19,45,45,45,12,12,12,24,10,0],"gold":89,"neow_bonus":"TWO_FIFTY_GOLD","is_prod":false,"is_daily":false,"chose_seed":false,"campfire_upgraded":4,"win_rate":0,"timestamp":1677808117,"path_taken":["M","?","$","M","?","R","E","?","T","R","E","M","E","M","R","BOSS","M","$","M","?","?","R","E","M"],"build_version":"2022-12-18","purchased_purges":2,"victory":false,"max_hp_per_floor":[60,60,60,60,54,54,54,54,54,54,54,54,54,54,54,54,54,54,54,54,54,54,54,54,54],"relic_stats":{"Shovel":0,"Happy Flower":[1],"counters":[12,55],"Bloody Idol":5,"Eternal Feather":30,"Tingsha":[48],"Pen Nib":[9],"Kunai":[14],"obtain_stats":[{"Shovel":11,"Happy Flower":24,"Golden Idol":5,"SacredBark":17,"Bloody Idol":21,"Toolbox":3,"Eternal Feather":8,"Tingsha":9,"Pen Nib":3,"Kunai":7,"TungstenRod":13,"Ring of the Snake":0},{"Shovel":4,"Happy Flower":11,"Golden Idol":2,"SacredBark":8,"Bloody Idol":10,"Toolbox":1,"Eternal Feather":3,"Tingsha":3,"Pen Nib":1,"Kunai":3,"TungstenRod":6,"Ring of the Snake":0},{"Shovel":12,"Happy Flower":52,"Golden Idol":6,"SacredBark":40,"Bloody Idol":47,"Toolbox":3,"Eternal Feather":9,"Tingsha":9,"Pen Nib":3,"Kunai":9,"TungstenRod":24,"Ring of the Snake":0}],"TungstenRod":17,"Ring of the Snake":[24]},"card_choices":[{"not_picked":["Infinite Blades","Riddle With Holes"],"picked":"Quick Slash","floor":1},{"not_picked":["Escape Plan","Calculated Gamble"],"picked":"Quick Slash","floor":4},{"not_picked":["Bane","Distraction","Slice"],"picked":"SKIP","floor":7},{"not_picked":["Dagger Spray","Caltrops"],"picked":"Backflip","floor":11},{"not_picked":["Grand Finale","All Out Attack","Deflect"],"picked":"SKIP","floor":12},{"not_picked":["Quick Slash","Dagger Throw"],"picked":"Deadly Poison","floor":13},{"not_picked":["Dagger Spray","All Out Attack","Eviscerate"],"picked":"SKIP","floor":14},{"not_picked":["Glass Knife","Malaise"],"picked":"Corpse Explosion","floor":16},{"not_picked":["Poisoned Stab","Cloak And Dagger","Slice"],"picked":"SKIP","floor":18},{"not_picked":["Deadly Poison","Blade Dance"],"picked":"Tactician","floor":20},{"not_picked":["Cloak And Dagger","Bane+1","Dagger Throw+1"],"picked":"SKIP","floor":24}],"player_experience":1472455,"relics_obtained":[{"floor":7,"key":"Kunai"},{"floor":8,"key":"Eternal Feather"},{"floor":9,"key":"Tingsha"},{"floor":11,"key":"Shovel"},{"floor":13,"key":"TungstenRod"},{"floor":24,"key":"Happy Flower"}],"event_choices":[{"damage_healed":0,"gold_gain":150,"player_choice":"AGREE","damage_taken":0,"max_hp_gain":0,"max_hp_loss":0,"event_name":"Liars Game","floor":2,"gold_loss":0,"cards_obtained":["Doubt"]},{"damage_healed":0,"gold_gain":0,"player_choice":"Lose Max HP","damage_taken":0,"relics_obtained":["Golden Idol"],"max_hp_gain":0,"max_hp_loss":6,"event_name":"Golden Idol","floor":5,"gold_loss":0},{"damage_healed":0,"gold_gain":0,"player_choice":"Gave Idol","damage_taken":0,"relics_obtained":["Bloody Idol"],"max_hp_gain":0,"max_hp_loss":0,"event_name":"Forgotten Altar","floor":21,"relics_lost":["Golden Idol"],"gold_loss":0},{"damage_healed":0,"gold_gain":0,"player_choice":"Read","damage_taken":0,"max_hp_gain":0,"max_hp_loss":0,"event_name":"The Library","floor":22,"gold_loss":0,"cards_obtained":["Acrobatics"]}],"is_beta":false,"boss_relics":[{"not_picked":["SlaversCollar","Ectoplasm"],"picked":"SacredBark"}],"items_purged_floors":[3,19],"is_endless":false,"potions_floor_spawned":[1,7,13,18],"killed_by":"Shelled Parasite and Fungi","ascension_level":20}