{"gold_per_floor":[109,109,31,51,63,63,95,95,120,149,163,179,179],"floor_reached":13,"playtime":532,"items_purged":[],"score":190,"play_id":"7e903af5-7b71-4c9b-8d64-e873fc6c575a","local_time":"20230304180022","is_ascension_mode":true,"campfire_choices":[{"data":"All Out Attack","floor":6,"key":"SMITH"},{"data":"Predator","floor":8,"key":"SMITH"}],"neow_cost":"PERCENT_DAMAGE","seed_source_timestamp":1524998700445900,"circlet_count":0,"master_deck":["AscendersBane","Strike_G","Strike_G","Strike_G","Strike_G","Strike_G","Defend_G","Defend_G","Defend_G","Defend_G","Survivor","Neutralize","After Image","Noxious Fumes","All Out Attack+1","Predator+1","Venomology","Leg Sweep"],"relics":["Ring of the Snake","Pen Nib","Lantern","Eternal Feather"],"potions_floor_usage":[7,11,12,12,13],"damage_taken":[{"damage":0,"enemies":"Small Slimes","floor":1,"turns":4},{"damage":0,"enemies":"Cultist","floor":4,"turns":4},{"damage":0,"enemies":"2 Louse","floor":5,"turns":2},{"damage":4,"enemies":"3 Sentries","floor":7,"turns":6},{"damage":22,"enemies":"Lagavulin","floor":10,"turns":8},{"damage":1,"enemies":"Looter","floor":11,"turns":5},{"damage":12,"enemies":"Blue Slaver","floor":12,"turns":5},{"damage":5,"enemies":"Large Slime","floor":13,"turns":5}],"seed_played":"-2406033778657955807","potions_obtained":[{"floor":4,"key":"Ancient Potion"},{"floor":5,"key":"Fire Potion"},{"floor":11,"key":"BlessingOfTheForge"},{"floor":12,"key":"Swift Potion"}],"is_trial":false,"path_per_floor":["M","?","$","M","M","R","E","R","T","E","M","M","M"],"character_chosen":"THE_SILENT","basemod:card_modifiers":[null,null,null,null,null,null,null,null,null,null,null,null,null,null,null,null,null,null],"items_purchased":["All Out Attack"],"campfire_rested":0,"item_purchase_floors":[3],"current_hp_per_floor":[44,44,44,44,44,44,40,40,40,18,17,5,0],"gold":179,"neow_bonus":"THREE_RARE_CARDS","is_prod":false,"is_daily":false,"chose_seed":false,"campfire_upgraded":2,"win_rate":0,"timestamp":1677970822,"path_taken":["M","?","?","M","M","R","E","R","T","E","M","M","M"],"build_version":"2022-12-18","purchased_purges":0,"victory":false,"max_hp_per_floor":[66,66,66,66,66,66,66,66,66,66,66,66,66],"relic_stats":{"counters":[8,39],"Eternal Feather":0,"Pen Nib":[3],"obtain_stats":[{"Lantern":9,"Eternal Feather":10,"Pen Nib":7,"Ring of the Snake":0},{"Lantern":4,"Eternal Feather":5,"Pen Nib":4,"Ring of the Snake":0},{"Lantern":16,"Eternal Feather":24,"Pen Nib":16,"Ring of the Snake":0}],"Ring of the Snake":[16]},"card_choices":[{"not_picked":["Venomology","Wraith Form v2"],"picked":"After Image","floor":0},{"not_picked":["Sucker Punch","Crippling Poison"],"picked":"Noxious Fumes","floor":1},{"not_picked":["Sucker Punch","Deadly Poison","Deflect"],"picked":"SKIP","floor":4},{"not_picked":["Setup","Infinite Blades","Bane"],"picked":"SKIP","floor":5},{"not_picked":["PiercingWail","Prepared"],"picked":"Predator","floor":7},{"not_picked":["Finisher","Bane"],"picked":"Venomology","floor":10},{"not_picked":["Deadly Poison","Bane"],"picked":"Leg Sweep","floor":11},{"not_picked":["Underhanded Strike","Deflect","All Out Attack"],"picked":"SKIP","floor":12}],"player_experience":1486914,"relics_obtained":[{"floor":7,"key":"Pen Nib"},{"floor":9,"key":"Lantern"},{"floor":10,"key":"Eternal Feather"}],"event_choices":[{"cards_removed":["Defend_G"],"damage_healed":0,"gold_gain":0,"player_choice":"Purged","damage_taken":0,"max_hp_gain":0,"max_hp_loss":0,"event_name":"Purifier","floor":2,"gold_loss":0}],"is_beta":false,"boss_relics":[],"items_purged_floors":[],"is_endless":false,"potions_floor_spawned":[4,5,11,12],"killed_by":"Large Slime","ascension_level":20}