{"gold_per_floor":[117,267,287,311,236,236,313,341,414,432,507,507,542,69,69,148,148,162,82],"floor_reached":19,"playtime":877,"items_purged":["Doubt"],"score":346,"play_id":"897c2a51-8ed7-4907-8ad8-eb6371847319","local_time":"20230227200855","is_ascension_mode":true,"campfire_choices":[{"data":"Noxious Fumes","floor":6,"key":"SMITH"},{"floor":12,"key":"REST"},{"floor":15,"key":"DIG"}],"neow_cost":"PERCENT_DAMAGE","seed_source_timestamp":1100364313875900,"circlet_count":0,"master_deck":["AscendersBane","Strike_G","Strike_G","Strike_G","Strike_G","Defend_G","Defend_G","Defend_G","Defend_G","Survivor","Neutralize","Accuracy","Backstab","Predator","Noxious Fumes+1","Eviscerate","Acrobatics","Noxious Fumes","Tools of the Trade","Noxious Fumes"],"relics":["Ring of the Snake","Bag of Marbles","WingedGreaves","Matryoshka","Shovel","InkBottle","Omamori","Runic Pyramid"],"potions_floor_usage":[8,8,8,16,18,18],"damage_taken":[{"damage":0,"enemies":"2 Louse","floor":1,"turns":2},{"damage":4,"enemies":"Jaw Worm","floor":3,"turns":3},{"damage":6,"enemies":"Gremlin Nob","floor":8,"turns":3},{"damage":0,"enemies":"Small Slimes","floor":10,"turns":2},{"damage":14,"enemies":"3 Sentries","floor":13,"turns":6},{"damage":20,"enemies":"Slime Boss","floor":16,"turns":8},{"damage":32,"enemies":"3 Byrds","floor":18,"turns":5},{"damage":26,"enemies":"2 Thieves","floor":19,"turns":2}],"seed_played":"-2729296232609771700","potions_obtained":[{"floor":1,"key":"EntropicBrew"},{"floor":3,"key":"CultistPotion"},{"floor":16,"key":"GamblersBrew"}],"is_trial":false,"path_per_floor":["M","?","M","T","$","R","?","E","T","M","?","R","E","$","R","B",null,"M","M"],"character_chosen":"THE_SILENT","basemod:card_modifiers":[null,null,null,null,null,null,null,null,null,null,null,null,null,null,null,null,null,null,null,null],"items_purchased":["Acrobatics","Noxious Fumes","InkBottle","AttackPotion"],"campfire_rested":1,"item_purchase_floors":[14,14,14,14],"current_hp_per_floor":[44,44,40,40,40,40,40,34,34,34,23,42,28,28,28,8,52,20,0],"gold":82,"neow_bonus":"TRANSFORM_TWO_CARDS","is_prod":false,"is_daily":false,"chose_seed":false,"campfire_upgraded":1,"win_rate":0,"timestamp":1677546535,"path_taken":["M","?","M","?","$","R","?","E","T","M","?","R","E","$","R","BOSS","M","M"],"build_version":"2022-12-18","purchased_purges":1,"victory":false,"max_hp_per_floor":[66,66,66,66,66,66,66,66,66,66,66,66,66,66,66,66,66,66,66],"relic_stats":{"Matryoshka":0,"Shovel":1,"counters":[8,31],"WingedGreaves":2,"Omamori":0,"obtain_stats":[{"Matryoshka":9,"Shovel":13,"WingedGreaves":8,"Bag of Marbles":4,"Omamori":15,"InkBottle":14,"Ring of the Snake":0,"Runic Pyramid":17},{"Matryoshka":3,"Shovel":5,"WingedGreaves":3,"Bag of Marbles":2,"Omamori":5,"InkBottle":5,"Ring of the Snake":0,"Runic Pyramid":6},{"Matryoshka":8,"Shovel":16,"WingedGreaves":8,"Bag of Marbles":5,"Omamori":16,"InkBottle":16,"Ring of the Snake":0,"Runic Pyramid":24}],"InkBottle":[5],"Ring of the Snake":[16]},"card_choices":[{"not_picked":["Eviscerate","Concentrate"],"picked":"Predator","floor":1},{"not_picked":["Riddle With Holes","Poisoned Stab"],"picked":"Noxious Fumes","floor":3},{"not_picked":["Skewer","Flying Knee"],"picked":"Eviscerate","floor":8},{"not_picked":["Blur","Deflect","Backflip"],"picked":"SKIP","floor":10},{"not_picked":["Finisher","Eviscerate","Sucker Punch"],"picked":"SKIP","floor":13},{"not_picked":["Burst","Bullet Time"],"picked":"Tools of the Trade","floor":16},{"not_picked":["Dagger Spray","Bane"],"picked":"Noxious Fumes","floor":18}],"player_experience":1461005,"relics_obtained":[{"floor":4,"key":"Bag of Marbles"},{"floor":8,"key":"WingedGreaves"},{"floor":9,"key":"Matryoshka"},{"floor":13,"key":"Shovel"},{"floor":15,"key":"Omamori"}],"event_choices":[{"damage_healed":0,"gold_gain":150,"player_choice":"AGREE","damage_taken":0,"max_hp_gain":0,"max_hp_loss":0,"event_name":"Liars Game","floor":2,"gold_loss":0,"cards_obtained":["Doubt"]},{"damage_healed":0,"gold_gain":77,"player_choice":"Gained Gold","damage_taken":0,"max_hp_gain":0,"max_hp_loss":0,"event_name":"Golden Wing","floor":7,"gold_loss":0},{"damage_healed":0,"gold_gain":75,"player_choice":"Gather Gold","damage_taken":11,"max_hp_gain":0,"max_hp_loss":0,"event_name":"World of Goop","floor":11,"gold_loss":0}],"is_beta":false,"boss_relics":[{"not_picked":["SlaversCollar","Sozu"],"picked":"Runic Pyramid"}],"items_purged_floors":[5],"is_endless":false,"potions_floor_spawned":[1,3,16],"killed_by":"2 Thieves","ascension_level":20}