{"gold_per_floor":[118,118,134,154,154,154,154,171,196,231,248,261,275,275,275,374,374,395,420,420,420,444,444,477,437,463,463,313,313,328,351,351,444,444,457,790,802,647,695,695],"floor_reached":40,"playtime":1945,"items_purged":["Poisoned Stab","Heel Hook+1"],"score":1091,"play_id":"448473ef-83a1-4667-8103-43ce51966a5e","local_time":"20230227195410","is_ascension_mode":true,"campfire_choices":[{"data":"Blade Dance","floor":6,"key":"SMITH"},{"data":"Noxious Fumes","floor":15,"key":"SMITH"},{"floor":23,"key":"REST"},{"data":"A Thousand Cuts","floor":27,"key":"SMITH"},{"data":"Well Laid Plans","floor":29,"key":"SMITH"},{"data":"Calculated Gamble","floor":32,"key":"SMITH"}],"neow_cost":"NONE","seed_source_timestamp":1098411031984499,"circlet_count":0,"master_deck":["AscendersBane","Survivor","Neutralize","Noxious Fumes+1","Blade Dance+1","Acrobatics","Masterful Stab","A Thousand Cuts+1","Acrobatics","Tactician","Tools of the Trade","Prepared","Tactician","Endless Agony","Crippling Poison","Reflex","Escape Plan","Corpse Explosion","Eviscerate","Calculated Gamble+1","Acrobatics","Acrobatics","Well Laid Plans+1","Reflex","Adrenaline","Backstab+1","Caltrops+1","Tactician"],"relics":["Ring of the Snake","Bag of Marbles","Lantern","MealTicket","Pandora\u0027s Box","Enchiridion","StoneCalendar","Happy Flower","Astrolabe","Pocketwatch"],"potions_floor_usage":[4,10,19,22,22,24,33,35,39,40],"damage_taken":[{"damage":1,"enemies":"Cultist","floor":1,"turns":3},{"damage":0,"enemies":"2 Louse","floor":3,"turns":2},{"damage":0,"enemies":"Jaw Worm","floor":4,"turns":3},{"damage":1,"enemies":"Exordium Thugs","floor":8,"turns":5},{"damage":7,"enemies":"3 Sentries","floor":10,"turns":7},{"damage":0,"enemies":"Lots of Slimes","floor":11,"turns":3},{"damage":0,"enemies":"2 Fungi Beasts","floor":12,"turns":1},{"damage":3,"enemies":"Blue Slaver","floor":13,"turns":4},{"damage":21,"enemies":"The Guardian","floor":16,"turns":11},{"damage":0,"enemies":"Shell Parasite","floor":18,"turns":1},{"damage":22,"enemies":"2 Thieves","floor":19,"turns":2},{"damage":3,"enemies":"Snecko","floor":22,"turns":5},{"damage":0,"enemies":"Gremlin Leader","floor":24,"turns":3},{"damage":7,"enemies":"Chosen and Byrds","floor":30,"turns":5},{"damage":0,"enemies":"3 Cultists","floor":31,"turns":2},{"damage":0,"enemies":"Champ","floor":33,"turns":6},{"damage":27,"enemies":"3 Darklings","floor":35,"turns":3},{"damage":0,"enemies":"3 Shapes","floor":37,"turns":1},{"damage":0,"enemies":"2 Orb Walkers","floor":39,"turns":1},{"damage":48,"enemies":"Nemesis","floor":40,"turns":4}],"seed_played":"-1871713931078020841","potions_obtained":[{"floor":3,"key":"BlessingOfTheForge"},{"floor":4,"key":"Energy Potion"},{"floor":11,"key":"BlessingOfTheForge"},{"floor":13,"key":"DistilledChaos"},{"floor":16,"key":"AttackPotion"},{"floor":19,"key":"Weak Potion"},{"floor":22,"key":"DuplicationPotion"},{"floor":25,"key":"EntropicBrew"},{"floor":25,"key":"Block Potion"},{"floor":33,"key":"AttackPotion"},{"floor":37,"key":"Poison Potion"}],"is_trial":false,"path_per_floor":["M","?","M","M","?","R","?","M","T","E","M","M","M","?","R","B",null,"M","M","?","?","M","R","E","?","T","R","$","R","M","M","R","B",null,"M","?","M","$","?","E"],"character_chosen":"THE_SILENT","basemod:card_modifiers":[null,null,null,null,null,null,null,null,null,null,null,null,null,null,null,null,null,null,null,null,null,null,null,null,null,null,null,null],"items_purchased":["Well Laid Plans","PowerPotion"],"campfire_rested":1,"item_purchase_floors":[28,38],"current_hp_per_floor":[58,63,63,63,45,45,45,44,44,37,37,37,34,34,34,13,51,51,29,29,8,5,24,24,24,24,24,39,39,32,32,32,32,56,29,29,29,44,44,0],"gold":695,"neow_bonus":"RANDOM_COMMON_RELIC","is_prod":false,"is_daily":false,"chose_seed":false,"campfire_upgraded":5,"win_rate":0,"timestamp":1677545650,"path_taken":["M","?","M","M","?","R","?","M","T","E","?","M","?","?","R","BOSS","M","M","?","?","M","R","E","?","T","R","$","R","?","M","R","BOSS","M","?","M","$","?","E"],"build_version":"2022-12-18","purchased_purges":2,"victory":false,"max_hp_per_floor":[66,71,71,71,71,71,71,71,71,71,71,71,71,64,64,64,64,64,64,64,64,64,64,64,64,64,64,64,64,64,64,64,64,64,64,64,64,64,64,64],"relic_stats":{"Happy Flower":[7],"counters":[20,72],"Astrolabe":["Heel Hook","Backstab","Caltrops"],"MealTicket":30,"Pandora\u0027s Box":["Prepared","Tactician","Endless Agony","Crippling Poison","Quick Slash","Dodge and Roll","Reflex","Escape Plan","Dash","Corpse Explosion"],"StoneCalendar":[0],"obtain_stats":[{"Lantern":9,"Happy Flower":26,"Golden Idol":14,"Astrolabe":34,"Enchiridion":21,"MealTicket":10,"Pandora\u0027s Box":17,"StoneCalendar":24,"Bag of Marbles":0,"Ring of the Snake":0,"Pocketwatch":39},{"Lantern":4,"Happy Flower":13,"Golden Idol":8,"Astrolabe":16,"Enchiridion":11,"MealTicket":5,"Pandora\u0027s Box":9,"StoneCalendar":13,"Bag of Marbles":0,"Ring of the Snake":0,"Pocketwatch":19},{"Lantern":13,"Happy Flower":50,"Golden Idol":28,"Astrolabe":63,"Enchiridion":42,"MealTicket":20,"Pandora\u0027s Box":39,"StoneCalendar":50,"Bag of Marbles":0,"Ring of the Snake":0,"Pocketwatch":68}],"Ring of the Snake":[41],"Pocketwatch":[0]},"card_choices":[{"not_picked":["Deflect","Finisher"],"picked":"Noxious Fumes","floor":1},{"not_picked":["Flechettes","Calculated Gamble"],"picked":"Blade Dance","floor":3},{"not_picked":["Bane","Flying Knee"],"picked":"Poisoned Stab","floor":4},{"not_picked":["Cloak And Dagger","Caltrops"],"picked":"Acrobatics","floor":8},{"not_picked":["Acrobatics","Prepared"],"picked":"Masterful Stab","floor":10},{"not_picked":["Calculated Gamble","Reflex"],"picked":"A Thousand Cuts","floor":11},{"not_picked":["Dagger Throw","Terror"],"picked":"Acrobatics","floor":12},{"not_picked":["Acrobatics","Endless Agony"],"picked":"Tactician","floor":13},{"not_picked":["Night Terror","Storm of Steel"],"picked":"Tools of the Trade","floor":16},{"not_picked":["Underhanded Strike","Finisher+1"],"picked":"Eviscerate","floor":18},{"not_picked":["Flying Knee","Prepared"],"picked":"Calculated Gamble","floor":19},{"not_picked":["Dodge and Roll","Dagger Spray","Finisher"],"picked":"SKIP","floor":22},{"not_picked":["Deadly Poison","Backstab"],"picked":"Acrobatics","floor":24},{"not_picked":["Caltrops","All Out Attack+1","Choke"],"picked":"SKIP","floor":30},{"not_picked":["Dodge and Roll","Prepared"],"picked":"Reflex","floor":31},{"not_picked":["Storm of Steel","Phantasmal Killer"],"picked":"Adrenaline","floor":33},{"not_picked":["Dagger Spray","Eviscerate","Deadly Poison"],"picked":"SKIP","floor":35},{"not_picked":["Blade Dance","Terror+1"],"picked":"Tactician","floor":37}],"player_experience":1459060,"relics_obtained":[{"floor":9,"key":"Lantern"},{"floor":10,"key":"MealTicket"},{"floor":21,"key":"Enchiridion"},{"floor":24,"key":"StoneCalendar"},{"floor":26,"key":"Happy Flower"},{"floor":39,"key":"Pocketwatch"}],"event_choices":[{"damage_healed":0,"gold_gain":0,"player_choice":"Donut","damage_taken":0,"max_hp_gain":5,"max_hp_loss":0,"event_name":"Big Fish","floor":2,"gold_loss":0},{"damage_healed":0,"gold_gain":0,"player_choice":"Fled","damage_taken":18,"max_hp_gain":0,"max_hp_loss":0,"event_name":"Scrap Ooze","floor":5,"gold_loss":0},{"damage_healed":0,"gold_gain":0,"player_choice":"Ignored","damage_taken":0,"max_hp_gain":0,"max_hp_loss":0,"event_name":"Liars Game","floor":7,"gold_loss":0},{"damage_healed":0,"gold_gain":0,"player_choice":"Lose Max HP","damage_taken":0,"relics_obtained":["Golden Idol"],"max_hp_gain":0,"max_hp_loss":7,"event_name":"Golden Idol","floor":14,"gold_loss":0},{"damage_healed":0,"gold_gain":0,"player_choice":"Read","damage_taken":0,"max_hp_gain":0,"max_hp_loss":0,"event_name":"The Library","floor":20,"gold_loss":0,"cards_obtained":["Acrobatics"]},{"damage_healed":0,"gold_gain":0,"player_choice":"Obtained Book","damage_taken":21,"max_hp_gain":0,"max_hp_loss":0,"event_name":"Cursed Tome","floor":21,"gold_loss":0},{"damage_healed":0,"gold_gain":0,"player_choice":"Bought 3 Potions","damage_taken":0,"max_hp_gain":0,"max_hp_loss":0,"event_name":"The Woman in Blue","floor":25,"gold_loss":0},{"damage_healed":0,"gold_gain":333,"player_choice":"Gave Idol","damage_taken":0,"max_hp_gain":0,"max_hp_loss":0,"event_name":"The Moai Head","floor":36,"relics_lost":["Golden Idol"],"gold_loss":0},{"damage_healed":0,"gold_gain":0,"player_choice":"Fight","damage_taken":0,"max_hp_gain":0,"max_hp_loss":0,"event_name":"Mysterious Sphere","floor":39,"gold_loss":0}],"is_beta":false,"boss_relics":[{"not_picked":["Coffee Dripper","Sozu"],"picked":"Pandora\u0027s Box"},{"not_picked":["Snecko Eye","WristBlade"],"picked":"Astrolabe"}],"items_purged_floors":[28,38],"is_endless":false,"potions_floor_spawned":[3,4,11,13,16,19,22,30,33,37],"killed_by":"Nemesis","ascension_level":20}