{"gold_per_floor":[112,112,112,8,26,26,64,64,89,89,110,124,139,155,155,251,251,266,166,166,216,216,247,261,261,286,302,302],"floor_reached":28,"playtime":1128,"items_purged":["Outmaneuver","Well Laid Plans"],"score":476,"play_id":"6c6b5087-a313-4933-91ff-8dd6d397e08a","local_time":"20230304183033","is_ascension_mode":true,"campfire_choices":[{"data":"Phantasmal Killer","floor":6,"key":"SMITH"},{"data":"All Out Attack","floor":8,"key":"SMITH"},{"floor":10,"key":"REST"},{"data":"Prepared","floor":15,"key":"SMITH"},{"floor":25,"key":"REST"}],"neow_cost":"NONE","seed_source_timestamp":1526213129515900,"circlet_count":0,"master_deck":["AscendersBane","Survivor","Neutralize","Finisher","Tactician","All Out Attack+1","Phantasmal Killer+1","Concentrate","Cloak And Dagger","Noxious Fumes","Blade Dance","Prepared+1","PiercingWail","Terror","Doppelganger","Grand Finale","Endless Agony","Acrobatics","Eviscerate+1"],"relics":["Pandora\u0027s Box","Golden Idol","Bronze Scales","Happy Flower","Runic Pyramid","Bottled Tornado","Bag of Preparation"],"potions_floor_usage":[11,14,23],"damage_taken":[{"damage":10,"enemies":"Small Slimes","floor":1,"turns":3},{"damage":0,"enemies":"Cultist","floor":5,"turns":3},{"damage":21,"enemies":"Lagavulin","floor":7,"turns":5},{"damage":0,"enemies":"2 Louse","floor":11,"turns":1},{"damage":0,"enemies":"Large Slime","floor":12,"turns":2},{"damage":2,"enemies":"Blue Slaver","floor":13,"turns":3},{"damage":4,"enemies":"Exordium Wildlife","floor":14,"turns":2},{"damage":26,"enemies":"Hexaghost","floor":16,"turns":5},{"damage":23,"enemies":"Spheric Guardian","floor":18,"turns":5},{"damage":36,"enemies":"Book of Stabbing","floor":23,"turns":3},{"damage":15,"enemies":"Shell Parasite","floor":24,"turns":2},{"damage":16,"enemies":"Snake Plant","floor":27,"turns":3},{"damage":13,"enemies":"Slavers","floor":28,"turns":1}],"seed_played":"8306418203331686679","potions_obtained":[{"floor":5,"key":"Swift Potion"},{"floor":7,"key":"Explosive Potion"},{"floor":12,"key":"FairyPotion"},{"floor":13,"key":"Block Potion"},{"floor":18,"key":"BlessingOfTheForge"}],"is_trial":false,"path_per_floor":["M","?","?","$","M","R","E","R","T","R","M","M","M","M","R","B",null,"M","$","?","?","?","E","M","R","T","M","E"],"character_chosen":"THE_SILENT","basemod:card_modifiers":[null,null,null,null,null,null,null,null,null,null,null,null,null,null,null,null,null,null,null],"items_purchased":["Blade Dance"],"campfire_rested":2,"item_purchase_floors":[4],"current_hp_per_floor":[49,49,49,49,49,49,28,28,28,46,46,46,44,40,40,14,49,26,26,26,26,26,18,3,21,21,5,0],"gold":302,"neow_bonus":"BOSS_RELIC","is_prod":false,"is_daily":false,"chose_seed":false,"campfire_upgraded":3,"win_rate":0,"timestamp":1677972633,"path_taken":["M","?","?","$","?","R","E","R","T","R","M","M","M","M","R","BOSS","M","$","?","?","?","E","?","R","T","M","E"],"build_version":"2022-12-18","purchased_purges":2,"victory":false,"max_hp_per_floor":[66,60,60,60,60,60,60,60,60,60,60,60,60,60,60,60,60,60,60,60,60,60,60,60,60,60,60,60],"relic_stats":{"Happy Flower":[9],"counters":[13,38],"Golden Idol":59,"Bronze Scales":[78],"Pandora\u0027s Box":["Finisher","Tactician","All Out Attack","Phantasmal Killer","Outmaneuver","Bouncing Flask","Concentrate","Cloak And Dagger","Noxious Fumes","Well Laid Plans"],"Bag of Preparation":[4],"Bottled Tornado":"Noxious Fumes","obtain_stats":[{"Happy Flower":9,"Golden Idol":2,"Bronze Scales":7,"Pandora\u0027s Box":0,"Bag of Preparation":26,"Bottled Tornado":23,"Ring of the Snake":0,"Runic Pyramid":17},{"Happy Flower":3,"Golden Idol":1,"Bronze Scales":3,"Pandora\u0027s Box":0,"Bag of Preparation":11,"Bottled Tornado":10,"Ring of the Snake":0,"Runic Pyramid":8},{"Happy Flower":11,"Golden Idol":3,"Bronze Scales":11,"Pandora\u0027s Box":0,"Bag of Preparation":34,"Bottled Tornado":32,"Ring of the Snake":0,"Runic Pyramid":24}]},"card_choices":[{"not_picked":["Deflect","All Out Attack"],"picked":"Quick Slash","floor":1},{"not_picked":["Footwork","Deadly Poison","Bane"],"picked":"SKIP","floor":5},{"not_picked":["Underhanded Strike","Blur","Slice"],"picked":"SKIP","floor":7},{"not_picked":["Backstab","Infinite Blades"],"picked":"Prepared","floor":11},{"not_picked":["Dagger Spray","Predator"],"picked":"PiercingWail","floor":12},{"not_picked":["Dodge and Roll","Venomology"],"picked":"Terror","floor":13},{"not_picked":["Dodge and Roll","Infinite Blades","Bane"],"picked":"SKIP","floor":14},{"not_picked":["Die Die Die","Bullet Time"],"picked":"Doppelganger","floor":16},{"not_picked":["Slice","Flechettes","Skewer"],"picked":"SKIP","floor":18},{"not_picked":["Deflect","Riddle With Holes","Blur"],"picked":"SKIP","floor":23},{"not_picked":["Catalyst","Prepared"],"picked":"Acrobatics","floor":24},{"not_picked":["Dagger Spray+1","Blade Dance"],"picked":"Eviscerate+1","floor":27}],"player_experience":1488087,"relics_obtained":[{"floor":7,"key":"Bronze Scales"},{"floor":9,"key":"Happy Flower"},{"floor":23,"key":"Bottled Tornado"},{"floor":26,"key":"Bag of Preparation"}],"event_choices":[{"damage_healed":0,"gold_gain":0,"player_choice":"Lose Max HP","damage_taken":0,"relics_obtained":["Golden Idol"],"max_hp_gain":0,"max_hp_loss":6,"event_name":"Golden Idol","floor":2,"gold_loss":0},{"damage_healed":0,"gold_gain":0,"player_choice":"0 cards matched","damage_taken":0,"max_hp_gain":0,"max_hp_loss":0,"event_name":"Match and Keep!","floor":3,"gold_loss":0,"cards_obtained":[]},{"damage_healed":0,"gold_gain":0,"cards_transformed":["Quick Slash","Bouncing Flask"],"player_choice":"Became Test Subject","damage_taken":0,"max_hp_gain":0,"max_hp_loss":0,"event_name":"Drug Dealer","floor":20,"gold_loss":0,"cards_obtained":["Grand Finale","Endless Agony"]},{"damage_healed":0,"gold_gain":50,"player_choice":"Stole From Cult","damage_taken":0,"max_hp_gain":0,"max_hp_loss":0,"event_name":"Nest","floor":21,"gold_loss":0},{"damage_healed":0,"gold_gain":0,"player_choice":"Ignored","damage_taken":0,"max_hp_gain":0,"max_hp_loss":0,"event_name":"Cursed Tome","floor":22,"gold_loss":0}],"is_beta":false,"boss_relics":[{"not_picked":["Black Star","SacredBark"],"picked":"Runic Pyramid"}],"items_purged_floors":[4,19],"is_endless":false,"potions_floor_spawned":[5,7,12,13,18],"killed_by":"Slavers","ascension_level":20}