{"gold_per_floor":[110,121,121,131,143,143,174,188,238,238,272,35,53,70,70,147,147,163,163,163,181,106,106,121,121],"floor_reached":25,"playtime":1416,"items_purged":["Strike_G"],"score":430,"play_id":"533c2e7c-306f-40b9-afa4-aad3856fedad","local_time":"20230226092421","is_ascension_mode":true,"campfire_choices":[{"data":"Blade Dance","floor":6,"key":"SMITH"},{"data":"Deadly Poison","floor":15,"key":"SMITH"},{"floor":23,"key":"REST"}],"neow_cost":"NONE","seed_source_timestamp":974749034851300,"circlet_count":0,"master_deck":["AscendersBane","Strike_G","Strike_G","Defend_G","Defend_G","Defend_G","Defend_G","Defend_G","Survivor","Neutralize","Well Laid Plans","Poisoned Stab","Underhanded Strike","Blade Dance+1","Acrobatics","Adrenaline","Dodge and Roll","Deadly Poison+1","Underhanded Strike","Burst","Escape Plan","Accuracy"],"relics":["Ring of the Snake","Potion Belt","TungstenRod","Blue Candle","Art of War","Happy Flower","Oddly Smooth Stone","HoveringKite"],"potions_floor_usage":[7,11,13,13,16,21,25],"damage_taken":[{"damage":1,"enemies":"Small Slimes","floor":1,"turns":5},{"damage":1,"enemies":"Cultist","floor":2,"turns":6},{"damage":0,"enemies":"2 Louse","floor":4,"turns":3},{"damage":0,"enemies":"Exordium Thugs","floor":5,"turns":4},{"damage":25,"enemies":"3 Sentries","floor":7,"turns":10},{"damage":5,"enemies":"Exordium Wildlife","floor":8,"turns":3},{"damage":2,"enemies":"Gremlin Nob","floor":11,"turns":3},{"damage":5,"enemies":"Large Slime","floor":13,"turns":6},{"damage":0,"enemies":"Blue Slaver","floor":14,"turns":3},{"damage":17,"enemies":"The Guardian","floor":16,"turns":10},{"damage":7,"enemies":"2 Thieves","floor":18,"turns":5},{"damage":26,"enemies":"Shell Parasite","floor":21,"turns":6},{"damage":0,"enemies":"Centurion and Healer","floor":24,"turns":7},{"damage":36,"enemies":"Slavers","floor":25,"turns":4}],"seed_played":"-3647960322391695048","potions_obtained":[{"floor":1,"key":"FearPotion"},{"floor":4,"key":"EntropicBrew"},{"floor":5,"key":"Explosive Potion"},{"floor":16,"key":"FearPotion"},{"floor":24,"key":"SpeedPotion"}],"is_trial":false,"path_per_floor":["M","M","?","M","M","R","E","M","T","?","E","$","M","M","R","B",null,"M","?","?","M","?","R","M","E"],"character_chosen":"THE_SILENT","basemod:card_modifiers":[null,null,null,null,null,null,null,null,null,null,null,null,null,null,null,null,null,null,null,null,null,null],"items_purchased":["Oddly Smooth Stone"],"campfire_rested":1,"item_purchase_floors":[12],"current_hp_per_floor":[58,57,57,57,57,57,32,27,27,27,25,25,20,20,20,3,50,43,43,43,17,17,36,36,0],"gold":121,"neow_bonus":"RANDOM_COMMON_RELIC","is_prod":false,"is_daily":false,"chose_seed":false,"campfire_upgraded":2,"win_rate":0,"timestamp":1677421461,"path_taken":["M","M","?","M","M","R","E","?","T","?","E","$","M","M","R","BOSS","M","?","?","M","?","R","M","E"],"build_version":"2022-12-18","purchased_purges":1,"victory":false,"max_hp_per_floor":[66,66,66,66,66,66,66,66,66,66,66,66,66,66,66,66,66,66,66,66,66,66,66,66,66],"relic_stats":{"Happy Flower":[13],"counters":[14,75],"Blue Candle":[0],"HoveringKite":[10],"Art of War":[8],"obtain_stats":[{"Potion Belt":0,"Happy Flower":11,"Blue Candle":7,"Oddly Smooth Stone":12,"HoveringKite":17,"Art of War":9,"TungstenRod":3,"Ring of the Snake":0},{"Potion Belt":0,"Happy Flower":7,"Blue Candle":5,"Oddly Smooth Stone":7,"HoveringKite":10,"Art of War":6,"TungstenRod":2,"Ring of the Snake":0},{"Potion Belt":0,"Happy Flower":34,"Blue Candle":28,"Oddly Smooth Stone":34,"HoveringKite":53,"Art of War":31,"TungstenRod":11,"Ring of the Snake":0}],"TungstenRod":30,"Ring of the Snake":[28]},"card_choices":[{"not_picked":["Calculated Gamble","Prepared"],"picked":"Well Laid Plans","floor":1},{"not_picked":["Caltrops","Outmaneuver"],"picked":"Poisoned Stab","floor":2},{"not_picked":["Deadly Poison","Sucker Punch"],"picked":"Underhanded Strike","floor":4},{"not_picked":["Catalyst","Distraction"],"picked":"Blade Dance","floor":5},{"not_picked":["Distraction","Deflect"],"picked":"Acrobatics","floor":7},{"not_picked":["Acrobatics","Deflect"],"picked":"Adrenaline","floor":8},{"not_picked":["Blade Dance","Catalyst"],"picked":"Dodge and Roll","floor":11},{"not_picked":["Dagger Spray","Flying Knee"],"picked":"Deadly Poison","floor":13},{"not_picked":["Poisoned Stab","Slice"],"picked":"Underhanded Strike","floor":14},{"not_picked":["Phantasmal Killer","Unload"],"picked":"Burst","floor":16},{"not_picked":["Quick Slash","Backstab","Sucker Punch"],"picked":"SKIP","floor":18},{"not_picked":["Deadly Poison","Blade Dance"],"picked":"Escape Plan","floor":21},{"not_picked":["Bane","Slice"],"picked":"Accuracy","floor":24}],"player_experience":1457644,"relics_obtained":[{"floor":3,"key":"TungstenRod"},{"floor":7,"key":"Blue Candle"},{"floor":9,"key":"Art of War"},{"floor":11,"key":"Happy Flower"}],"event_choices":[{"damage_healed":0,"gold_gain":0,"player_choice":"Relic","damage_taken":0,"max_hp_gain":0,"max_hp_loss":0,"event_name":"Wheel of Change","floor":3,"gold_loss":0},{"cards_removed":["Strike_G"],"damage_healed":0,"gold_gain":0,"player_choice":"Offered Basic","damage_taken":0,"max_hp_gain":0,"max_hp_loss":0,"event_name":"Bonfire Elementals","floor":10,"gold_loss":0},{"damage_healed":0,"gold_gain":0,"player_choice":"Ignored","damage_taken":0,"max_hp_gain":0,"max_hp_loss":0,"event_name":"Ghosts","floor":19,"gold_loss":0},{"damage_healed":0,"gold_gain":0,"player_choice":"Ignored","damage_taken":0,"max_hp_gain":0,"max_hp_loss":0,"event_name":"Vampires","floor":20,"gold_loss":0},{"cards_removed":["Strike_G"],"damage_healed":0,"gold_gain":0,"player_choice":"Gave Gold","damage_taken":0,"max_hp_gain":0,"max_hp_loss":0,"event_name":"Beggar","floor":22,"gold_loss":75}],"is_beta":false,"boss_relics":[{"not_picked":["Ring of the Serpent","Pandora\u0027s Box"],"picked":"HoveringKite"}],"items_purged_floors":[12],"is_endless":false,"potions_floor_spawned":[1,4,5,16,24],"killed_by":"Slavers","ascension_level":20}