{"gold_per_floor":[111,121,271,39,56,75,105,180,180,180,180,193,220,245,245,322,322,342,359,29,40,40,40,40,71,71,71,99,23,38,55,55,129,129,139,139,14,14,84,114,114,148,148,161,177,177,211,221,221,221,221],"floor_reached":51,"playtime":2850,"items_purged":["Doubt","Strike_G","Defend_G"],"score":1666,"play_id":"29cea0af-504d-4a5e-880e-c9d23752389d","local_time":"20230304191813","is_ascension_mode":true,"campfire_choices":[{"data":"Dagger Spray","floor":11,"key":"SMITH"},{"data":"Deadly Poison","floor":15,"key":"SMITH"},{"data":"A Thousand Cuts","floor":23,"key":"SMITH"},{"data":"Adrenaline","floor":27,"key":"SMITH"},{"floor":32,"key":"REST"},{"floor":41,"key":"REST"},{"data":"Acrobatics","floor":46,"key":"SMITH"},{"floor":49,"key":"RECALL"}],"neow_cost":"NONE","seed_source_timestamp":1527349771618000,"circlet_count":0,"master_deck":["AscendersBane","Defend_G","Defend_G","Defend_G","Survivor","Neutralize","Dagger Spray+1","Blade Dance","Deadly Poison+1","A Thousand Cuts+1","Blade Dance","Bullet Time","Acrobatics+1","Dodge and Roll+1","After Image","Backflip","Flying Knee","Bouncing Flask","Adrenaline+1","After Image","PiercingWail","Well Laid Plans","Backflip","Escape Plan+1","Blade Dance","Adrenaline","Dark Shackles","Thinking Ahead","Tactician+1","Noxious Fumes+1","Acrobatics","Night Terror"],"relics":["Ring of the Snake","Vajra","OrangePellets","Centennial Puzzle","Ancient Tea Set","Dream Catcher","Sundial","WristBlade","Happy Flower","Snake Skull","Akabeko","Empty Cage","Gremlin Horn","Strawberry","Smiling Mask","Singing Bowl"],"potions_floor_usage":[7,14,18,21,28,33,40,50],"damage_taken":[{"damage":1,"enemies":"Cultist","floor":1,"turns":4},{"damage":1,"enemies":"Jaw Worm","floor":2,"turns":3},{"damage":0,"enemies":"2 Louse","floor":5,"turns":3},{"damage":0,"enemies":"Looter","floor":6,"turns":4},{"damage":2,"enemies":"3 Sentries","floor":7,"turns":8},{"damage":0,"enemies":"Blue Slaver","floor":12,"turns":2},{"damage":13,"enemies":"Lagavulin","floor":14,"turns":8},{"damage":28,"enemies":"The Guardian","floor":16,"turns":10},{"damage":4,"enemies":"Chosen","floor":18,"turns":4},{"damage":6,"enemies":"3 Byrds","floor":19,"turns":3},{"damage":4,"enemies":"Shelled Parasite and Fungi","floor":21,"turns":3},{"damage":0,"enemies":"Gremlin Leader","floor":25,"turns":3},{"damage":0,"enemies":"Book of Stabbing","floor":28,"turns":5},{"damage":0,"enemies":"Snake Plant","floor":30,"turns":4},{"damage":11,"enemies":"3 Cultists","floor":31,"turns":5},{"damage":8,"enemies":"Champ","floor":33,"turns":8},{"damage":1,"enemies":"Orb Walker","floor":35,"turns":2},{"damage":26,"enemies":"Giant Head","floor":40,"turns":6},{"damage":10,"enemies":"Reptomancer","floor":42,"turns":6},{"damage":0,"enemies":"3 Darklings","floor":44,"turns":4},{"damage":1,"enemies":"Transient","floor":45,"turns":6},{"damage":0,"enemies":"Nemesis","floor":47,"turns":5},{"damage":0,"enemies":"Spire Growth","floor":48,"turns":4},{"damage":46,"enemies":"Time Eater","floor":50,"turns":13},{"damage":35,"enemies":"Donu and Deca","floor":51,"turns":6}],"seed_played":"-6351195187463128955","potions_obtained":[{"floor":2,"key":"FearPotion"},{"floor":6,"key":"Poison Potion"},{"floor":7,"key":"FairyPotion"},{"floor":16,"key":"BlessingOfTheForge"},{"floor":21,"key":"DuplicationPotion"},{"floor":30,"key":"FearPotion"},{"floor":33,"key":"ColorlessPotion"},{"floor":42,"key":"DuplicationPotion"}],"is_trial":false,"path_per_floor":["M","M","?","$","M","M","E","?","T","?","R","M","T","E","R","B",null,"M","M","$","M","?","R","?","E","T","R","E","$","M","M","R","B",null,"M","?","$","?","T","E","R","E","T","M","M","R","E","M","R","B","B"],"character_chosen":"THE_SILENT","basemod:card_modifiers":[null,null,null,null,null,null,null,null,null,null,null,null,null,null,null,null,null,null,null,null,null,null,null,null,null,null,null,null,null,null,null,null],"items_purchased":["OrangePellets","After Image","Energy Potion","Well Laid Plans"],"campfire_rested":2,"item_purchase_floors":[4,20,20,29],"current_hp_per_floor":[58,57,57,57,57,57,55,44,44,44,44,44,44,31,31,3,50,46,40,40,36,36,36,36,36,36,36,36,36,36,25,44,36,59,58,58,58,48,48,29,50,40,40,40,39,39,39,41,41,22,0],"gold":221,"neow_bonus":"RANDOM_COMMON_RELIC","is_prod":false,"is_daily":false,"chose_seed":false,"campfire_upgraded":5,"win_rate":0,"timestamp":1677975493,"path_taken":["M","?","?","$","M","M","E","?","T","?","R","M","?","E","R","BOSS","M","M","$","M","?","R","?","E","T","R","E","?","M","M","R","BOSS","M","?","?","?","?","E","R","E","T","?","M","R","E","M","R","BOSS","BOSS"],"build_version":"2022-12-18","purchased_purges":3,"victory":false,"max_hp_per_floor":[66,66,66,66,66,66,66,66,66,66,66,66,66,66,66,66,66,66,66,66,66,66,66,66,66,66,66,66,66,66,66,66,66,66,66,66,66,66,66,73,73,73,73,73,73,73,73,75,75,75,75],"relic_stats":{"Happy Flower":[24],"Gremlin Horn":[10,10],"Singing Bowl":2,"counters":[25,129],"Snake Skull":[80],"Ancient Tea Set":[16],"Smiling Mask":0,"OrangePellets":[19],"Centennial Puzzle":[39],"Dream Catcher":2,"Sundial":[16],"obtain_stats":[{"Happy Flower":25,"Gremlin Horn":39,"Singing Bowl":47,"Vajra":0,"Snake Skull":26,"Ancient Tea Set":9,"Empty Cage":34,"Smiling Mask":42,"Akabeko":28,"OrangePellets":4,"Centennial Puzzle":7,"Dream Catcher":13,"WristBlade":17,"Sundial":14,"Strawberry":40,"Ring of the Snake":0},{"Happy Flower":12,"Gremlin Horn":17,"Singing Bowl":22,"Vajra":0,"Snake Skull":12,"Ancient Tea Set":5,"Empty Cage":16,"Smiling Mask":19,"Akabeko":13,"OrangePellets":2,"Centennial Puzzle":5,"Dream Catcher":6,"WristBlade":8,"Sundial":7,"Strawberry":18,"Ring of the Snake":0},{"Happy Flower":55,"Gremlin Horn":79,"Singing Bowl":106,"Vajra":0,"Snake Skull":55,"Ancient Tea Set":22,"Empty Cage":77,"Smiling Mask":91,"Akabeko":60,"OrangePellets":7,"Centennial Puzzle":22,"Dream Catcher":24,"WristBlade":42,"Sundial":32,"Strawberry":85,"Ring of the Snake":0}],"Ring of the Snake":[50]},"card_choices":[{"not_picked":["Reflex","Bane"],"picked":"Dagger Spray","floor":1},{"not_picked":["Dagger Spray","Cloak And Dagger","Quick Slash"],"picked":"SKIP","floor":2},{"not_picked":["Underhanded Strike","Poisoned Stab"],"picked":"Blade Dance","floor":5},{"not_picked":["Deflect","Bane"],"picked":"Deadly Poison","floor":6},{"not_picked":["Doppelganger","Reflex"],"picked":"A Thousand Cuts","floor":7},{"not_picked":["Escape Plan","Dagger Spray"],"picked":"Blade Dance","floor":12},{"not_picked":["Setup","Choke","Outmaneuver"],"picked":"SKIP","floor":14},{"not_picked":["Glass Knife","Envenom"],"picked":"Bullet Time","floor":16},{"not_picked":["Quick Slash+1","Underhanded Strike"],"picked":"Acrobatics","floor":18},{"not_picked":["Sucker Punch","Backstab+1"],"picked":"Dodge and Roll+1","floor":19},{"not_picked":["Sucker Punch","Predator+1"],"picked":"Backflip","floor":21},{"not_picked":["Venomology","Reflex"],"picked":"After Image","floor":25},{"not_picked":["Poisoned Stab","A Thousand Cuts"],"picked":"PiercingWail","floor":28},{"not_picked":["Cloak And Dagger","Dagger Throw"],"picked":"Backflip","floor":30},{"not_picked":["Backflip","Malaise"],"picked":"Escape Plan+1","floor":31},{"not_picked":["Reflex","Terror"],"picked":"Blade Dance","floor":32},{"not_picked":["Venomology","Storm of Steel"],"picked":"Adrenaline","floor":33},{"not_picked":["Expertise","PiercingWail","Skewer"],"picked":"SKIP","floor":35},{"not_picked":["Panacea","Secret Technique"],"picked":"Dark Shackles","floor":38},{"not_picked":["Blind","Deep Breath"],"picked":"Thinking Ahead","floor":38},{"not_picked":["Expertise","Quick Slash"],"picked":"Tactician+1","floor":40},{"not_picked":["Dagger Spray","Dash+1"],"picked":"Noxious Fumes+1","floor":42},{"not_picked":["Underhanded Strike","Noxious Fumes","Blade Dance"],"picked":"SKIP","floor":44},{"not_picked":["Footwork","Cloak And Dagger"],"picked":"Acrobatics","floor":45},{"not_picked":["Acrobatics","Underhanded Strike"],"picked":"Night Terror","floor":47},{"not_picked":["Flechettes","Expertise","Sucker Punch"],"picked":"Singing Bowl","floor":48}],"player_experience":1489215,"relics_obtained":[{"floor":7,"key":"Centennial Puzzle"},{"floor":9,"key":"Ancient Tea Set"},{"floor":13,"key":"Dream Catcher"},{"floor":14,"key":"Sundial"},{"floor":25,"key":"Happy Flower"},{"floor":26,"key":"Snake Skull"},{"floor":28,"key":"Akabeko"},{"floor":39,"key":"Gremlin Horn"},{"floor":40,"key":"Strawberry"},{"floor":42,"key":"Smiling Mask"},{"floor":47,"key":"Singing Bowl"}],"event_choices":[{"damage_healed":0,"gold_gain":150,"player_choice":"AGREE","damage_taken":0,"max_hp_gain":0,"max_hp_loss":0,"event_name":"Liars Game","floor":3,"gold_loss":0,"cards_obtained":["Doubt"]},{"damage_healed":0,"gold_gain":75,"player_choice":"Gather Gold","damage_taken":11,"max_hp_gain":0,"max_hp_loss":0,"event_name":"World of Goop","floor":8,"gold_loss":0},{"damage_healed":0,"gold_gain":0,"player_choice":"Searched \u00270\u0027 times","damage_taken":0,"max_hp_gain":0,"max_hp_loss":0,"event_name":"Dead Adventurer","floor":10,"gold_loss":0},{"damage_healed":0,"gold_gain":0,"cards_transformed":["Strike_G","Strike_G"],"player_choice":"Became Test Subject","damage_taken":0,"max_hp_gain":0,"max_hp_loss":0,"event_name":"Drug Dealer","floor":22,"gold_loss":0,"cards_obtained":["Flying Knee","Bouncing Flask"]},{"damage_healed":0,"gold_gain":0,"player_choice":"Read","damage_taken":0,"max_hp_gain":0,"max_hp_loss":0,"event_name":"The Library","floor":24,"gold_loss":0,"cards_obtained":["Adrenaline"]},{"cards_removed":["Defend_G"],"damage_healed":0,"gold_gain":0,"player_choice":"Offered Basic","damage_taken":0,"max_hp_gain":0,"max_hp_loss":0,"event_name":"Bonfire Elementals","floor":36,"gold_loss":0},{"damage_healed":0,"gold_gain":0,"player_choice":"Memory 3","damage_taken":10,"max_hp_gain":0,"max_hp_loss":0,"event_name":"SensoryStone","floor":38,"gold_loss":0}],"is_beta":false,"boss_relics":[{"not_picked":["Calling Bell","Velvet Choker"],"picked":"WristBlade"},{"not_picked":["SlaversCollar","Runic Pyramid"],"picked":"Empty Cage"}],"items_purged_floors":[4,20,37],"is_endless":false,"potions_floor_spawned":[2,6,7,16,21,25,30,31,33,35,42,45,47],"killed_by":"Donu and Deca","ascension_level":20}