{"gold_per_floor":[113,113,128,145,165,165,200,200,223,242,260,185,19,19,19,98,98,111,128,128,26,26,26,54,104,104,120,154,154,172,185,185,185],"floor_reached":33,"playtime":1441,"items_purged":["Strike_G","Strike_G"],"score":674,"play_id":"ed70810f-a8d0-4fd6-8a07-0b5d414be49d","local_time":"20230302201415","is_ascension_mode":true,"campfire_choices":[{"data":"Blade Dance","floor":6,"key":"SMITH"},{"data":"All Out Attack","floor":8,"key":"SMITH"},{"data":"Terror","floor":15,"key":"SMITH"},{"data":"Burst","floor":23,"key":"SMITH"},{"data":"Acrobatics","floor":29,"key":"SMITH"},{"data":"After Image","floor":32,"key":"SMITH"}],"neow_cost":"NONE","seed_source_timestamp":1359321266196800,"circlet_count":0,"master_deck":["AscendersBane","Strike_G+1","Strike_G+1","Strike_G+1","Defend_G+1","Defend_G+1","Defend_G+1","Defend_G+1","Survivor","Neutralize","All Out Attack+1","Blade Dance+1","Choke","Burst+1","Terror+1","Accuracy","Backflip","Adrenaline","PiercingWail","Blade Dance","Backflip","After Image+1","Acrobatics+1","Well Laid Plans"],"relics":["Ring of the Snake","Lantern","Toy Ornithopter","Anchor","Membership Card","Bottled Lightning","Philosopher\u0027s Stone","Strawberry","Question Card","Snake Skull"],"potions_floor_usage":[7,18,24,33,33],"damage_taken":[{"damage":18,"enemies":"Jaw Worm","floor":1,"turns":8},{"damage":0,"enemies":"Cultist","floor":3,"turns":4},{"damage":0,"enemies":"2 Louse","floor":4,"turns":2},{"damage":9,"enemies":"Red Slaver","floor":5,"turns":3},{"damage":0,"enemies":"Gremlin Nob","floor":7,"turns":2},{"damage":0,"enemies":"3 Louse","floor":10,"turns":1},{"damage":12,"enemies":"Large Slime","floor":11,"turns":4},{"damage":8,"enemies":"Hexaghost","floor":16,"turns":8},{"damage":0,"enemies":"Spheric Guardian","floor":18,"turns":5},{"damage":9,"enemies":"Shell Parasite","floor":19,"turns":3},{"damage":20,"enemies":"Slavers","floor":24,"turns":5},{"damage":5,"enemies":"Snake Plant","floor":27,"turns":3},{"damage":0,"enemies":"Gremlin Leader","floor":28,"turns":6},{"damage":0,"enemies":"Sentry and Sphere","floor":30,"turns":3},{"damage":8,"enemies":"Cultist and Chosen","floor":31,"turns":7},{"damage":38,"enemies":"Collector","floor":33,"turns":6}],"seed_played":"-800081006561774196","potions_obtained":[{"floor":4,"key":"Weak Potion"},{"floor":5,"key":"Strength Potion"},{"floor":16,"key":"Block Potion"},{"floor":18,"key":"Explosive Potion"},{"floor":30,"key":"Poison Potion"}],"is_trial":false,"path_per_floor":["M","?","M","M","M","R","E","R","T","M","M","$","$","T","R","B",null,"M","M","?","$","?","R","E","?","T","M","E","R","M","M","R","B"],"character_chosen":"THE_SILENT","basemod:card_modifiers":[null,null,null,null,null,null,null,null,null,null,null,null,null,null,null,null,null,null,null,null,null,null,null,null],"items_purchased":["Membership Card","Blade Dance","Backflip"],"campfire_rested":0,"item_purchase_floors":[13,21,21],"current_hp_per_floor":[41,41,41,41,32,32,32,32,32,32,20,20,20,20,20,12,53,58,49,49,49,49,49,41,34,34,29,29,29,29,21,21,0],"gold":185,"neow_bonus":"RANDOM_COMMON_RELIC","is_prod":false,"is_daily":false,"chose_seed":false,"campfire_upgraded":6,"win_rate":0,"timestamp":1677806055,"path_taken":["M","?","?","M","M","R","E","R","T","M","M","?","$","?","R","BOSS","M","M","?","$","?","R","E","?","T","M","E","R","?","M","R","BOSS"],"build_version":"2022-12-18","purchased_purges":2,"victory":false,"max_hp_per_floor":[66,66,66,66,66,66,66,66,66,66,66,66,66,66,66,66,66,66,66,66,66,66,66,73,73,73,73,73,73,73,73,73,73],"relic_stats":{"counters":[16,70],"Snake Skull":[1],"Membership Card":100,"Bottled Lightning":"Terror","Question Card":4,"obtain_stats":[{"Lantern":0,"Anchor":9,"Strawberry":24,"Philosopher\u0027s Stone":17,"Snake Skull":28,"Membership Card":13,"Bottled Lightning":14,"Question Card":26,"Toy Ornithopter":7,"Ring of the Snake":0},{"Lantern":0,"Anchor":5,"Strawberry":11,"Philosopher\u0027s Stone":8,"Snake Skull":13,"Membership Card":7,"Bottled Lightning":7,"Question Card":11,"Toy Ornithopter":5,"Ring of the Snake":0},{"Lantern":0,"Anchor":19,"Strawberry":45,"Philosopher\u0027s Stone":32,"Snake Skull":54,"Membership Card":24,"Bottled Lightning":24,"Question Card":45,"Toy Ornithopter":19,"Ring of the Snake":0}],"Toy Ornithopter":20,"Ring of the Snake":[32]},"card_choices":[{"not_picked":["Poisoned Stab","Bane"],"picked":"All Out Attack","floor":1},{"not_picked":["Cloak And Dagger","Outmaneuver"],"picked":"Blade Dance","floor":3},{"not_picked":["Acrobatics","Bane"],"picked":"Choke","floor":4},{"not_picked":["Reflex","Prepared"],"picked":"Burst","floor":5},{"not_picked":["Dagger Throw","Acrobatics"],"picked":"Terror","floor":7},{"not_picked":["All Out Attack","Bouncing Flask"],"picked":"Accuracy","floor":10},{"not_picked":["Cloak And Dagger","Flying Knee"],"picked":"Backflip","floor":11},{"not_picked":["Corpse Explosion","Die Die Die"],"picked":"Adrenaline","floor":16},{"not_picked":["Backstab","Caltrops","Poisoned Stab"],"picked":"SKIP","floor":18},{"not_picked":["Poisoned Stab","Deflect"],"picked":"PiercingWail","floor":19},{"not_picked":["Quick Slash","Blade Dance"],"picked":"After Image","floor":24},{"not_picked":["PiercingWail","Cloak And Dagger","Bane","Masterful Stab"],"picked":"SKIP","floor":27},{"not_picked":["Unload","All Out Attack","Bouncing Flask"],"picked":"Acrobatics","floor":28},{"not_picked":["Prepared","Cloak And Dagger","Backflip","Dagger Spray"],"picked":"SKIP","floor":30},{"not_picked":["Dagger Spray","Deadly Poison+1","Deflect"],"picked":"Well Laid Plans","floor":31}],"player_experience":1469880,"relics_obtained":[{"floor":7,"key":"Toy Ornithopter"},{"floor":9,"key":"Anchor"},{"floor":14,"key":"Bottled Lightning"},{"floor":24,"key":"Strawberry"},{"floor":26,"key":"Question Card"},{"floor":28,"key":"Snake Skull"}],"event_choices":[{"cards_removed":["Defend_G"],"damage_healed":0,"gold_gain":0,"player_choice":"Offered Basic","damage_taken":0,"max_hp_gain":0,"max_hp_loss":0,"event_name":"Bonfire Elementals","floor":2,"gold_loss":0},{"damage_healed":0,"gold_gain":0,"player_choice":"Ignored","damage_taken":0,"max_hp_gain":0,"max_hp_loss":0,"event_name":"Vampires","floor":20,"gold_loss":0},{"damage_healed":0,"gold_gain":0,"player_choice":"Simplicity","damage_taken":0,"max_hp_gain":0,"max_hp_loss":0,"event_name":"Back to Basics","floor":22,"gold_loss":0,"cards_upgraded":["Strike_G","Strike_G","Strike_G","Defend_G","Defend_G","Defend_G","Defend_G"]},{"damage_healed":0,"gold_gain":50,"player_choice":"Touch","damage_taken":7,"max_hp_gain":0,"max_hp_loss":0,"event_name":"FaceTrader","floor":25,"gold_loss":0}],"is_beta":false,"boss_relics":[{"not_picked":["SacredBark","Tiny House"],"picked":"Philosopher\u0027s Stone"}],"items_purged_floors":[12,21],"is_endless":false,"potions_floor_spawned":[4,5,16,18,19,30,31],"killed_by":"Collector","ascension_level":20}