{"neow_bonuses_skipped_log":["REMOVE_CARD","TEN_PERCENT_HP_BONUS","BOSS_RELIC"],"potions_obtained_entropic_brew":[[],[],[],[],[],[],[],[],[],[],[],[],[],[],[],[],[],[],[],[],[],[],[],[],[],[],[],[],[]],"neow_costs_skipped_log":["NONE","NONE","NONE"],"gold_per_floor":[11,21,21,96,110,110,125,125,150,160,192,76,94,121,121,199,199,210,229,229,229,73,89,89,107,134,134,146,146],"floor_reached":29,"playtime":1258,"items_purged":["Strike_G","Bite"],"score":499,"play_id":"bf2d4e30-3ae8-4a4f-a74c-acd0156bb0a6","local_time":"20230316005445","score_breakdown":["Floors Climbed (29): 145","Enemies Slain (11): 22","Exordium Elites Killed (2): 20","City Elites Killed (0): 0","Bosses Slain (1): 50","Collector (1): 25","Ascension (20): 237"],"is_ascension_mode":true,"potions_obtained_alchemize":[[],[],[],[],[],[],[],[],[],[],[],[],[],[],[],[],[],[],[],[],[],[],[],[],[],[],[],[],[]],"campfire_choices":[{"data":"The Bomb","floor":6.0,"key":"SMITH"},{"data":"Quick Slash","floor":8.0,"key":"SMITH"},{"data":"Deadly Poison","floor":15.0,"key":"SMITH"},{"data":"Footwork","floor":24.0,"key":"SMITH"},{"data":"Footwork","floor":27.0,"key":"SMITH"}],"lesson_learned_per_floor":[[],[],[],[],[],[],[],[],[],[],[],[],[],[],[],[],[],[],[],[],[],[],[],[],[],[],[],[],[]],"neow_cost":"NO_GOLD","improvable_cards":{},"seed_source_timestamp":0,"shop_contents":[{"floor":12,"relics":["Regal Pillow","Bag of Preparation","TwistedFunnel"],"cards":["Poisoned Stab","Dagger Spray","Outmaneuver","Deflect","Finesse","Secret Weapon"],"potions":["ColorlessPotion","LiquidBronze","SpeedPotion"]},{"floor":22,"relics":["Tiny Chest","Paper Crane","Cauldron"],"cards":["Flying Knee","Grand Finale","Setup","Dodge and Roll","Well Laid Plans","Enlightenment","Panache"],"potions":["FearPotion","FairyPotion"]}],"circlet_count":0,"master_deck":["AscendersBane","Defend_G","Defend_G","Defend_G","Defend_G","Defend_G","Survivor","Neutralize","The Bomb+1","Footwork+1","Quick Slash+1","Deadly Poison+1","Acrobatics","Sucker Punch","Well Laid Plans","PiercingWail","Leg Sweep","Malaise","Footwork+1","Footwork","Bite","Bite","Bite","Bite","Outmaneuver"],"special_seed":0,"potion_use_per_floor":[[],[],[],[],[],[],[],[],[],[],[],[],[],[],[],["Dexterity Potion"],[],["Block Potion"],["Weak Potion","AttackPotion"],[],[],[],[],[],["Swift Potion"],[],[],[],["DuplicationPotion","Regen Potion"]],"relics":["Ring of the Snake","Boot","MealTicket","Ornamental Fan","Runic Pyramid","Blood Vial"],"potions_floor_usage":[29,29],"damage_taken":[{"damage":0.0,"enemies":"Cultist","floor":1.0,"turns":4.0},{"damage":0.0,"enemies":"Jaw Worm","floor":2.0,"turns":7.0},{"damage":0.0,"enemies":"2 Louse","floor":5.0,"turns":5.0},{"damage":4.0,"enemies":"Blue Slaver","floor":7.0,"turns":3.0},{"damage":8.0,"enemies":"Large Slime","floor":10.0,"turns":5.0},{"damage":8.0,"enemies":"3 Sentries","floor":11.0,"turns":3.0},{"damage":8.0,"enemies":"2 Fungi Beasts","floor":13.0,"turns":3.0},{"damage":3.0,"enemies":"Lagavulin","floor":14.0,"turns":8.0},{"damage":28.0,"enemies":"Hexaghost","floor":16.0,"turns":13.0},{"damage":11.0,"enemies":"3 Byrds","floor":18.0,"turns":5.0},{"damage":6.0,"enemies":"Shell Parasite","floor":19.0,"turns":11.0},{"damage":7.0,"enemies":"Snake Plant","floor":23.0,"turns":9.0},{"damage":7.0,"enemies":"Snecko","floor":25.0,"turns":9.0},{"damage":10.0,"enemies":"Chosen and Byrds","floor":28.0,"turns":5.0},{"damage":69,"enemies":"Slavers","floor":29,"turns":5}],"seed_played":"6535301723673423769","neow_bonus_log":{"cardsObtained":[],"cardsUpgraded":[],"cardsRemoved":[],"cardsTransformed":[],"relicsObtained":[],"maxHpGained":0,"goldGained":0,"damageTaken":0,"goldLost":99,"maxHpLost":0},"potions_obtained":[{"floor":1.0,"key":"Dexterity Potion"},{"floor":2.0,"key":"Explosive Potion"},{"floor":11.0,"key":"AttackPotion"},{"floor":16.0,"key":"Block Potion"},{"floor":18.0,"key":"Weak Potion"},{"floor":23.0,"key":"Regen Potion"},{"floor":25.0,"key":"DuplicationPotion"}],"is_trial":false,"path_per_floor":["M","M","?","?","M","R","M","R","T","M","E","$","M","E","R","B",null,"M","M","?","?","$","M","R","M","T","R","M","E"],"character_chosen":"THE_SILENT","basemod:card_modifiers":[null,null,null,null,null,null,null,null,null,null,null,null,null,null,null,null,null,null,null,null,null,null,null,null,null],"items_purchased":["Well Laid Plans","Swift Potion"],"campfire_rested":0,"item_purchase_floors":[12,22],"current_hp_per_floor":[59,59,59,48,48,48,44,44,44,36,28,43,35,32,32,4,51,40,34,34,34,46,46,46,45,45,45,40,0],"gold":146,"neow_bonus":"RANDOM_COLORLESS_2","is_prod":false,"is_daily":false,"rewards_skipped":[],"chose_seed":false,"campfire_upgraded":5,"win_rate":0,"floor_exit_playtime":[48,103,107,110,152,157,188,196,198,250,291,318,347,434,443,600,614,699,843,849,854,869,959,965,1068,1073,1079,1143],"timestamp":1678942485,"path_taken":["M","?","?","?","M","R","M","R","T","M","E","$","M","E","R","BOSS","M","M","?","?","$","M","R","M","T","R","M","E"],"build_version":"2022-12-18","purchased_purges":2,"victory":false,"max_hp_per_floor":[66,66,66,66,66,66,66,66,66,66,66,66,66,66,66,66,66,66,66,46,46,46,46,46,46,46,46,46,46],"relic_stats":{"Blood Vial":3,"counters":[15,95],"Ornamental Fan":[12],"MealTicket":27,"Boot":[47],"obtain_stats":[{"Blood Vial":26,"Ornamental Fan":14,"MealTicket":11,"Boot":9,"Ring of the Snake":0,"Runic Pyramid":17},{"Blood Vial":13,"Ornamental Fan":8,"MealTicket":6,"Boot":4,"Ring of the Snake":0,"Runic Pyramid":9},{"Blood Vial":85,"Ornamental Fan":38,"MealTicket":27,"Boot":19,"Ring of the Snake":0,"Runic Pyramid":51}],"Ring of the Snake":[30]},"card_choices":[{"not_picked":["Panache","Transmutation"],"picked":"The Bomb","floor":0.0},{"not_picked":["Reflex","Deflect"],"picked":"Footwork","floor":1.0},{"not_picked":["Backflip","Dodge and Roll","Outmaneuver"],"picked":"SKIP","floor":2.0},{"not_picked":["Concentrate","Dodge and Roll"],"picked":"Quick Slash","floor":5.0},{"not_picked":["PiercingWail","Footwork"],"picked":"Deadly Poison","floor":7.0},{"not_picked":["Riddle With Holes","Underhanded Strike"],"picked":"Acrobatics","floor":10.0},{"not_picked":["Distraction","Dagger Spray"],"picked":"Sucker Punch","floor":11.0},{"not_picked":["Masterful Stab","Finisher"],"picked":"PiercingWail","floor":13.0},{"not_picked":["Quick Slash","Sucker Punch"],"picked":"Leg Sweep","floor":14.0},{"not_picked":["Corpse Explosion","Envenom"],"picked":"Malaise","floor":16.0},{"not_picked":["Well Laid Plans","Blade Dance"],"picked":"Footwork","floor":18.0},{"not_picked":["Cloak And Dagger","Underhanded Strike"],"picked":"Footwork","floor":19.0},{"not_picked":["Dagger Spray","All Out Attack","Predator"],"picked":"SKIP","floor":23.0},{"not_picked":["Dagger Spray","All Out Attack","Predator"],"picked":"SKIP","floor":23.0},{"not_picked":["Flying Knee","Quick Slash"],"picked":"Outmaneuver","floor":25.0},{"not_picked":["Acrobatics","Well Laid Plans","Caltrops"],"picked":"SKIP","floor":28.0}],"player_experience":1580579,"relics_obtained":[{"floor":9.0,"key":"Boot"},{"floor":11.0,"key":"MealTicket"},{"floor":14.0,"key":"Ornamental Fan"},{"floor":26.0,"key":"Blood Vial"}],"event_choices":[{"damage_healed":0.0,"max_hp_gain":0.0,"max_hp_loss":0.0,"gold_gain":0.0,"event_name":"Liars Game","player_choice":"Ignored","floor":3.0,"gold_loss":0.0,"damage_taken":0.0},{"damage_healed":0.0,"max_hp_gain":0.0,"max_hp_loss":0.0,"gold_gain":75.0,"event_name":"World of Goop","player_choice":"Gather Gold","floor":4.0,"gold_loss":0.0,"damage_taken":11.0},{"damage_healed":0.0,"max_hp_gain":0.0,"max_hp_loss":20.0,"gold_gain":0.0,"event_name":"Vampires","player_choice":"Became a vampire","floor":20.0,"gold_loss":0.0,"damage_taken":0.0,"cards_obtained":["Bite","Bite","Bite","Bite","Bite"]},{"damage_healed":0.0,"max_hp_gain":0.0,"max_hp_loss":0.0,"gold_gain":0.0,"event_name":"Ghosts","player_choice":"Ignored","floor":21.0,"gold_loss":0.0,"damage_taken":0.0}],"is_beta":false,"boss_relics":[{"not_picked":["Cursed Key","Calling Bell"],"picked":"Runic Pyramid"}],"items_purged_floors":[12,22],"is_endless":false,"potions_floor_spawned":[1,2,11,16,18,23,25],"killed_by":"Slavers","ascension_level":20,"potion_discard_per_floor":[[],[],[],[],[],[],[],[],[],[],["Explosive Potion"],[],[],[],[],[],[],[],[],[],[],[],[],[],[],[],[],[],[]]}