{"neow_bonuses_skipped_log":["RANDOM_COMMON_RELIC","RANDOM_COLORLESS_2","BOSS_RELIC"],"potions_obtained_entropic_brew":[[],[],[],[],[],[],[],[],[],[],[],[],[],[],[],[],[],[],[],[],[],[],[],[],[],[],[],[],[],[],[],[],[]],"neow_costs_skipped_log":["NONE","PERCENT_DAMAGE","NONE"],"gold_per_floor":[115,115,115,135,135,135,135,150,200,236,236,260,276,299,299,395,395,410,428,192,192,2,2,33,54,77,77,111,136,159,198,198,198],"floor_reached":33,"playtime":1343,"items_purged":["Strike_G"],"score":578,"play_id":"f0a26a7f-cd84-44d2-aec2-2c9ae1598fd9","local_time":"20230313105837","score_breakdown":["Floors Climbed (33): 165","Enemies Slain (12): 24","Exordium Elites Killed (1): 10","City Elites Killed (2): 40","Bosses Slain (1): 50","Ascension (20): 289"],"is_ascension_mode":true,"potions_obtained_alchemize":[[],[],[],[],[],[],[],[],[],[],[],[],[],[],[],[],[],[],[],[],[],[],[],[],[],[],[],[],["SkillPotion"],["Block Potion"],[],[],["Block Potion"]],"campfire_choices":[{"data":"A Thousand Cuts","floor":6,"key":"SMITH"},{"data":"Cloak And Dagger","floor":11,"key":"SMITH"},{"data":"Blade Dance","floor":15,"key":"SMITH"},{"data":"Backflip","floor":23,"key":"SMITH"},{"data":"Footwork","floor":32,"key":"SMITH"}],"lesson_learned_per_floor":[[],[],[],[],[],[],[],[],[],[],[],[],[],[],[],[],[],[],[],[],[],[],[],[],[],[],[],[],[],[],[],[],[]],"neow_cost":"NONE","improvable_cards":{},"seed_source_timestamp":2272881154457500,"shop_contents":[{"floor":20,"relics":["PreservedInsect","Gremlin Horn"],"cards":["Slice+1","Dagger Throw+1","Prepared","PiercingWail","Well Laid Plans","Finesse","Secret Weapon"],"potions":["GamblersBrew","DistilledChaos","Strength Potion"]},{"floor":22,"relics":["War Paint","Matryoshka"],"cards":["Dagger Throw+1","Dagger Spray+1","Blade Dance","A Thousand Cuts","Good Instincts","Transmutation"],"potions":["FearPotion","Dexterity Potion","LiquidMemories"]}],"circlet_count":0,"master_deck":["AscendersBane","Strike_G","Strike_G","Strike_G","Strike_G","Defend_G","Defend_G","Defend_G","Defend_G","Defend_G","Survivor","Neutralize","A Thousand Cuts+1","Dash+1","Cloak And Dagger+1","Dagger Throw+1","Blade Dance+1","Eviscerate+1","Adrenaline","Blade Dance+1","Escape Plan","Backflip+1","Venomology","Well Laid Plans","Footwork+1"],"potion_use_per_floor":[[],[],[],[],[],[],[],[],[],["CunningPotion"],[],[],[],[],[],["SkillPotion","SkillPotion"],[],[],[],[],[],[],[],[],[],[],[],[],["Poison Potion"],["SkillPotion"],[],[],["PowerPotion","Block Potion","Block Potion"]],"relics":["Ring of the Snake","Molten Egg 2","Golden Idol","Lantern","Gambling Chip","Philosopher\u0027s Stone","Medical Kit","Membership Card","Pen Nib","CeramicFish","Happy Flower"],"potions_floor_usage":[10,16,16,29,30,33,33,33],"damage_taken":[{"damage":0,"enemies":"2 Louse","floor":1,"turns":4},{"damage":6,"enemies":"Jaw Worm","floor":4,"turns":5},{"damage":0,"enemies":"Small Slimes","floor":8,"turns":4},{"damage":19,"enemies":"Lagavulin","floor":10,"turns":6},{"damage":7,"enemies":"Exordium Thugs","floor":12,"turns":4},{"damage":0,"enemies":"Looter","floor":13,"turns":2},{"damage":6,"enemies":"Large Slime","floor":14,"turns":4},{"damage":18,"enemies":"Slime Boss","floor":16,"turns":8},{"damage":4,"enemies":"Shell Parasite","floor":18,"turns":3},{"damage":0,"enemies":"Spheric Guardian","floor":19,"turns":1},{"damage":8,"enemies":"Book of Stabbing","floor":24,"turns":4},{"damage":4,"enemies":"Centurion and Healer","floor":25,"turns":3},{"damage":0,"enemies":"3 Cultists","floor":28,"turns":2},{"damage":0,"enemies":"Cultist and Chosen","floor":29,"turns":2},{"damage":0,"enemies":"Snake Plant","floor":30,"turns":2},{"damage":2,"enemies":"Gremlin Leader","floor":31,"turns":3},{"damage":70,"enemies":"Collector","floor":33,"turns":8}],"seed_played":"4075216923182100708","neow_bonus_log":{"cardsObtained":["A Thousand Cuts"],"cardsUpgraded":[],"cardsRemoved":[],"cardsTransformed":[],"relicsObtained":[],"maxHpGained":0,"goldGained":0,"damageTaken":0,"goldLost":0,"maxHpLost":0},"potions_obtained":[{"floor":8,"key":"CunningPotion"},{"floor":13,"key":"SkillPotion"},{"floor":14,"key":"SkillPotion"},{"floor":25,"key":"PowerPotion"},{"floor":28,"key":"Poison Potion"}],"is_trial":false,"path_per_floor":["M","?","?","M","?","R","?","M","T","E","R","M","M","M","R","B",null,"M","M","$","?","$","R","E","M","T","?","M","M","M","E","R","B"],"character_chosen":"THE_SILENT","basemod:card_modifiers":[null,null,null,null,null,null,null,null,null,null,null,null,null,null,null,null,null,null,null,null,null,null,null,null,null],"items_purchased":["Medical Kit","Membership Card","Backflip"],"campfire_rested":0,"item_purchase_floors":[20,22,22],"current_hp_per_floor":[59,54,54,48,53,53,53,53,53,34,34,27,27,21,21,3,50,46,46,46,46,46,46,38,34,34,34,34,34,34,32,32,0],"gold":198,"neow_bonus":"ONE_RANDOM_RARE_CARD","is_prod":false,"is_daily":false,"rewards_skipped":[{"floor":29,"relics":[],"potions":["SpeedPotion"]},{"floor":30,"relics":[],"potions":["SkillPotion"]}],"chose_seed":false,"campfire_upgraded":5,"win_rate":0,"floor_exit_playtime":[73,80,84,143,146,153,157,199,202,275,281,349,387,477,482,612,632,690,718,755,759,769,781,836,921,924,935,980,1029,1077,1129,1137],"timestamp":1678719517,"path_taken":["M","?","?","M","?","R","?","?","T","E","R","M","M","M","R","BOSS","M","M","$","?","$","R","E","M","T","?","M","M","M","E","R","BOSS"],"build_version":"2022-12-18","purchased_purges":1,"victory":false,"max_hp_per_floor":[66,66,60,60,65,65,65,65,65,65,65,65,65,65,65,65,65,65,65,65,65,65,65,65,65,65,65,65,65,65,65,65,65],"relic_stats":{"Happy Flower":[2],"counters":[17,65],"Golden Idol":82,"Gambling Chip":[56],"CeramicFish":27,"Pen Nib":[10],"Membership Card":27,"Medical Kit":[1],"obtain_stats":[{"Lantern":9,"Happy Flower":31,"Golden Idol":3,"Gambling Chip":10,"CeramicFish":26,"Molten Egg 2":2,"Philosopher\u0027s Stone":17,"Pen Nib":24,"Membership Card":22,"Medical Kit":20,"Ring of the Snake":0},{"Lantern":3,"Happy Flower":16,"Golden Idol":1,"Gambling Chip":4,"CeramicFish":12,"Molten Egg 2":1,"Philosopher\u0027s Stone":8,"Pen Nib":11,"Membership Card":10,"Medical Kit":10,"Ring of the Snake":0},{"Lantern":13,"Happy Flower":57,"Golden Idol":4,"Gambling Chip":19,"CeramicFish":48,"Molten Egg 2":4,"Philosopher\u0027s Stone":37,"Pen Nib":45,"Membership Card":41,"Medical Kit":41,"Ring of the Snake":0}],"Ring of the Snake":[34]},"card_choices":[{"not_picked":["Backflip","Flechettes","Choke"],"picked":"SKIP","floor":1},{"not_picked":["Backflip","Reflex"],"picked":"Dash+1","floor":4},{"not_picked":["Outmaneuver","Dash+1"],"picked":"Cloak And Dagger","floor":8},{"not_picked":["Concentrate","Setup","Bouncing Flask"],"picked":"SKIP","floor":10},{"not_picked":["Poisoned Stab+1","Finisher+1"],"picked":"Dagger Throw+1","floor":12},{"not_picked":["Distraction","Calculated Gamble"],"picked":"Blade Dance","floor":13},{"not_picked":["Deflect","Concentrate"],"picked":"Eviscerate+1","floor":14},{"not_picked":["Envenom","A Thousand Cuts"],"picked":"Adrenaline","floor":16},{"not_picked":["Caltrops","Backflip"],"picked":"Blade Dance+1","floor":18},{"not_picked":["Deadly Poison","Flying Knee+1"],"picked":"Escape Plan","floor":19},{"not_picked":["Sucker Punch+1","Dagger Throw+1","Quick Slash+1"],"picked":"SKIP","floor":24},{"not_picked":["Concentrate","Blur","Dagger Throw+1"],"picked":"SKIP","floor":25},{"not_picked":["Dodge and Roll","Flechettes+1"],"picked":"Venomology","floor":28},{"not_picked":["Flying Knee+1","Backflip"],"picked":"Well Laid Plans","floor":29},{"not_picked":["Predator+1","Backflip"],"picked":"Footwork","floor":30},{"not_picked":["Quick Slash+1","Flying Knee+1","Blade Dance"],"picked":"SKIP","floor":31}],"player_experience":1560425,"relics_obtained":[{"floor":9,"key":"Lantern"},{"floor":10,"key":"Gambling Chip"},{"floor":24,"key":"Pen Nib"},{"floor":26,"key":"CeramicFish"},{"floor":31,"key":"Happy Flower"}],"event_choices":[{"damage_healed":0,"gold_gain":0,"player_choice":"Success","damage_taken":5,"relics_obtained":["Molten Egg 2"],"max_hp_gain":0,"max_hp_loss":0,"event_name":"Scrap Ooze","floor":2,"gold_loss":0},{"damage_healed":0,"gold_gain":0,"player_choice":"Lose Max HP","damage_taken":0,"relics_obtained":["Golden Idol"],"max_hp_gain":0,"max_hp_loss":6,"event_name":"Golden Idol","floor":3,"gold_loss":0},{"damage_healed":0,"gold_gain":0,"player_choice":"Donut","damage_taken":0,"max_hp_gain":5,"max_hp_loss":0,"event_name":"Big Fish","floor":5,"gold_loss":0},{"damage_healed":0,"gold_gain":0,"player_choice":"Ignored","damage_taken":0,"max_hp_gain":0,"max_hp_loss":0,"event_name":"Liars Game","floor":7,"gold_loss":0},{"damage_healed":0,"gold_gain":0,"player_choice":"Ignored","damage_taken":0,"max_hp_gain":0,"max_hp_loss":0,"event_name":"The Mausoleum","floor":21,"gold_loss":0},{"damage_healed":0,"gold_gain":0,"player_choice":"Ignored","damage_taken":0,"max_hp_gain":0,"max_hp_loss":0,"event_name":"Vampires","floor":27,"gold_loss":0}],"is_beta":false,"boss_relics":[{"not_picked":["Black Star","Velvet Choker"],"picked":"Philosopher\u0027s Stone"}],"items_purged_floors":[20],"is_endless":false,"potions_floor_spawned":[8,13,14,25,28,29,30],"killed_by":"Collector","ascension_level":20,"potion_discard_per_floor":[[],[],[],[],[],[],[],[],[],[],[],[],[],[],[],[],[],[],[],[],[],[],[],[],[],[],[],[],[],[],[],[],[]]}