{"neow_bonuses_skipped_log":["ONE_RANDOM_RARE_CARD","THREE_SMALL_POTIONS","BOSS_RELIC"],"neow_costs_skipped_log":["NONE","NONE","NONE"],"potions_obtained_entropic_brew":[[],[],[],[],[],[],[],[],[],[],[],[],[],[],[],[],[],[],[],[],[],[],[],[],[],[],[],[],[],[],[],[],[],[],[],[],[],[],[],[],[],[],[],[],[],[],[],[],[],[],[],[],[],[],[],[],[]],"gold_per_floor":[111,111,126,144,69,69,97,111,111,22,50,50,70,70,70,145,145,161,175,175,175,187,187,201,218,218,218,235,70,70,104,104,181,181,192,208,254,254,273,273,303,315,339,339,367,381,412,337,337,337,337,337,337,14,49,49],"floor_reached":57,"playtime":3032,"items_purged":["Strike_G","Strike_G+1"],"score":2794,"play_id":"7e03a1e1-c4a6-40e7-a3ed-b83ef66f7062","local_time":"20230310220831","score_breakdown":["Floors Climbed (57): 285","Enemies Slain (16): 32","Exordium Elites Killed (2): 20","City Elites Killed (1): 20","Beyond Elites Killed (3): 90","Bosses Slain (5): 750","Speedster: 25","Librarian: 25","Champion (2): 50","Ascension (20): 1247","Heartbreaker: 250"],"is_ascension_mode":true,"potions_obtained_alchemize":[[],[],[],[],[],[],[],[],[],[],[],[],[],[],[],[],[],[],[],[],[],[],[],[],[],[],[],[],[],[],[],[],[],[],["FearPotion"],[],["ColorlessPotion"],[],[],[],["LiquidMemories"],["ColorlessPotion"],[],[],["Block Potion"],[],["BlessingOfTheForge"],[],[],["SpeedPotion"],["SkillPotion"],[],[],[],["SpeedPotion"],["LiquidBronze"],[]],"campfire_choices":[{"data":"Phantasmal Killer","floor":6.0,"key":"SMITH"},{"data":"1","floor":12.0,"key":"LIFT"},{"data":"2","floor":15.0,"key":"LIFT"},{"floor":23,"key":"REST"},{"floor":27,"key":"REST"},{"floor":32,"key":"REST"},{"data":"Footwork","floor":40,"key":"SMITH"},{"data":"Well Laid Plans","floor":44,"key":"SMITH"},{"floor":49,"key":"RECALL"},{"floor":53,"key":"REST"}],"lesson_learned_per_floor":[[],[],[],[],[],[],[],[],[],[],[],[],[],[],[],[],[],[],[],[],[],[],[],[],[],[],[],[],[],[],[],[],[],[],[],[],[],[],[],[],[],[],[],[],[],[],[],[],[],[],[],[],[],[],[],[],[]],"neow_cost":"TEN_PERCENT_HP_LOSS","improvable_cards":{},"seed_source_timestamp":2055725352402700,"shop_contents":[{"floor":10,"relics":["Tingsha","Ornamental Fan","ClockworkSouvenir"],"cards":["Slice","Poisoned Stab","Prepared","Blade Dance","Panacea","HandOfGreed"],"potions":["SteroidPotion","ColorlessPotion","PowerPotion"]},{"floor":29,"relics":["Ancient Tea Set","Singing Bowl","PrismaticShard"],"cards":["Poisoned Stab","Riddle With Holes","Terror+1","Caltrops","Swift Strike","Mayhem"],"potions":["SneckoOil","EssenceOfSteel","SkillPotion"]},{"floor":54,"relics":["Gremlin Horn","Snake Skull","Lee\u0027s Waffle"],"cards":["Choke","Dagger Spray","Expertise+1","Caltrops","Metamorphosis+1"],"potions":["CunningPotion","Strength Potion"]}],"circlet_count":0,"master_deck":["AscendersBane","Defend_G+1","Defend_G+1","Defend_G+1","Defend_G+1","Defend_G+1","Survivor","Neutralize","Phantasmal Killer+1","Blade Dance","Slice","Blade Dance","Cloak And Dagger","Die Die Die","Slice","Well Laid Plans+1","Blade Dance","Backstab","Malaise+1","Cloak And Dagger","Footwork+1","Terror+1","PiercingWail","After Image","Calculated Gamble+1","Burst+1","Venomology+1","Acrobatics+1","Backflip+1","PiercingWail+1","Backflip+1","Cloak And Dagger+1","Footwork+1","Deflect+1","Impatience+1","Acrobatics+1","PiercingWail+1"],"special_seed":0,"potion_use_per_floor":[[],[],[],[],[],[],["CunningPotion"],[],[],[],["ColorlessPotion"],[],[],[],[],[],[],[],[],[],[],[],[],[],[],[],[],[],[],[],[],[],["FairyPotion"],[],[],[],["Energy Potion"],[],["ColorlessPotion"],[],["Strength Potion","LiquidMemories"],["ColorlessPotion"],[],[],["GhostInAJar"],[],["Block Potion"],[],[],["BlessingOfTheForge"],["SpeedPotion"],[],[],[],["GhostInAJar"],["SpeedPotion","GhostInAJar","LiquidBronze"],[]],"relics":["Ring of the Snake","Shuriken","Girya","Empty Cage","Toxic Egg 2","Bag of Marbles","WristBlade","Incense Burner","Ginger","War Paint","Bag of Preparation","Bottled Lightning"],"potions_floor_usage":[37,39,41,41,42,45,47,50,51,55,56,56,56],"damage_taken":[{"damage":0.0,"enemies":"Small Slimes","floor":1.0,"turns":5.0},{"damage":0.0,"enemies":"Cultist","floor":3.0,"turns":3.0},{"damage":2.0,"enemies":"Jaw Worm","floor":4.0,"turns":3.0},{"damage":7.0,"enemies":"3 Sentries","floor":7.0,"turns":7.0},{"damage":0.0,"enemies":"2 Fungi Beasts","floor":8.0,"turns":3.0},{"damage":12.0,"enemies":"Gremlin Nob","floor":11.0,"turns":3.0},{"damage":0.0,"enemies":"Large Slime","floor":13.0,"turns":2.0},{"damage":2,"enemies":"Slime Boss","floor":16,"turns":6},{"damage":28,"enemies":"Shell Parasite","floor":18,"turns":4},{"damage":4,"enemies":"2 Thieves","floor":19,"turns":3},{"damage":11,"enemies":"Snecko","floor":22,"turns":4},{"damage":17,"enemies":"Sentry and Sphere","floor":24,"turns":4},{"damage":1,"enemies":"3 Cultists","floor":25,"turns":4},{"damage":14,"enemies":"Snake Plant","floor":28,"turns":4},{"damage":11,"enemies":"Slavers","floor":31,"turns":4},{"damage":34,"enemies":"Automaton","floor":33,"turns":8},{"damage":0,"enemies":"3 Shapes","floor":35,"turns":3},{"damage":0,"enemies":"Orb Walker","floor":36,"turns":4},{"damage":0,"enemies":"2 Orb Walkers","floor":37,"turns":3},{"damage":5,"enemies":"Maw","floor":39,"turns":4},{"damage":0,"enemies":"Nemesis","floor":41,"turns":7},{"damage":0,"enemies":"Jaw Worm Horde","floor":42,"turns":4},{"damage":0,"enemies":"Reptomancer","floor":45,"turns":5},{"damage":0,"enemies":"4 Shapes","floor":46,"turns":6},{"damage":7,"enemies":"Giant Head","floor":47,"turns":6},{"damage":9,"enemies":"Awakened One","floor":50,"turns":11},{"damage":15,"enemies":"Donu and Deca","floor":51,"turns":9},{"damage":19,"enemies":"Shield and Spear","floor":55,"turns":12},{"damage":25,"enemies":"The Heart","floor":56,"turns":11}],"green_key_taken_log":45,"seed_played":"5765889282625387142","neow_bonus_log":{"cardsObtained":[],"cardsUpgraded":[],"cardsRemoved":[],"cardsTransformed":[],"relicsObtained":[],"maxHpGained":0,"goldGained":0,"damageTaken":0,"goldLost":0,"maxHpLost":6},"potions_obtained":[{"floor":1.0,"key":"CunningPotion"},{"floor":3.0,"key":"GhostInAJar"},{"floor":7.0,"key":"ColorlessPotion"},{"floor":11.0,"key":"FairyPotion"},{"floor":36,"key":"Energy Potion"},{"floor":39,"key":"Strength Potion"},{"floor":42,"key":"GhostInAJar"}],"is_trial":false,"path_per_floor":["M","?","M","M","?","R","E","M","T","$","E","R","M","?","R","B",null,"M","M","?","?","M","R","M","M","T","R","M","$","?","E","R","B",null,"M","M","?","?","M","R","E","M","T","R","E","M","E","?","R","B","B",null,"R","$","E","B",null],"character_chosen":"THE_SILENT","basemod:card_modifiers":[null,null,null,null,null,null,null,null,null,null,null,null,null,null,null,null,null,null,null,null,null,null,null,null,null,null,null,null,null,null,null,null,null,null,null,null,null],"items_purchased":["Well Laid Plans","Calculated Gamble+1","Impatience+1","Acrobatics+1","GhostInAJar"],"campfire_rested":4,"item_purchase_floors":[10,29,54,54,54],"current_hp_per_floor":[59,59,59,57,57,57,50,50,50,50,38,38,38,38,38,36,54,26,22,22,22,11,29,12,11,11,29,15,15,15,4,22,18,50,50,50,50,50,45,45,45,45,45,45,45,45,38,38,38,29,14,49,60,60,41,16],"gold":49,"neow_bonus":"THREE_RARE_CARDS","is_prod":false,"is_daily":false,"rewards_skipped":[{"floor":18,"relics":[],"potions":["SkillPotion"]},{"floor":24,"relics":[],"potions":["Fruit Juice"]},{"floor":31,"relics":[],"potions":["ColorlessPotion"]},{"floor":37,"relics":[],"potions":["SkillPotion"]},{"floor":46,"relics":[],"potions":["Energy Potion"]},{"floor":55,"relics":["Ninja Scroll"],"potions":["LiquidMemories"]}],"chose_seed":false,"campfire_upgraded":3,"win_rate":0,"floor_exit_playtime":[90,111,152,189,196,203,285,331,338,350,394,412,456,459,464,530,554,610,655,658,661,704,708,764,819,822,826,887,904,909,984,987,1150,1162,1216,1264,1315,1335,1414,1427,1577,1661,1666,1687,1764,1857,1966,1989,1993,2267,2466,2477,2484,2513,2779,3032],"timestamp":1678504111,"blue_key_relic_skipped_log":{"floor":9,"relicID":"Dead Branch"},"path_taken":["M","?","M","?","?","R","E","M","T","$","E","R","M","?","R","BOSS","M","M","?","?","M","R","M","M","T","R","M","$","?","E","R","BOSS","M","M","?","?","?","R","E","M","T","R","E","M","E","?","R","BOSS","BOSS","R","$","E","BOSS"],"build_version":"2022-12-18","purchased_purges":2,"victory":true,"max_hp_per_floor":[60,60,60,60,60,60,60,60,60,60,60,60,60,60,60,60,60,60,60,60,60,60,60,60,60,60,60,60,60,60,60,60,60,60,60,60,60,60,60,60,60,60,60,60,60,60,60,60,60,60,60,60,60,60,60,60],"relic_stats":{"Girya":2,"counters":[29,152],"Shuriken":[93],"Bag of Preparation":[12],"Ginger":[4],"Bottled Lightning":"Calculated Gamble","War Paint":["Terror","Malaise"],"obtain_stats":[{"Girya":11,"WristBlade":34,"Shuriken":7,"Bag of Marbles":31,"Incense Burner":37,"Bag of Preparation":45,"Ginger":41,"Bottled Lightning":47,"Toxic Egg 2":26,"War Paint":43,"Empty Cage":17,"Ring of the Snake":0},{"Girya":6,"WristBlade":16,"Shuriken":4,"Bag of Marbles":15,"Incense Burner":19,"Bag of Preparation":23,"Ginger":21,"Bottled Lightning":25,"Toxic Egg 2":13,"War Paint":22,"Empty Cage":8,"Ring of the Snake":0},{"Girya":24,"WristBlade":67,"Shuriken":18,"Bag of Marbles":59,"Incense Burner":77,"Bag of Preparation":97,"Ginger":88,"Bottled Lightning":109,"Toxic Egg 2":51,"War Paint":92,"Empty Cage":32,"Ring of the Snake":0}],"Ring of the Snake":[58]},"card_choices":[{"not_picked":["Envenom","Bullet Time"],"picked":"Phantasmal Killer","floor":0.0},{"not_picked":["Masterful Stab","Poisoned Stab"],"picked":"Blade Dance","floor":1.0},{"not_picked":["Well Laid Plans","Cloak And Dagger"],"picked":"Blade Dance","floor":3.0},{"not_picked":["Choke","Heel Hook"],"picked":"Cloak And Dagger","floor":4.0},{"not_picked":["Setup","Backflip"],"picked":"Die Die Die","floor":7.0},{"not_picked":["Heel Hook","Backflip"],"picked":"Slice","floor":8.0},{"not_picked":["Flying Knee","Dagger Throw"],"picked":"Blade Dance","floor":11.0},{"not_picked":["Backstab","Eviscerate","PiercingWail"],"picked":"SKIP","floor":13.0},{"not_picked":["Eviscerate","PiercingWail"],"picked":"Backstab","floor":13.0},{"not_picked":["Storm of Steel","Corpse Explosion"],"picked":"Malaise","floor":16},{"not_picked":["Backstab","Blade Dance"],"picked":"Cloak And Dagger","floor":18},{"not_picked":["Cloak And Dagger","Deflect","Backflip"],"picked":"SKIP","floor":19},{"not_picked":["Backflip","Cloak And Dagger"],"picked":"Footwork","floor":22},{"not_picked":["Underhanded Strike","Bane"],"picked":"Terror","floor":24},{"not_picked":["Skewer","Outmaneuver"],"picked":"PiercingWail","floor":25},{"not_picked":["Distraction+1","Calculated Gamble+1"],"picked":"After Image","floor":28},{"not_picked":["Blade Dance+1","Choke"],"picked":"Burst+1","floor":31},{"not_picked":["Envenom","Glass Knife"],"picked":"Venomology+1","floor":33},{"not_picked":["Deadly Poison+1","Well Laid Plans+1"],"picked":"Acrobatics+1","floor":35},{"not_picked":["Terror+1","Tactician+1"],"picked":"Backflip+1","floor":36},{"not_picked":["Dagger Spray","Underhanded Strike","Dash+1"],"picked":"SKIP","floor":37},{"not_picked":["Dagger Spray","Well Laid Plans"],"picked":"PiercingWail+1","floor":39},{"not_picked":["Expertise+1","Predator"],"picked":"Backflip+1","floor":41},{"not_picked":["Noxious Fumes","Slice","Quick Slash"],"picked":"SKIP","floor":42},{"not_picked":["Underhanded Strike","Slice"],"picked":"Cloak And Dagger+1","floor":45},{"not_picked":["Finisher","Distraction+1"],"picked":"Footwork+1","floor":46},{"not_picked":["Terror+1","Deadly Poison+1"],"picked":"Deflect+1","floor":47},{"not_picked":["Heel Hook","Leg Sweep+1"],"picked":"PiercingWail+1","floor":55}],"player_experience":1540352,"relics_obtained":[{"floor":7.0,"key":"Shuriken"},{"floor":11.0,"key":"Girya"},{"floor":26,"key":"Toxic Egg 2"},{"floor":31,"key":"Bag of Marbles"},{"floor":37,"key":"Incense Burner"},{"floor":41,"key":"Ginger"},{"floor":43,"key":"War Paint"},{"floor":45,"key":"Bag of Preparation"},{"floor":47,"key":"Bottled Lightning"}],"event_choices":[{"damage_healed":0.0,"max_hp_gain":0.0,"max_hp_loss":0.0,"gold_gain":0.0,"event_name":"Match and Keep!","player_choice":"1 cards matched","floor":2.0,"gold_loss":0.0,"damage_taken":0.0,"cards_obtained":["Slice"]},{"cards_removed":["Strike_G"],"damage_healed":0.0,"max_hp_gain":0.0,"max_hp_loss":0.0,"gold_gain":0.0,"event_name":"The Cleric","player_choice":"Card Removal","floor":5.0,"gold_loss":75.0,"damage_taken":0.0},{"damage_healed":0.0,"max_hp_gain":0.0,"max_hp_loss":0.0,"gold_gain":0.0,"event_name":"Liars Game","player_choice":"Ignored","floor":14.0,"gold_loss":0.0,"damage_taken":0.0},{"damage_healed":0,"gold_gain":0,"player_choice":"Ignored","damage_taken":0,"max_hp_gain":0,"max_hp_loss":0,"event_name":"The Mausoleum","floor":20,"gold_loss":0},{"damage_healed":0,"gold_gain":0,"player_choice":"Ignored","damage_taken":0,"max_hp_gain":0,"max_hp_loss":0,"event_name":"Cursed Tome","floor":21,"gold_loss":0},{"damage_healed":0,"gold_gain":0,"player_choice":"Simplicity","damage_taken":0,"max_hp_gain":0,"max_hp_loss":0,"event_name":"Back to Basics","floor":30,"gold_loss":0,"cards_upgraded":["Strike_G","Defend_G","Defend_G","Defend_G","Defend_G","Defend_G"]},{"damage_healed":0,"gold_gain":0,"player_choice":"Fight","damage_taken":0,"max_hp_gain":0,"max_hp_loss":0,"event_name":"Mysterious Sphere","floor":37,"gold_loss":0},{"damage_healed":0,"gold_gain":0,"player_choice":"1 cards matched","damage_taken":0,"max_hp_gain":0,"max_hp_loss":0,"event_name":"Match and Keep!","floor":38,"gold_loss":0,"cards_obtained":["Normality"]},{"cards_removed":["Normality"],"damage_healed":0,"gold_gain":0,"player_choice":"Single Remove","damage_taken":0,"max_hp_gain":0,"max_hp_loss":0,"event_name":"Designer","floor":48,"gold_loss":75}],"is_beta":false,"boss_relics":[{"not_picked":["Runic Dome","Sozu"],"picked":"Empty Cage"},{"not_picked":["Velvet Choker","SlaversCollar"],"picked":"WristBlade"}],"items_purged_floors":[29,54],"is_endless":false,"potions_floor_spawned":[1,3,7,11,18,24,31,36,37,39,42,46,55],"ascension_level":20,"potion_discard_per_floor":[[],[],[],[],[],[],[],[],[],[],[],[],[],[],[],[],[],[],[],[],[],[],[],[],[],[],[],[],[],[],[],[],[],[],[],["FearPotion"],[],[],[],[],[],[],[],[],[],[],[],[],[],[],[],[],[],["SkillPotion"],[],[],[]]}