{"neow_bonuses_skipped_log":["UPGRADE_CARD","THREE_SMALL_POTIONS","BOSS_RELIC"],"neow_costs_skipped_log":["NONE","NONE","NONE"],"potions_obtained_entropic_brew":[[],[],[],[],[],[],[],[],[],[],[],[],[],[],[],[],[],[],[],[],[],[],[],[],[],[],[],[],[],[],[],[],[],[],[],[],[],[],[],[],[],[],[],[],[],[],[],[],[],[],[],[],[],[],[],[],[]],"gold_per_floor":[365,440,101,101,111,144,144,144,225,241,241,241,267,279,279,355,355,367,377,36,53,78,108,108,142,142,242,277,292,292,310,310,389,389,402,74,74,74,90,90,117,117,117,117,169,187,187,219,219,219,219,219,219,83,110,110],"floor_reached":57,"playtime":3035,"items_purged":["Strike_G","Strike_G"],"score":3048,"play_id":"86e4b75b-9a4f-49b1-b8c8-b92bab8dba53","local_time":"20230313220154","falling_options_log":["Neutralize","Blade Dance+1"],"score_breakdown":["Floors Climbed (57): 285","Enemies Slain (12): 24","Exordium Elites Killed (2): 20","City Elites Killed (3): 60","Beyond Elites Killed (2): 60","Bosses Slain (5): 750","Speedster: 25","Money Money (1155): 25","Champion (4): 100","Perfect (1): 50","C-c-c-combo: 25","Ascension (20): 1374","Heartbreaker: 250"],"is_ascension_mode":true,"potions_obtained_alchemize":[[],[],[],[],[],[],[],[],[],[],[],[],[],[],[],[],[],[],[],[],[],[],["AttackPotion"],[],["DistilledChaos"],[],[],[],[],[],["Energy Potion"],[],[],[],[],[],[],[],["Poison Potion"],[],[],[],[],[],[],["PowerPotion"],[],["Swift Potion"],[],["Block Potion"],["FearPotion"],[],[],[],[],["ColorlessPotion"],[]],"campfire_choices":[{"data":"Blade Dance","floor":8,"key":"SMITH"},{"data":"Accuracy","floor":12,"key":"SMITH"},{"data":"Cloak And Dagger","floor":15,"key":"SMITH"},{"data":"Calculated Gamble","floor":30,"key":"SMITH"},{"data":"Calculated Gamble","floor":32,"key":"SMITH"},{"data":"Footwork","floor":40,"key":"SMITH"},{"data":"Well Laid Plans","floor":42,"key":"SMITH"},{"data":"Reflex","floor":47,"key":"SMITH"},{"floor":49,"key":"RECALL"},{"data":"Adrenaline","floor":53,"key":"SMITH"}],"lesson_learned_per_floor":[[],[],[],[],[],[],[],[],[],[],[],[],[],[],[],[],[],[],[],[],[],[],[],[],[],[],[],[],[],[],[],[],[],[],[],[],[],[],[],[],[],[],[],[],[],[],[],[],[],[],[],[],[],[],[],[],[]],"neow_cost":"PERCENT_DAMAGE","improvable_cards":{},"seed_source_timestamp":2310969716828000,"shop_contents":[{"floor":3,"relics":["Molten Egg 2","Tingsha"],"cards":["Endless Agony","Dash","Prepared","Jack Of All Trades","Metamorphosis"],"potions":["BlessingOfTheForge","Swift Potion","Energy Potion"]},{"floor":20,"relics":["Sundial","White Beast Statue"],"cards":["Quick Slash","Unload","Blade Dance","Noxious Fumes","Dark Shackles","Master of Strategy"],"potions":["Block Potion","CunningPotion","Strength Potion"]},{"floor":36,"relics":["Centennial Puzzle","Cauldron"],"cards":["Underhanded Strike","Poisoned Stab","Bouncing Flask+1","Flash of Steel","Chrysalis+1"],"potions":["SteroidPotion","DistilledChaos","SteroidPotion"]},{"floor":44,"relics":["Bottled Lightning","Ornamental Fan","DollysMirror"],"cards":["Dagger Throw","Quick Slash","PiercingWail+1","Crippling Poison+1","Caltrops","Flash of Steel","HandOfGreed"],"potions":["Explosive Potion","Strength Potion","Regen Potion"]},{"floor":54,"relics":["Kunai","Bronze Scales","TwistedFunnel"],"cards":["Skewer","Choke","Prepared+1","Envenom","Bandage Up+1","HandOfGreed"],"potions":["BlessingOfTheForge"]}],"circlet_count":0,"master_deck":["AscendersBane","Defend_G+1","Defend_G+1","Defend_G+1","Defend_G+1","Defend_G+1","Survivor","Neutralize","Blade Dance+1","Accuracy+1","Blade Dance+1","Calculated Gamble+1","Terror","Cloak And Dagger+1","Adrenaline+1","Accuracy","Calculated Gamble+1","Backflip","Reflex+1","Venomology","Prepared+1","Reflex+1","Well Laid Plans+1","Cloak And Dagger+1","Tools of the Trade","Dagger Spray+1","Flechettes+1","Crippling Poison+1","Calculated Gamble+1","Footwork+1","Concentrate+1","Eviscerate+1","Cloak And Dagger+1"],"potion_use_per_floor":[[],[],[],[],[],["AttackPotion"],[],[],[],[],[],[],[],[],[],[],[],[],[],[],[],["GamblersBrew"],[],[],["CunningPotion"],[],[],[],["LiquidMemories"],[],[],[],[],[],["Energy Potion"],[],[],[],["Poison Potion"],[],[],[],[],[],[],["Energy Potion"],[],[],[],["Swift Potion","Block Potion"],["FearPotion","PowerPotion"],[],[],[],[],["Dexterity Potion","Dexterity Potion","Weak Potion","GhostInAJar","ColorlessPotion"],[]],"relics":["Ring of the Snake","Lee\u0027s Waffle","Pen Nib","Pantograph","Bottled Tornado","Mercury Hourglass","SlaversCollar","Orrery","Red Mask","Toxic Egg 2","Toy Ornithopter","Shuriken","Du-Vu Doll","Gremlin Horn","Prayer Wheel","Astrolabe","Potion Belt","Vajra","Incense Burner","Bag of Preparation","Mummified Hand"],"potions_floor_usage":[6,22,25,29,35,39,46,50,50,51,51,56,56,56,56,56],"damage_taken":[{"damage":2,"enemies":"Jaw Worm","floor":1,"turns":6},{"damage":3,"enemies":"Small Slimes","floor":5,"turns":3},{"damage":38,"enemies":"Gremlin Nob","floor":6,"turns":4},{"damage":2,"enemies":"2 Louse","floor":10,"turns":3},{"damage":5,"enemies":"Lagavulin","floor":13,"turns":4},{"damage":0,"enemies":"Red Slaver","floor":14,"turns":1},{"damage":0,"enemies":"Slime Boss","floor":16,"turns":4},{"damage":0,"enemies":"3 Byrds","floor":18,"turns":3},{"damage":0,"enemies":"Chosen","floor":19,"turns":1},{"damage":4,"enemies":"Shelled Parasite and Fungi","floor":21,"turns":2},{"damage":0,"enemies":"Masked Bandits","floor":22,"turns":2},{"damage":5,"enemies":"Book of Stabbing","floor":23,"turns":3},{"damage":0,"enemies":"Gremlin Leader","floor":25,"turns":4},{"damage":0,"enemies":"Colosseum Slavers","floor":27,"turns":1},{"damage":0,"enemies":"Colosseum Nobs","floor":27,"turns":3},{"damage":3,"enemies":"Slavers","floor":28,"turns":2},{"damage":2,"enemies":"Snake Plant","floor":29,"turns":4},{"damage":1,"enemies":"Cultist and Chosen","floor":31,"turns":3},{"damage":18,"enemies":"Champ","floor":33,"turns":9},{"damage":0,"enemies":"3 Darklings","floor":35,"turns":2},{"damage":0,"enemies":"3 Shapes","floor":39,"turns":5},{"damage":0,"enemies":"Reptomancer","floor":41,"turns":2},{"damage":0,"enemies":"2 Orb Walkers","floor":45,"turns":2},{"damage":2,"enemies":"Writhing Mass","floor":46,"turns":5},{"damage":0,"enemies":"Nemesis","floor":48,"turns":3},{"damage":37,"enemies":"Awakened One","floor":50,"turns":7},{"damage":10,"enemies":"Time Eater","floor":51,"turns":4},{"damage":0,"enemies":"Shield and Spear","floor":55,"turns":2},{"damage":46,"enemies":"The Heart","floor":56,"turns":7}],"green_key_taken_log":25,"seed_played":"-4658869682700870357","neow_bonus_log":{"cardsObtained":[],"cardsUpgraded":[],"cardsRemoved":[],"cardsTransformed":[],"relicsObtained":[],"maxHpGained":0,"goldGained":250,"damageTaken":15,"goldLost":0,"maxHpLost":0},"potions_obtained":[{"floor":1,"key":"AttackPotion"},{"floor":5,"key":"GhostInAJar"},{"floor":21,"key":"GamblersBrew"},{"floor":23,"key":"CunningPotion"},{"floor":25,"key":"LiquidMemories"},{"floor":35,"key":"Energy Potion"},{"floor":39,"key":"Dexterity Potion"}],"is_trial":false,"path_per_floor":["M","?","$","?","M","E","?","R","T","M","?","R","E","M","R","B",null,"M","M","$","M","?","E","?","E","T","?","E","M","R","M","R","B",null,"M","$","?","?","M","R","E","R","T","$","?","M","R","E","R","B","B",null,"R","$","E","B",null],"character_chosen":"THE_SILENT","basemod:card_modifiers":[null,null,null,null,null,null,null,null,null,null,null,null,null,null,null,null,null,null,null,null,null,null,null,null,null,null,null,null,null,null,null,null,null],"items_purchased":["Blade Dance","Accuracy","Lee\u0027s Waffle","Orrery","Reflex","Calculated Gamble+1","Footwork","Potion Belt","Dexterity Potion","Cloak And Dagger+1","Weak Potion"],"campfire_rested":0,"item_purchase_floors":[3,3,3,20,20,36,36,36,54,54,54],"current_hp_per_floor":[42,31,73,73,70,32,32,32,32,30,30,30,25,25,25,50,67,67,67,67,63,63,58,58,58,58,58,55,58,58,57,57,55,69,73,73,73,73,73,73,73,73,73,73,73,71,71,71,71,36,61,70,70,70,70,48],"gold":110,"neow_bonus":"TWO_FIFTY_GOLD","is_prod":false,"is_daily":false,"rewards_skipped":[{"floor":27,"relics":[],"potions":["BlessingOfTheForge"]},{"floor":48,"relics":[],"potions":["Explosive Potion"]}],"chose_seed":false,"campfire_upgraded":9,"win_rate":0,"floor_exit_playtime":[67,72,92,98,124,176,191,199,203,236,241,252,289,316,323,366,389,440,458,510,548,611,658,663,770,773,860,945,1067,1076,1143,1148,1375,1416,1521,1539,1549,1573,1690,1709,1781,1799,1808,1823,1908,2079,2099,2181,2184,2484,2669,2680,2699,2756,2827,3035],"timestamp":1678759314,"blue_key_relic_skipped_log":{"floor":43,"relicID":"Ninja Scroll"},"path_taken":["M","?","$","?","M","E","?","R","T","M","?","R","E","M","R","BOSS","M","M","$","M","?","E","?","E","T","?","E","M","R","M","R","BOSS","M","$","?","?","?","R","E","R","T","$","?","M","R","E","R","BOSS","BOSS","R","$","E","BOSS"],"build_version":"2022-12-18","purchased_purges":2,"victory":true,"max_hp_per_floor":[66,66,73,73,73,73,73,73,73,73,73,73,73,73,73,73,73,73,73,73,73,73,73,73,73,73,73,73,73,73,73,73,73,73,73,73,73,73,73,73,73,73,73,73,73,73,73,73,73,73,73,73,73,73,73,73],"relic_stats":{"Lee\u0027s Waffle":42,"Gremlin Horn":[14,14],"counters":[29,100],"Astrolabe":["Dagger Spray","Flechettes","Crippling Poison"],"Pen Nib":[33],"Bag of Preparation":[8],"Bottled Tornado":"Accuracy","Mercury Hourglass":[290],"Shuriken":[59],"Mummified Hand":[4],"Pantograph":71,"Prayer Wheel":5,"obtain_stats":[{"Potion Belt":36,"Lee\u0027s Waffle":3,"Gremlin Horn":27,"Astrolabe":34,"Vajra":41,"Pen Nib":6,"Incense Burner":45,"Bag of Preparation":48,"Bottled Tornado":9,"Mercury Hourglass":13,"Du-Vu Doll":27,"SlaversCollar":17,"Shuriken":26,"Mummified Hand":55,"Pantograph":7,"Orrery":20,"Prayer Wheel":28,"Red Mask":22,"Toxic Egg 2":23,"Toy Ornithopter":25,"Ring of the Snake":0},{"Potion Belt":20,"Lee\u0027s Waffle":1,"Gremlin Horn":15,"Astrolabe":19,"Vajra":22,"Pen Nib":3,"Incense Burner":23,"Bag of Preparation":25,"Bottled Tornado":3,"Mercury Hourglass":5,"Du-Vu Doll":15,"SlaversCollar":7,"Shuriken":13,"Mummified Hand":28,"Pantograph":3,"Orrery":9,"Prayer Wheel":16,"Red Mask":11,"Toxic Egg 2":12,"Toy Ornithopter":13,"Ring of the Snake":0},{"Potion Belt":64,"Lee\u0027s Waffle":6,"Gremlin Horn":44,"Astrolabe":62,"Vajra":70,"Pen Nib":13,"Incense Burner":72,"Bag of Preparation":80,"Bottled Tornado":13,"Mercury Hourglass":20,"Du-Vu Doll":44,"SlaversCollar":25,"Shuriken":40,"Mummified Hand":93,"Pantograph":13,"Orrery":29,"Prayer Wheel":46,"Red Mask":33,"Toxic Egg 2":36,"Toy Ornithopter":40,"Ring of the Snake":0}],"Toy Ornithopter":40,"Ring of the Snake":[58]},"card_choices":[{"not_picked":["PiercingWail","Deflect"],"picked":"Poisoned Stab","floor":1},{"not_picked":["Deadly Poison","Dagger Spray"],"picked":"Blade Dance","floor":5},{"not_picked":["Dagger Throw","Leg Sweep"],"picked":"Calculated Gamble","floor":6},{"not_picked":["Quick Slash","Underhanded Strike"],"picked":"Dagger Spray","floor":10},{"not_picked":["Flying Knee","Dagger Spray"],"picked":"Cloak And Dagger","floor":13},{"not_picked":["Deflect","Tactician"],"picked":"Noxious Fumes","floor":14},{"not_picked":["Unload","Corpse Explosion"],"picked":"Adrenaline","floor":16},{"not_picked":["Quick Slash","Endless Agony+1","Blade Dance"],"picked":"SKIP","floor":18},{"not_picked":["Heel Hook+1","Backflip"],"picked":"Accuracy","floor":19},{"not_picked":["Prepared","Cloak And Dagger"],"picked":"Calculated Gamble","floor":20},{"not_picked":["Finisher","Blur"],"picked":"Backflip","floor":20},{"not_picked":["Flying Knee","Dagger Spray","Escape Plan"],"picked":"SKIP","floor":20},{"not_picked":["Quick Slash","Terror","Grand Finale"],"picked":"SKIP","floor":20},{"not_picked":["Blade Dance","Deflect","Predator"],"picked":"SKIP","floor":20},{"not_picked":["Dagger Spray","All Out Attack","Eviscerate"],"picked":"SKIP","floor":21},{"not_picked":["Dagger Spray","All Out Attack","Eviscerate"],"picked":"SKIP","floor":21},{"not_picked":["Poisoned Stab","Masterful Stab"],"picked":"Venomology","floor":22},{"not_picked":["Tools of the Trade","Deadly Poison+1"],"picked":"Prepared+1","floor":23},{"not_picked":["Blade Dance+1","Catalyst+1"],"picked":"Reflex+1","floor":25},{"not_picked":["Flechettes","PiercingWail+1","Outmaneuver+1"],"picked":"SKIP","floor":27},{"not_picked":["Poisoned Stab","Endless Agony","Infinite Blades"],"picked":"SKIP","floor":28},{"not_picked":["Poisoned Stab","Endless Agony","Infinite Blades"],"picked":"SKIP","floor":28},{"not_picked":["Deadly Poison+1","Infinite Blades"],"picked":"Well Laid Plans","floor":29},{"not_picked":["Underhanded Strike","Dodge and Roll+1","Corpse Explosion+1"],"picked":"SKIP","floor":29},{"not_picked":["Noxious Fumes","Terror+1"],"picked":"Cloak And Dagger+1","floor":31},{"not_picked":["Sucker Punch","Quick Slash","Dagger Spray"],"picked":"SKIP","floor":31},{"not_picked":["Venomology+1","Glass Knife"],"picked":"Tools of the Trade","floor":33},{"not_picked":["Poisoned Stab","PiercingWail+1","Dagger Spray"],"picked":"SKIP","floor":35},{"not_picked":["Bouncing Flask+1","Blur+1","Slice"],"picked":"SKIP","floor":35},{"not_picked":["Poisoned Stab","Dagger Throw"],"picked":"Concentrate+1","floor":39},{"not_picked":["Dagger Throw","Blade Dance+1","Deadly Poison+1"],"picked":"SKIP","floor":39},{"not_picked":["Die Die Die","Underhanded Strike","Slice+1"],"picked":"SKIP","floor":41},{"not_picked":["Dagger Throw","Flying Knee","Bane"],"picked":"SKIP","floor":45},{"not_picked":["Quick Slash+1","Bullet Time+1"],"picked":"Eviscerate+1","floor":46},{"not_picked":["Deadly Poison+1","Cloak And Dagger+1","Poisoned Stab"],"picked":"SKIP","floor":46},{"not_picked":["Endless Agony","Sucker Punch","Bullet Time+1"],"picked":"SKIP","floor":48},{"not_picked":["Quick Slash+1","Well Laid Plans","Terror+1"],"picked":"SKIP","floor":55}],"player_experience":1568255,"relics_obtained":[{"floor":6,"key":"Pen Nib"},{"floor":9,"key":"Bottled Tornado"},{"floor":13,"key":"Mercury Hourglass"},{"floor":22,"key":"Red Mask"},{"floor":23,"key":"Toxic Egg 2"},{"floor":25,"key":"Toy Ornithopter"},{"floor":26,"key":"Shuriken"},{"floor":27,"key":"Du-Vu Doll"},{"floor":27,"key":"Gremlin Horn"},{"floor":28,"key":"Prayer Wheel"},{"floor":41,"key":"Vajra"},{"floor":45,"key":"Incense Burner"},{"floor":48,"key":"Bag of Preparation"},{"floor":55,"key":"Mummified Hand"}],"event_choices":[{"damage_healed":0,"gold_gain":75,"player_choice":"Gather Gold","damage_taken":11,"max_hp_gain":0,"max_hp_loss":0,"event_name":"World of Goop","floor":2,"gold_loss":0},{"damage_healed":0,"gold_gain":0,"player_choice":"Grow","damage_taken":0,"max_hp_gain":0,"max_hp_loss":0,"event_name":"Living Wall","floor":4,"gold_loss":0,"cards_upgraded":["Blade Dance"]},{"damage_healed":0,"gold_gain":0,"player_choice":"Searched \u00271\u0027 times","damage_taken":0,"relics_obtained":["Pantograph"],"max_hp_gain":0,"max_hp_loss":0,"event_name":"Dead Adventurer","floor":7,"gold_loss":0},{"damage_healed":0,"gold_gain":0,"cards_transformed":["Strike_G"],"player_choice":"Transformed","damage_taken":0,"max_hp_gain":0,"max_hp_loss":0,"event_name":"Transmorgrifier","floor":11,"gold_loss":0,"cards_obtained":["Terror"]},{"damage_healed":0,"gold_gain":0,"player_choice":"Fought Bandits","damage_taken":0,"max_hp_gain":0,"max_hp_loss":0,"event_name":"Masked Bandits","floor":22,"gold_loss":0},{"damage_healed":0,"gold_gain":0,"player_choice":"Simplicity","damage_taken":0,"max_hp_gain":0,"max_hp_loss":0,"event_name":"Back to Basics","floor":24,"gold_loss":0,"cards_upgraded":["Strike_G","Strike_G","Defend_G","Defend_G","Defend_G","Defend_G","Defend_G"]},{"damage_healed":0,"gold_gain":0,"player_choice":"Fight","damage_taken":0,"max_hp_gain":0,"max_hp_loss":0,"event_name":"Colosseum","floor":27,"gold_loss":0},{"damage_healed":0,"gold_gain":0,"player_choice":"Fought Nobs","damage_taken":0,"max_hp_gain":0,"max_hp_loss":0,"event_name":"Colosseum","floor":27,"gold_loss":0},{"cards_removed":["Noxious Fumes"],"damage_healed":0,"gold_gain":0,"player_choice":"Removed Power","damage_taken":0,"max_hp_gain":0,"max_hp_loss":0,"event_name":"Falling","floor":37,"gold_loss":0},{"cards_removed":["Dagger Spray"],"damage_healed":0,"gold_gain":0,"player_choice":"Purged","damage_taken":0,"max_hp_gain":0,"max_hp_loss":0,"event_name":"Purifier","floor":38,"gold_loss":0},{"damage_healed":0,"gold_gain":0,"player_choice":"Fight","damage_taken":0,"max_hp_gain":0,"max_hp_loss":0,"event_name":"Mysterious Sphere","floor":45,"gold_loss":0}],"is_beta":false,"boss_relics":[{"not_picked":["Ectoplasm","Busted Crown"],"picked":"SlaversCollar"},{"not_picked":["SacredBark","Snecko Eye"],"picked":"Astrolabe"}],"items_purged_floors":[3,20],"is_endless":false,"potions_floor_spawned":[1,5,21,23,25,27,35,39,48],"ascension_level":20,"potion_discard_per_floor":[[],[],[],[],[],[],[],[],[],[],[],[],[],[],[],[],[],[],[],[],[],[],["AttackPotion"],[],["DistilledChaos"],[],[],[],[],[],[],[],[],[],[],[],[],[],[],[],[],[],[],[],[],[],[],[],[],[],[],[],[],[],[],[],[]]}