{"gold_per_floor":[219,235,247,247,212,212,46,46,46,66,66,66,101,113,113,188,188,201,211,211,83,83,110,110,110,110,124,159,174,186,217,217,292,292,309,309,309,156,166,192,192,67,146,146],"floor_reached":44,"playtime":2025,"items_purged":["Strike_G","Bite","Bite"],"score":988,"play_id":"29442e59-93a7-482d-8c04-6d22507c4cb5","local_time":"20230309185503","is_ascension_mode":true,"campfire_choices":[{"data":"Blade Dance","floor":6,"key":"SMITH"},{"data":"Noxious Fumes","floor":8,"key":"SMITH"},{"data":"Poisoned Stab","floor":12,"key":"SMITH"},{"data":"Neutralize","floor":15,"key":"SMITH"},{"data":"Bite","floor":24,"key":"SMITH"},{"data":"Catalyst","floor":32,"key":"SMITH"},{"floor":41,"key":"REST"}],"neow_cost":"NONE","seed_source_timestamp":1958786529718500,"circlet_count":0,"master_deck":["AscendersBane","Defend_G","Defend_G","Defend_G","Defend_G","Defend_G","Survivor","Neutralize+1","Poisoned Stab+1","Blade Dance+1","Cloak And Dagger+1","Corpse Explosion+1","Noxious Fumes+1","Escape Plan","Envenom+1","PiercingWail","Bite+1","Bite+1","Bite","Accuracy+1","Catalyst+1","After Image+1","Calculated Gamble","Envenom+1","Cloak And Dagger","Concentrate"],"relics":["Ring of the Snake","Turnip","Frozen Egg 2","Akabeko","Runic Pyramid","TungstenRod","White Beast Statue","Mango","Boot","Philosopher\u0027s Stone","Gremlin Horn","Paper Crane"],"potions_floor_usage":[14,16,18,19,23,28,29,30,31,33,44],"damage_taken":[{"damage":0,"enemies":"Small Slimes","floor":1,"turns":5},{"damage":1,"enemies":"Jaw Worm","floor":2,"turns":4},{"damage":1,"enemies":"Cultist","floor":3,"turns":3},{"damage":0,"enemies":"Blue Slaver","floor":10,"turns":5},{"damage":6,"enemies":"3 Sentries","floor":13,"turns":3},{"damage":7,"enemies":"Exordium Wildlife","floor":14,"turns":4},{"damage":9,"enemies":"Hexaghost","floor":16,"turns":7},{"damage":0,"enemies":"2 Thieves","floor":18,"turns":2},{"damage":15,"enemies":"Shell Parasite","floor":19,"turns":5},{"damage":8,"enemies":"Slavers","floor":23,"turns":2},{"damage":0,"enemies":"Snake Plant","floor":27,"turns":4},{"damage":5,"enemies":"Gremlin Leader","floor":28,"turns":7},{"damage":16,"enemies":"Snecko","floor":29,"turns":4},{"damage":14,"enemies":"Shelled Parasite and Fungi","floor":30,"turns":6},{"damage":28,"enemies":"Book of Stabbing","floor":31,"turns":6},{"damage":55,"enemies":"Automaton","floor":33,"turns":9},{"damage":0,"enemies":"Orb Walker","floor":35,"turns":4},{"damage":0,"enemies":"3 Shapes","floor":39,"turns":8},{"damage":44,"enemies":"Nemesis","floor":40,"turns":5},{"damage":64,"enemies":"Giant Head","floor":44,"turns":7}],"seed_played":"-8749552142480202339","potions_obtained":[{"floor":3,"key":"Weak Potion"},{"floor":13,"key":"Fruit Juice"},{"floor":14,"key":"LiquidBronze"},{"floor":16,"key":"DistilledChaos"},{"floor":18,"key":"ColorlessPotion"},{"floor":23,"key":"DistilledChaos"},{"floor":28,"key":"AttackPotion"},{"floor":29,"key":"Energy Potion"},{"floor":30,"key":"BlessingOfTheForge"},{"floor":31,"key":"Regen Potion"},{"floor":33,"key":"Fire Potion"}],"is_trial":false,"path_per_floor":["M","M","M","?","?","R","$","R","T","M","?","R","E","M","R","B",null,"M","M","?","$","?","E","R","?","T","M","E","M","M","E","R","B",null,"M","?","T","$","M","E","R","$","T","E"],"character_chosen":"THE_SILENT","basemod:card_modifiers":[null,null,null,null,null,null,null,null,null,null,null,null,null,null,null,null,null,null,null,null,null,null,null,null,null,null],"items_purchased":["Corpse Explosion","Noxious Fumes","Energy Potion","Cloak And Dagger"],"campfire_rested":1,"item_purchase_floors":[7,7,21,38],"current_hp_per_floor":[59,58,57,39,55,55,55,55,55,55,35,35,29,27,27,18,58,58,43,43,43,43,41,41,41,41,48,63,49,48,31,31,9,50,57,57,57,57,60,23,41,41,41,0],"gold":146,"neow_bonus":"HUNDRED_GOLD","is_prod":false,"is_daily":false,"chose_seed":false,"campfire_upgraded":6,"win_rate":0,"timestamp":1678406103,"path_taken":["M","M","M","?","?","R","$","R","T","M","?","R","E","M","R","BOSS","M","M","?","$","?","E","R","?","T","?","E","M","M","E","R","BOSS","M","?","?","?","?","E","R","$","T","E"],"build_version":"2022-12-18","purchased_purges":3,"victory":false,"max_hp_per_floor":[66,66,66,66,66,66,66,66,66,66,66,66,66,71,71,71,71,71,71,71,71,49,49,49,49,49,49,63,63,63,63,63,63,63,63,60,60,60,60,60,60,60,60,60],"relic_stats":{"Gremlin Horn":[2,2],"counters":[20,100],"Turnip":[7],"Boot":[44],"obtain_stats":[{"Gremlin Horn":37,"Mango":28,"Philosopher\u0027s Stone":34,"Turnip":4,"Frozen Egg 2":9,"Paper Crane":40,"Boot":31,"Akabeko":13,"TungstenRod":23,"White Beast Statue":26,"Ring of the Snake":0,"Runic Pyramid":17},{"Gremlin Horn":17,"Mango":12,"Philosopher\u0027s Stone":16,"Turnip":3,"Frozen Egg 2":3,"Paper Crane":19,"Boot":15,"Akabeko":5,"TungstenRod":10,"White Beast Statue":10,"Ring of the Snake":0,"Runic Pyramid":7},{"Gremlin Horn":80,"Mango":51,"Philosopher\u0027s Stone":76,"Turnip":12,"Frozen Egg 2":12,"Paper Crane":93,"Boot":67,"Akabeko":20,"TungstenRod":40,"White Beast Statue":40,"Ring of the Snake":0,"Runic Pyramid":31}],"TungstenRod":28,"White Beast Statue":[0.0,0.024000000000000007,0.0,0.32800000000000007,0.0,0.5280000000000001,0.0,0.12000000000000002,0.0,0.0,0.0,3.5181440000000004],"Ring of the Snake":[40]},"card_choices":[{"not_picked":["Escape Plan","Backflip"],"picked":"Poisoned Stab","floor":1},{"not_picked":["Catalyst","Sucker Punch"],"picked":"Blade Dance","floor":2},{"not_picked":["Flying Knee","Poisoned Stab"],"picked":"Cloak And Dagger","floor":3},{"not_picked":["Leg Sweep","Skewer","Acrobatics"],"picked":"SKIP","floor":10},{"not_picked":["Reflex","Underhanded Strike"],"picked":"Escape Plan","floor":13},{"not_picked":["Blade Dance","Expertise"],"picked":"Envenom+1","floor":14},{"not_picked":["Riddle With Holes","Slice"],"picked":"PiercingWail","floor":18},{"not_picked":["Heel Hook","Outmaneuver","Backflip"],"picked":"SKIP","floor":19},{"not_picked":["Dagger Throw","Finisher","Dagger Spray"],"picked":"SKIP","floor":23},{"not_picked":["Underhanded Strike","PiercingWail"],"picked":"Accuracy+1","floor":27},{"not_picked":["Expertise+1","PiercingWail","Dagger Throw"],"picked":"SKIP","floor":28},{"not_picked":["Slice","Calculated Gamble"],"picked":"Catalyst","floor":29},{"not_picked":["Deadly Poison","Escape Plan"],"picked":"After Image+1","floor":30},{"not_picked":["Underhanded Strike","Slice"],"picked":"Calculated Gamble","floor":31},{"not_picked":["Corpse Explosion","Glass Knife"],"picked":"Envenom+1","floor":33},{"not_picked":["Sucker Punch","Outmaneuver+1","Quick Slash"],"picked":"SKIP","floor":35},{"not_picked":["Bane","Accuracy+1"],"picked":"Concentrate","floor":39},{"not_picked":["Riddle With Holes","Slice","Doppelganger"],"picked":"SKIP","floor":40}],"player_experience":1519533,"relics_obtained":[{"floor":9,"key":"Frozen Egg 2"},{"floor":13,"key":"Akabeko"},{"floor":23,"key":"TungstenRod"},{"floor":26,"key":"White Beast Statue"},{"floor":28,"key":"Mango"},{"floor":31,"key":"Boot"},{"floor":37,"key":"Gremlin Horn"},{"floor":40,"key":"Paper Crane"}],"event_choices":[{"damage_healed":0,"gold_gain":0,"player_choice":"Success","damage_taken":18,"relics_obtained":["Turnip"],"max_hp_gain":0,"max_hp_loss":0,"event_name":"Scrap Ooze","floor":4,"gold_loss":0},{"damage_healed":16,"gold_gain":0,"player_choice":"Healed","damage_taken":0,"max_hp_gain":0,"max_hp_loss":0,"event_name":"The Cleric","floor":5,"gold_loss":35},{"damage_healed":0,"gold_gain":0,"player_choice":"Entered Light","damage_taken":20,"max_hp_gain":0,"max_hp_loss":0,"event_name":"Shining Light","floor":11,"gold_loss":0,"cards_upgraded":["Cloak And Dagger","Corpse Explosion"]},{"damage_healed":0,"gold_gain":0,"player_choice":"Ignored","damage_taken":0,"max_hp_gain":0,"max_hp_loss":0,"event_name":"The Mausoleum","floor":20,"gold_loss":0},{"damage_healed":0,"gold_gain":0,"player_choice":"Became a vampire","damage_taken":0,"max_hp_gain":0,"max_hp_loss":22,"event_name":"Vampires","floor":22,"gold_loss":0,"cards_obtained":["Bite","Bite","Bite","Bite","Bite"]},{"damage_healed":0,"gold_gain":0,"player_choice":"Upgraded","damage_taken":0,"max_hp_gain":0,"max_hp_loss":0,"event_name":"Upgrade Shrine","floor":25,"gold_loss":0,"cards_upgraded":["Bite"]},{"damage_healed":0,"gold_gain":0,"player_choice":"Max HP","damage_taken":0,"max_hp_gain":0,"max_hp_loss":3,"event_name":"Winding Halls","floor":36,"gold_loss":0}],"is_beta":false,"boss_relics":[{"not_picked":["Empty Cage","Coffee Dripper"],"picked":"Runic Pyramid"},{"not_picked":["SlaversCollar","Tiny House"],"picked":"Philosopher\u0027s Stone"}],"items_purged_floors":[21,38,42],"is_endless":false,"potions_floor_spawned":[3,13,14,16,18,23,27,28,29,30,31,33,35,39,40],"killed_by":"Giant Head","ascension_level":20}