{"neow_bonuses_skipped_log":["THREE_CARDS","TWENTY_PERCENT_HP_BONUS","BOSS_RELIC"],"neow_costs_skipped_log":["NONE","NO_GOLD","NONE"],"potions_obtained_entropic_brew":[[],[],[],[],[],[],[],[],[],[],[],[],[],[],[],[],[],[],[],[],[],[],[]],"gold_per_floor":[111,111,111,125,125,125,153,171,194,194,194,204,238,257,257,336,336,349,369,369,48,59,59],"floor_reached":23,"playtime":786,"items_purged":["Strike_G"],"score":452,"play_id":"b36818c5-5df8-4649-94c7-775bdd0ad675","local_time":"20230310162916","score_breakdown":["Floors Climbed (23): 115","Enemies Slain (8): 16","Exordium Elites Killed (2): 20","City Elites Killed (0): 0","Bosses Slain (1): 50","Champion (1): 25","Ascension (20): 226"],"is_ascension_mode":true,"potions_obtained_alchemize":[[],[],[],[],[],[],[],[],[],[],[],[],[],[],[],[],[],[],[],[],[],[],[]],"campfire_choices":[{"data":"Dagger Spray","floor":6,"key":"SMITH"},{"data":"Bouncing Flask","floor":10,"key":"SMITH"},{"data":"Backflip","floor":15,"key":"SMITH"}],"lesson_learned_per_floor":[[],[],[],[],[],[],[],[],[],[],[],[],[],[],[],[],[],[],[],[],[],[],[]],"neow_cost":"NONE","improvable_cards":{},"seed_source_timestamp":2037677529986900,"shop_contents":[{"floor":21,"relics":["CaptainsWheel","Strawberry"],"cards":["Eviscerate","Quick Slash","Deflect","Caltrops","Finesse","Secret Technique"],"potions":["Ancient Potion","Energy Potion","Poison Potion"]}],"circlet_count":0,"master_deck":["AscendersBane","Strike_G+1","Strike_G","Strike_G","Defend_G+1","Defend_G","Defend_G","Defend_G","Survivor","Neutralize","Cloak And Dagger","Dagger Spray+1","Predator","Bouncing Flask+1","Blade Dance","Deflect","Backflip+1","After Image","Deflect","Prepared","Calculated Gamble","Cloak And Dagger+1"],"potion_use_per_floor":[[],[],[],[],[],[],[],[],[],[],[],["Block Potion"],["Dexterity Potion"],[],[],["Weak Potion"],[],[],[],[],[],["GhostInAJar"],[]],"relics":["Ring of the Snake","NeowsBlessing","Toy Ornithopter","Vajra","Tiny Chest","HoveringKite","Frozen Eye"],"potions_floor_usage":[12,13,16,22],"damage_taken":[{"damage":0,"enemies":"2 Louse","floor":1,"turns":1},{"damage":0,"enemies":"Small Slimes","floor":4,"turns":1},{"damage":0,"enemies":"3 Sentries","floor":7,"turns":2},{"damage":0,"enemies":"Cultist","floor":8,"turns":3},{"damage":0,"enemies":"Red Slaver","floor":12,"turns":5},{"damage":12,"enemies":"Lagavulin","floor":13,"turns":6},{"damage":0,"enemies":"3 Louse","floor":14,"turns":2},{"damage":18,"enemies":"The Guardian","floor":16,"turns":10},{"damage":16,"enemies":"Shell Parasite","floor":18,"turns":5},{"damage":2,"enemies":"Chosen","floor":19,"turns":5},{"damage":31,"enemies":"Sentry and Sphere","floor":22,"turns":8},{"damage":16,"enemies":"Gremlin Leader","floor":23,"turns":4}],"seed_played":"-4300212383030627738","neow_bonus_log":{"cardsObtained":[],"cardsUpgraded":[],"cardsRemoved":[],"cardsTransformed":[],"relicsObtained":["NeowsBlessing"],"maxHpGained":0,"goldGained":0,"damageTaken":0,"goldLost":0,"maxHpLost":0},"potions_obtained":[{"floor":1,"key":"Block Potion"},{"floor":4,"key":"Dexterity Potion"},{"floor":13,"key":"Weak Potion"},{"floor":16,"key":"Explosive Potion"},{"floor":19,"key":"FearPotion"},{"floor":20,"key":"GhostInAJar"}],"is_trial":false,"path_per_floor":["M","?","?","M","?","R","E","M","T","R","?","M","E","M","R","B",null,"M","M","?","$","M","E"],"character_chosen":"THE_SILENT","basemod:card_modifiers":[null,null,null,null,null,null,null,null,null,null,null,null,null,null,null,null,null,null,null,null,null,null],"items_purchased":["Calculated Gamble","Frozen Eye"],"campfire_rested":0,"item_purchase_floors":[21,21],"current_hp_per_floor":[59,52,52,52,32,32,32,32,32,32,66,66,54,54,54,41,60,44,42,42,42,16,0],"gold":59,"neow_bonus":"THREE_ENEMY_KILL","is_prod":false,"is_daily":false,"rewards_skipped":[{"floor":20,"relics":[],"potions":["Poison Potion"]}],"chose_seed":false,"campfire_upgraded":3,"win_rate":0,"floor_exit_playtime":[23,29,33,42,45,51,70,99,102,114,128,195,259,281,301,406,423,499,551,560,592,710],"timestamp":1678483756,"path_taken":["M","?","?","M","?","R","E","M","T","R","?","M","E","M","R","BOSS","M","M","?","$","?","E"],"build_version":"2022-12-18","purchased_purges":1,"victory":false,"max_hp_per_floor":[66,66,66,66,66,66,66,66,66,66,66,66,66,66,66,66,66,66,66,66,66,66,66],"relic_stats":{"Frozen Eye":1.6332862,"counters":[12,52],"HoveringKite":[7],"Tiny Chest":0,"obtain_stats":[{"Frozen Eye":21,"NeowsBlessing":0,"Vajra":9,"HoveringKite":17,"Tiny Chest":13,"Toy Ornithopter":7,"Ring of the Snake":0},{"Frozen Eye":10,"NeowsBlessing":0,"Vajra":4,"HoveringKite":8,"Tiny Chest":6,"Toy Ornithopter":3,"Ring of the Snake":0},{"Frozen Eye":40,"NeowsBlessing":0,"Vajra":7,"HoveringKite":30,"Tiny Chest":18,"Toy Ornithopter":4,"Ring of the Snake":0}],"Toy Ornithopter":10,"Ring of the Snake":[24]},"card_choices":[{"not_picked":["Flechettes","Setup"],"picked":"Cloak And Dagger","floor":1},{"not_picked":["Sucker Punch","Leg Sweep"],"picked":"Dagger Spray","floor":4},{"not_picked":["Catalyst","Dagger Spray"],"picked":"Predator","floor":7},{"not_picked":["Flying Knee","Expertise"],"picked":"Bouncing Flask","floor":8},{"not_picked":["Dagger Spray","Envenom"],"picked":"Blade Dance","floor":12},{"not_picked":["Underhanded Strike","Deadly Poison"],"picked":"Deflect","floor":13},{"not_picked":["Unload","Blur"],"picked":"Backflip","floor":14},{"not_picked":["Malaise","Envenom"],"picked":"After Image","floor":16},{"not_picked":["Bane","Blur"],"picked":"Deflect","floor":18},{"not_picked":["Backflip","Flying Knee"],"picked":"Prepared","floor":19},{"not_picked":["Deflect","Poisoned Stab"],"picked":"Cloak And Dagger+1","floor":22}],"player_experience":1532263,"relics_obtained":[{"floor":7,"key":"Toy Ornithopter"},{"floor":9,"key":"Vajra"},{"floor":13,"key":"Tiny Chest"}],"event_choices":[{"cards_removed":["Defend_G"],"damage_healed":0,"gold_gain":0,"player_choice":"Card Removal","damage_taken":7,"max_hp_gain":0,"max_hp_loss":0,"event_name":"Golden Wing","floor":2,"gold_loss":0},{"damage_healed":0,"gold_gain":0,"cards_transformed":["Strike_G"],"player_choice":"Change","damage_taken":0,"max_hp_gain":0,"max_hp_loss":0,"event_name":"Living Wall","floor":3,"gold_loss":0,"cards_obtained":["Blur"]},{"damage_healed":0,"gold_gain":0,"player_choice":"Entered Light","damage_taken":20,"max_hp_gain":0,"max_hp_loss":0,"event_name":"Shining Light","floor":5,"gold_loss":0,"cards_upgraded":["Defend_G","Strike_G"]},{"cards_removed":["Blur"],"damage_healed":34,"gold_gain":0,"player_choice":"Offered Uncommon","damage_taken":0,"max_hp_gain":0,"max_hp_loss":0,"event_name":"Bonfire Elementals","floor":11,"gold_loss":0},{"damage_healed":0,"gold_gain":0,"player_choice":"Got Potions","damage_taken":0,"max_hp_gain":0,"max_hp_loss":0,"event_name":"Lab","floor":20,"gold_loss":0}],"is_beta":false,"boss_relics":[{"not_picked":["Tiny House","SlaversCollar"],"picked":"HoveringKite"}],"items_purged_floors":[21],"is_endless":false,"potions_floor_spawned":[1,4,13,16,19],"killed_by":"Gremlin Leader","ascension_level":20,"potion_discard_per_floor":[[],[],[],[],[],[],[],[],[],[],[],[],[],[],[],[],[],[],[],["Explosive Potion"],[],[],[]]}