{"neow_bonuses_skipped_log":["TRANSFORM_CARD","RANDOM_COMMON_RELIC","BOSS_RELIC"],"potions_obtained_entropic_brew":[[],[],[],[],[],[],[],[],[],[],[],[],[],[],[],[]],"neow_costs_skipped_log":["NONE","NONE","NONE"],"gold_per_floor":[10,10,23,39,55,55,95,116,116,116,116,116,132,132,132,132],"floor_reached":16,"playtime":579,"items_purged":[],"score":204,"play_id":"b397161b-2cd4-488a-b09f-392ef0dac60a","local_time":"20230313114943","score_breakdown":["Floors Climbed (16): 80","Enemies Slain (6): 12","Exordium Elites Killed (1): 10","Bosses Slain (0): 0","Ascension (20): 102"],"is_ascension_mode":true,"potions_obtained_alchemize":[[],[],[],[],[],[],[],[],[],[],[],[],[],[],[],[]],"campfire_choices":[{"data":"Underhanded Strike","floor":6,"key":"SMITH"},{"data":"Doppelganger","floor":11,"key":"SMITH"},{"floor":15,"key":"REST"}],"lesson_learned_per_floor":[[],[],[],[],[],[],[],[],[],[],[],[],[],[],[],[]],"neow_cost":"NO_GOLD","improvable_cards":{},"seed_source_timestamp":2276711390471300,"shop_contents":[],"circlet_count":0,"master_deck":["AscendersBane","Strike_G+1","Strike_G","Strike_G","Defend_G","Defend_G+1","Defend_G","Defend_G+1","Survivor","Neutralize","Die Die Die","Bullet Time","Footwork+1","Underhanded Strike+1","Die Die Die+1","Prepared","Doppelganger+1"],"potion_use_per_floor":[[],[],[],[],[],[],["GamblersBrew"],[],[],[],[],[],[],[],[],["SkillPotion","Explosive Potion"]],"relics":["Ring of the Snake","Golden Idol","Whetstone","Smiling Mask"],"potions_floor_usage":[7,16,16],"damage_taken":[{"damage":7,"enemies":"Jaw Worm","floor":1,"turns":3},{"damage":0,"enemies":"Small Slimes","floor":3,"turns":2},{"damage":1,"enemies":"Cultist","floor":4,"turns":5},{"damage":0,"enemies":"Looter","floor":5,"turns":3},{"damage":18,"enemies":"Lagavulin","floor":7,"turns":10},{"damage":0,"enemies":"2 Fungi Beasts","floor":8,"turns":1},{"damage":0,"enemies":"Exordium Wildlife","floor":13,"turns":2},{"damage":37,"enemies":"Slime Boss","floor":16,"turns":11}],"seed_played":"5171401199726403780","neow_bonus_log":{"cardsObtained":["Die Die Die","Bullet Time"],"cardsUpgraded":[],"cardsRemoved":[],"cardsTransformed":["Defend_G","Strike_G"],"relicsObtained":[],"maxHpGained":0,"goldGained":0,"damageTaken":0,"goldLost":99,"maxHpLost":0},"potions_obtained":[{"floor":4,"key":"GamblersBrew"},{"floor":5,"key":"Explosive Potion"},{"floor":7,"key":"SkillPotion"}],"is_trial":false,"path_per_floor":["M","?","M","M","M","R","E","M","T","?","R","?","M","?","R","B"],"character_chosen":"THE_SILENT","basemod:card_modifiers":[null,null,null,null,null,null,null,null,null,null,null,null,null,null,null,null,null],"items_purchased":[],"campfire_rested":1,"item_purchase_floors":[],"current_hp_per_floor":[52,52,52,51,51,51,33,33,33,33,33,15,15,15,33,0],"gold":132,"neow_bonus":"TRANSFORM_TWO_CARDS","is_prod":false,"is_daily":false,"rewards_skipped":[],"chose_seed":false,"campfire_upgraded":2,"win_rate":0,"floor_exit_playtime":[76,80,102,162,194,201,295,316,324,364,372,375,401,412,417],"timestamp":1678722583,"path_taken":["M","?","M","M","M","R","E","M","T","?","R","?","M","?","R","BOSS"],"build_version":"2022-12-18","purchased_purges":0,"victory":false,"max_hp_per_floor":[66,60,60,60,60,60,60,60,60,60,60,60,60,60,60,60],"relic_stats":{"counters":[8,37],"Golden Idol":24,"Whetstone":["Die Die Die","Strike_G"],"Smiling Mask":0,"obtain_stats":[{"Golden Idol":2,"Whetstone":7,"Smiling Mask":9,"Ring of the Snake":0},{"Golden Idol":1,"Whetstone":5,"Smiling Mask":6,"Ring of the Snake":0},{"Golden Idol":3,"Whetstone":23,"Smiling Mask":24,"Ring of the Snake":0}],"Ring of the Snake":[16]},"card_choices":[{"not_picked":["Bane","Concentrate","PiercingWail"],"picked":"SKIP","floor":1},{"not_picked":["Quick Slash","Bane"],"picked":"Footwork","floor":3},{"not_picked":["Bane","Backflip"],"picked":"Underhanded Strike","floor":4},{"not_picked":["Dodge and Roll","Deflect","PiercingWail"],"picked":"SKIP","floor":5},{"not_picked":["Slice","Flying Knee"],"picked":"Die Die Die","floor":7},{"not_picked":["PiercingWail","Quick Slash"],"picked":"Prepared","floor":8},{"not_picked":["Prepared","Poisoned Stab","PiercingWail"],"picked":"SKIP","floor":13}],"player_experience":1563897,"relics_obtained":[{"floor":7,"key":"Whetstone"},{"floor":9,"key":"Smiling Mask"}],"event_choices":[{"damage_healed":0,"gold_gain":0,"player_choice":"Lose Max HP","damage_taken":0,"relics_obtained":["Golden Idol"],"max_hp_gain":0,"max_hp_loss":6,"event_name":"Golden Idol","floor":2,"gold_loss":0},{"damage_healed":0,"gold_gain":0,"cards_transformed":["Strike_G"],"player_choice":"Change","damage_taken":0,"max_hp_gain":0,"max_hp_loss":0,"event_name":"Living Wall","floor":10,"gold_loss":0,"cards_obtained":["Doppelganger"]},{"damage_healed":0,"gold_gain":0,"player_choice":"Entered Light","damage_taken":18,"max_hp_gain":0,"max_hp_loss":0,"event_name":"Shining Light","floor":12,"gold_loss":0,"cards_upgraded":["Defend_G","Defend_G"]},{"damage_healed":0,"gold_gain":0,"player_choice":"Forge","damage_taken":0,"max_hp_gain":0,"max_hp_loss":0,"event_name":"Accursed Blacksmith","floor":14,"gold_loss":0,"cards_upgraded":["Footwork"]}],"is_beta":false,"boss_relics":[],"items_purged_floors":[],"is_endless":false,"potions_floor_spawned":[4,5,7],"killed_by":"Slime Boss","ascension_level":20,"potion_discard_per_floor":[[],[],[],[],[],[],[],[],[],[],[],[],[],[],[],[]]}