{"gold_per_floor":[115,129,129,139,4,31,31,66,91,105,105,105,105,115,115,194,194,211,25,45,45,45,45,77,89,142,170,201,213,140,171,183,195],"floor_reached":33,"playtime":1556,"items_purged":[],"score":579,"play_id":"77d66618-e51a-4cd1-8524-a4496e58b9c6","local_time":"20230306230737","is_ascension_mode":true,"campfire_choices":[{"data":"Terror","floor":7,"key":"SMITH"},{"floor":13,"key":"REST"},{"data":"Blade Dance","floor":15,"key":"SMITH"},{"data":"Footwork","floor":23,"key":"SMITH"},{"data":"After Image","floor":29,"key":"SMITH"},{"data":"Neutralize","floor":32,"key":"SMITH"}],"neow_cost":"NONE","seed_source_timestamp":1715208432210200,"circlet_count":0,"master_deck":["AscendersBane","Defend_G+1","Defend_G+1","Defend_G+1","Defend_G+1","Survivor","Neutralize+1","Underhanded Strike","Footwork+1","Heel Hook","Blade Dance+1","Predator","Terror+1","Escape Plan","Dagger Spray","Deflect","After Image+1","Blade Dance","PiercingWail+1","Bite","Bite","Bite","Bite","Bite","Blade Dance+1","Escape Plan"],"relics":["Ring of the Snake","Omamori","Vajra","Nunchaku","Cursed Key","Medical Kit","Ornamental Fan","MawBank","Anchor"],"potions_floor_usage":[6,8,18,24,27,33],"damage_taken":[{"damage":1,"enemies":"Jaw Worm","floor":1,"turns":4},{"damage":0,"enemies":"Small Slimes","floor":2,"turns":5},{"damage":1,"enemies":"Cultist","floor":4,"turns":4},{"damage":36,"enemies":"3 Sentries","floor":6,"turns":9},{"damage":11,"enemies":"Gremlin Nob","floor":8,"turns":3},{"damage":1,"enemies":"3 Louse","floor":10,"turns":4},{"damage":0,"enemies":"Looter","floor":14,"turns":2},{"damage":25,"enemies":"Hexaghost","floor":16,"turns":8},{"damage":4,"enemies":"Chosen","floor":18,"turns":4},{"damage":17,"enemies":"2 Thieves","floor":20,"turns":4},{"damage":11,"enemies":"Slavers","floor":24,"turns":7},{"damage":4,"enemies":"Cultist and Chosen","floor":25,"turns":5},{"damage":0,"enemies":"Centurion and Healer","floor":27,"turns":8},{"damage":0,"enemies":"3 Cultists","floor":28,"turns":4},{"damage":0,"enemies":"Shelled Parasite and Fungi","floor":31,"turns":5},{"damage":79,"enemies":"Champ","floor":33,"turns":23}],"seed_played":"5080165326367818146","potions_obtained":[{"floor":1,"key":"Poison Potion"},{"floor":6,"key":"DistilledChaos"},{"floor":16,"key":"Block Potion"},{"floor":18,"key":"ColorlessPotion"},{"floor":25,"key":"AttackPotion"}],"is_trial":false,"path_per_floor":["M","M","?","M","$","E","R","E","T","M","?","?","R","M","R","B",null,"M","$","M","?","?","R","E","M","T","M","M","R","?","M","R","B"],"character_chosen":"THE_SILENT","basemod:card_modifiers":[null,null,null,null,null,null,null,null,null,null,null,null,null,null,null,null,null,null,null,null,null,null,null,null,null,null],"items_purchased":["Predator","Swift Potion","Medical Kit","Blade Dance"],"campfire_rested":1,"item_purchase_floors":[5,5,19,19],"current_hp_per_floor":[58,58,58,57,57,21,21,10,10,9,9,9,28,28,28,3,50,46,46,29,29,29,29,34,40,40,46,46,46,46,46,46,0],"gold":195,"neow_bonus":"TRANSFORM_CARD","is_prod":false,"is_daily":false,"chose_seed":false,"campfire_upgraded":5,"win_rate":0,"timestamp":1678162057,"path_taken":["M","M","?","M","$","E","R","E","T","M","?","?","R","?","R","BOSS","M","$","?","?","?","R","E","M","T","M","M","R","?","M","R","BOSS"],"build_version":"2022-12-18","purchased_purges":0,"victory":false,"max_hp_per_floor":[66,66,66,66,66,66,66,66,66,66,66,66,66,66,66,66,66,66,66,66,66,46,46,46,46,46,46,46,46,46,46,46,46],"relic_stats":{"Nunchaku":[27],"counters":[16,99],"Ornamental Fan":[188],"Omamori":1,"Cursed Key":1,"Medical Kit":[5],"MawBank":84,"obtain_stats":[{"Nunchaku":9,"Anchor":30,"Ornamental Fan":24,"Vajra":8,"Omamori":6,"Cursed Key":17,"Medical Kit":19,"MawBank":26,"Ring of the Snake":0},{"Nunchaku":5,"Anchor":14,"Ornamental Fan":11,"Vajra":5,"Omamori":4,"Cursed Key":8,"Medical Kit":9,"MawBank":12,"Ring of the Snake":0},{"Nunchaku":25,"Anchor":71,"Ornamental Fan":54,"Vajra":25,"Omamori":22,"Cursed Key":39,"Medical Kit":43,"MawBank":59,"Ring of the Snake":0}],"Ring of the Snake":[32]},"card_choices":[{"not_picked":["Flechettes","Prepared","Sucker Punch"],"picked":"SKIP","floor":1},{"not_picked":["Bane","Slice"],"picked":"Footwork","floor":2},{"not_picked":["Deflect","Backflip"],"picked":"Blade Dance","floor":4},{"not_picked":["Distraction","Bane"],"picked":"Terror","floor":6},{"not_picked":["Cloak And Dagger","Calculated Gamble"],"picked":"Escape Plan","floor":8},{"not_picked":["Tactician","Outmaneuver"],"picked":"Dagger Spray","floor":10},{"not_picked":["Slice","Prepared"],"picked":"Deflect","floor":14},{"not_picked":["Burst","Bullet Time"],"picked":"After Image","floor":16},{"not_picked":["Underhanded Strike","Riddle With Holes","Caltrops"],"picked":"SKIP","floor":18},{"not_picked":["Skewer","Slice"],"picked":"PiercingWail+1","floor":20},{"not_picked":["Cloak And Dagger","Setup+1","Eviscerate"],"picked":"SKIP","floor":24},{"not_picked":["Poisoned Stab","Cloak And Dagger"],"picked":"Blade Dance+1","floor":25},{"not_picked":["Heel Hook","Flying Knee","Sucker Punch"],"picked":"SKIP","floor":27},{"not_picked":["Cloak And Dagger","Blade Dance","Crippling Poison"],"picked":"SKIP","floor":28},{"not_picked":["Underhanded Strike","Flying Knee"],"picked":"Escape Plan","floor":31}],"player_experience":1495699,"relics_obtained":[{"floor":6,"key":"Omamori"},{"floor":8,"key":"Vajra"},{"floor":9,"key":"Nunchaku"},{"floor":24,"key":"Ornamental Fan"},{"floor":26,"key":"MawBank"}],"event_choices":[{"damage_healed":0,"gold_gain":0,"cards_transformed":["Strike_G"],"player_choice":"Change","damage_taken":0,"max_hp_gain":0,"max_hp_loss":0,"event_name":"Living Wall","floor":3,"gold_loss":0,"cards_obtained":["Heel Hook"]},{"damage_healed":0,"gold_gain":0,"player_choice":"Ignored","damage_taken":0,"max_hp_gain":0,"max_hp_loss":0,"event_name":"Liars Game","floor":11,"gold_loss":0},{"damage_healed":0,"gold_gain":0,"player_choice":"Fled","damage_taken":0,"max_hp_gain":0,"max_hp_loss":0,"event_name":"Scrap Ooze","floor":12,"gold_loss":0},{"damage_healed":0,"gold_gain":0,"player_choice":"Simplicity","damage_taken":0,"max_hp_gain":0,"max_hp_loss":0,"event_name":"Back to Basics","floor":21,"gold_loss":0,"cards_upgraded":["Strike_G","Strike_G","Strike_G","Strike_G","Defend_G","Defend_G","Defend_G","Defend_G"]},{"damage_healed":0,"gold_gain":0,"player_choice":"Became a vampire","damage_taken":0,"max_hp_gain":0,"max_hp_loss":20,"event_name":"Vampires","floor":22,"gold_loss":0,"cards_obtained":["Bite","Bite","Bite","Bite","Bite"]},{"damage_healed":0,"gold_gain":0,"player_choice":"Obtained Relic","damage_taken":0,"relics_obtained":["Anchor"],"max_hp_gain":0,"max_hp_loss":0,"event_name":"Addict","floor":30,"gold_loss":85}],"is_beta":false,"boss_relics":[{"not_picked":["Calling Bell","Fusion Hammer"],"picked":"Cursed Key"}],"items_purged_floors":[],"is_endless":false,"potions_floor_spawned":[1,6,16,18,20,25],"killed_by":"Champ","ascension_level":20}