{"neow_bonuses_skipped_log":["TRANSFORM_CARD","THREE_ENEMY_KILL","BOSS_RELIC"],"potions_obtained_entropic_brew":[[],[],[],[],[],[],[],[],[],[],[],[],[],[],[],[],[],[],[],[],[],[],[],[],[],[],[],[],[],[],[],[],[],[],[],[],[],[],[],[],[],[],[],[],[],[],[],[],[],[],[],[],[],[],[],[],[]],"neow_costs_skipped_log":["NONE","NONE","NONE"],"gold_per_floor":[114,114,133,103,116,116,142,142,142,142,157,191,207,132,132,209,209,223,223,52,52,69,69,95,113,113,113,163,163,191,201,201,277,277,292,309,309,309,319,347,372,402,402,402,412,428,444,476,476,476,476,476,476,25,51,51],"floor_reached":57,"playtime":4540,"items_purged":["Strike_G"],"score":2780,"play_id":"0ac283dc-c07e-42f0-9edd-3a8bec43229b","local_time":"20230311105939","score_breakdown":["Floors Climbed (57): 285","Enemies Slain (15): 30","Exordium Elites Killed (2): 20","City Elites Killed (2): 40","Beyond Elites Killed (3): 90","Bosses Slain (5): 750","Champion (1): 25","C-c-c-combo: 25","Ascension (20): 1265","Heartbreaker: 250"],"is_ascension_mode":true,"potions_obtained_alchemize":[[],[],[],[],[],[],[],[],[],[],[],["DistilledChaos"],["FearPotion"],[],[],["SmokeBomb"],[],["SmokeBomb"],[],[],["PowerPotion"],[],[],["Ancient Potion"],["Swift Potion"],[],[],[],[],["Swift Potion"],["FearPotion"],[],["SkillPotion"],[],["Fire Potion"],["EssenceOfSteel"],[],[],["SteroidPotion"],["PowerPotion"],["GamblersBrew"],["Ancient Potion"],[],[],["AttackPotion"],["SneckoOil"],["SpeedPotion"],["SkillPotion"],[],["Block Potion"],["BlessingOfTheForge"],[],[],[],["SkillPotion"],["Strength Potion","SteroidPotion"],[]],"campfire_choices":[{"data":"Apotheosis","floor":6,"key":"SMITH"},{"data":"Dagger Spray","floor":8,"key":"SMITH"},{"floor":10,"key":"REST"},{"floor":15,"key":"RECALL"},{"data":"Die Die Die","floor":23,"key":"SMITH"},{"floor":29,"key":"REST"},{"data":"Survivor","floor":32,"key":"SMITH"},{"floor":44,"key":"REST"},{"data":"Wraith Form v2","floor":49,"key":"SMITH"},{"floor":53,"key":"REST"}],"lesson_learned_per_floor":[[],[],[],[],[],[],[],[],[],[],[],[],[],[],[],[],[],[],[],[],[],[],[],[],[],[],[],[],[],[],[],[],[],[],[],[],[],[],[],[],[],[],[],[],[],[],[],[],[],[],[],[],[],[],[],[],[]],"neow_cost":"PERCENT_DAMAGE","improvable_cards":{},"seed_source_timestamp":2100531646663800,"shop_contents":[{"floor":20,"relics":["Strawberry","CeramicFish","Medical Kit"],"cards":["Flying Knee","Slice","Acrobatics+1","Infinite Blades","Thinking Ahead+1"],"potions":["FearPotion","Block Potion","Explosive Potion"]},{"floor":54,"relics":["Boot","Du-Vu Doll","TheAbacus"],"cards":["Underhanded Strike","Dagger Throw","Setup+1","Good Instincts+1","Panache"],"potions":["Strength Potion"]}],"circlet_count":0,"master_deck":["AscendersBane","Strike_G","Defend_G","Defend_G","Defend_G","Defend_G","Defend_G","Survivor+1","Neutralize","Apotheosis+1","Quick Slash","Slice","Dagger Spray+1","Venomology+1","Dodge and Roll+1","Die Die Die+1","PiercingWail+1","Prepared+1","Adrenaline+1","Finesse+1","Backflip+1","Bouncing Flask+1","Deadly Poison+1","Burst+1","Tactician+1","Master of Strategy+1","Dark Shackles+1","Master of Strategy+1","Prepared+1","Wraith Form v2+1","Caltrops","Malaise+1","Dodge and Roll+1"],"potion_use_per_floor":[[],[],[],[],[],[],["EssenceOfSteel","Block Potion"],[],[],[],[],["Swift Potion","Fire Potion"],[],[],[],["DistilledChaos","FearPotion"],[],[],[],[],["SmokeBomb"],["SteroidPotion"],[],["PowerPotion"],[],[],[],[],[],["Swift Potion","Swift Potion"],[],[],["FearPotion","SpeedPotion","SkillPotion"],[],[],["DistilledChaos"],[],[],["LiquidBronze"],["EssenceOfSteel"],["PowerPotion"],["Fire Potion"],[],[],["GamblersBrew"],["AttackPotion"],["Ancient Potion"],["SpeedPotion","SkillPotion"],[],["Poison Potion","Swift Potion","Block Potion"],[],[],[],[],["SkillPotion","SkillPotion","Regen Potion"],["Ancient Potion","SpeedPotion","Strength Potion","Strength Potion","SteroidPotion"],[]],"relics":["Ring of the Snake","Anchor","Toxic Egg 2","Bag of Marbles","Runic Pyramid","Potion Belt","Art of War","Empty Cage","Regal Pillow","Blood Vial","Shuriken","Mummified Hand"],"potions_floor_usage":[7,7,12,12,16,16,21,22,24,30,30,33,33,33,36,39,40,41,42,45,46,47,48,48,50,50,50,55,55,55,56,56,56,56,56],"damage_taken":[{"damage":4,"enemies":"Small Slimes","floor":1,"turns":5},{"damage":2,"enemies":"2 Louse","floor":3,"turns":4},{"damage":0,"enemies":"Cultist","floor":5,"turns":3},{"damage":1,"enemies":"3 Sentries","floor":7,"turns":9},{"damage":0,"enemies":"Exordium Wildlife","floor":11,"turns":3},{"damage":6,"enemies":"Gremlin Nob","floor":12,"turns":3},{"damage":8,"enemies":"Blue Slaver","floor":13,"turns":3},{"damage":44,"enemies":"Hexaghost","floor":16,"turns":12},{"damage":1,"enemies":"Chosen","floor":18,"turns":7},{"damage":0,"enemies":"Masked Bandits","floor":21,"turns":1},{"damage":0,"enemies":"2 Thieves","floor":22,"turns":1},{"damage":0,"enemies":"Gremlin Leader","floor":24,"turns":5},{"damage":2,"enemies":"Chosen and Byrds","floor":25,"turns":8},{"damage":6,"enemies":"Book of Stabbing","floor":30,"turns":6},{"damage":0,"enemies":"Centurion and Healer","floor":31,"turns":7},{"damage":58,"enemies":"Collector","floor":33,"turns":10},{"damage":3,"enemies":"3 Shapes","floor":35,"turns":6},{"damage":0,"enemies":"3 Darklings","floor":36,"turns":4},{"damage":3,"enemies":"Spire Growth","floor":39,"turns":4},{"damage":3,"enemies":"Nemesis","floor":40,"turns":9},{"damage":0,"enemies":"Mind Bloom Boss Battle","floor":41,"turns":5},{"damage":2,"enemies":"Reptomancer","floor":42,"turns":5},{"damage":6,"enemies":"Jaw Worm Horde","floor":45,"turns":3},{"damage":0,"enemies":"3 Darklings","floor":46,"turns":3},{"damage":1,"enemies":"Maw","floor":47,"turns":6},{"damage":5,"enemies":"Giant Head","floor":48,"turns":9},{"damage":27,"enemies":"Donu and Deca","floor":50,"turns":12},{"damage":17,"enemies":"Awakened One","floor":51,"turns":16},{"damage":27,"enemies":"Shield and Spear","floor":55,"turns":9},{"damage":48,"enemies":"The Heart","floor":56,"turns":11}],"green_key_taken_log":40,"seed_played":"322305034951067509","neow_bonus_log":{"cardsObtained":[],"cardsUpgraded":[],"cardsRemoved":[],"cardsTransformed":[],"relicsObtained":[],"maxHpGained":0,"goldGained":0,"damageTaken":15,"goldLost":0,"maxHpLost":0},"potions_obtained":[{"floor":4,"key":"Block Potion"},{"floor":4,"key":"EssenceOfSteel"},{"floor":7,"key":"Swift Potion"},{"floor":11,"key":"Fire Potion"},{"floor":18,"key":"SteroidPotion"},{"floor":25,"key":"Regen Potion"},{"floor":30,"key":"LiquidBronze"},{"floor":31,"key":"SpeedPotion"},{"floor":35,"key":"DistilledChaos"},{"floor":40,"key":"SpeedPotion"},{"floor":46,"key":"Swift Potion"},{"floor":48,"key":"Poison Potion"},{"floor":55,"key":"Strength Potion"}],"is_trial":false,"path_per_floor":["M","?","M","?","M","R","E","R","T","R","M","E","M","?","R","B",null,"M","?","$","?","M","R","E","M","T","?","?","R","E","M","R","B",null,"M","M","?","?","M","E","?","E","T","R","M","M","M","E","R","B","B",null,"R","$","E","B",null],"character_chosen":"THE_SILENT","basemod:card_modifiers":[null,null,null,null,null,null,null,null,null,null,null,null,null,null,null,null,null,null,null,null,null,null,null,null,null,null,null,null,null,null,null,null,null],"items_purchased":["Adrenaline+1","Finesse+1","Caltrops","Malaise+1","Regen Potion","SkillPotion"],"campfire_rested":4,"item_purchase_floors":[20,20,54,54,54,54],"current_hp_per_floor":[40,45,43,43,43,43,42,42,42,63,63,57,49,49,49,5,55,54,54,54,54,54,54,54,52,52,52,52,71,65,65,65,7,55,52,52,42,42,39,36,36,34,34,70,65,67,68,65,65,40,25,60,71,71,59,13],"gold":51,"neow_bonus":"RANDOM_COLORLESS_2","is_prod":false,"is_daily":false,"rewards_skipped":[{"floor":13,"relics":[],"potions":["SneckoOil"]},{"floor":41,"relics":["Dead Branch"],"potions":[]},{"floor":45,"relics":[],"potions":["AttackPotion"]},{"floor":55,"relics":["Bottled Tornado"],"potions":[]}],"chose_seed":false,"campfire_upgraded":5,"win_rate":0,"floor_exit_playtime":[75,79,116,121,145,150,290,297,299,305,338,393,425,436,445,565,584,654,672,691,712,765,771,867,967,973,979,984,994,1117,1207,1226,1396,1414,1517,1646,2011,2014,2093,2250,2362,2507,2511,2515,2679,2777,2913,3152,3158,3482,3867,3878,3887,3933,4207,4540],"timestamp":1678550379,"blue_key_relic_skipped_log":{"floor":26,"relicID":"Blue Candle"},"path_taken":["M","?","M","?","M","R","E","R","T","R","?","E","M","?","R","BOSS","M","?","?","?","M","R","E","M","T","?","?","R","E","M","R","BOSS","M","M","?","?","M","E","?","E","T","R","M","?","?","E","R","BOSS","BOSS","R","$","E","BOSS"],"build_version":"2022-12-18","purchased_purges":1,"victory":true,"max_hp_per_floor":[66,71,71,71,71,71,71,71,71,71,71,71,71,71,71,71,71,71,71,71,71,71,71,71,71,71,71,71,71,71,71,71,71,71,71,71,71,71,71,71,71,71,71,71,71,71,71,71,71,71,71,71,71,71,71,71],"relic_stats":{"Blood Vial":13,"Regal Pillow":15,"counters":[30,189],"Shuriken":[22],"Mummified Hand":[9],"Art of War":[20],"obtain_stats":[{"Potion Belt":24,"Blood Vial":42,"Anchor":7,"Regal Pillow":40,"Shuriken":43,"Mummified Hand":48,"Bag of Marbles":12,"Art of War":30,"Toxic Egg 2":9,"Empty Cage":34,"Ring of the Snake":0,"Runic Pyramid":17},{"Potion Belt":12,"Blood Vial":22,"Anchor":4,"Regal Pillow":20,"Shuriken":22,"Mummified Hand":26,"Bag of Marbles":6,"Art of War":14,"Toxic Egg 2":4,"Empty Cage":16,"Ring of the Snake":0,"Runic Pyramid":8},{"Potion Belt":56,"Blood Vial":120,"Anchor":21,"Regal Pillow":110,"Shuriken":120,"Mummified Hand":141,"Bag of Marbles":27,"Art of War":70,"Toxic Egg 2":21,"Empty Cage":87,"Ring of the Snake":0,"Runic Pyramid":42}],"Ring of the Snake":[60]},"card_choices":[{"not_picked":["Chrysalis","Magnetism"],"picked":"Apotheosis","floor":0},{"not_picked":["Catalyst","PiercingWail"],"picked":"Quick Slash","floor":1},{"not_picked":["Cloak And Dagger","Sucker Punch"],"picked":"Slice","floor":3},{"not_picked":["Deadly Poison","Prepared"],"picked":"Dagger Spray","floor":5},{"not_picked":["Dodge and Roll","Reflex","Flying Knee"],"picked":"SKIP","floor":7},{"not_picked":["Poisoned Stab","Accuracy"],"picked":"Venomology+1","floor":11},{"not_picked":["Blade Dance+1","Tactician+1","Caltrops"],"picked":"SKIP","floor":12},{"not_picked":["Tactician+1","Underhanded Strike"],"picked":"Dodge and Roll+1","floor":13},{"not_picked":["Tools of the Trade","Night Terror+1"],"picked":"Die Die Die","floor":16},{"not_picked":["Outmaneuver+1","Bane"],"picked":"PiercingWail+1","floor":18},{"not_picked":["Blade Dance+1","Cloak And Dagger+1"],"picked":"Backflip+1","floor":22},{"not_picked":["Bane","Sucker Punch","Glass Knife"],"picked":"SKIP","floor":24},{"not_picked":["Slice","Cloak And Dagger+1"],"picked":"Bouncing Flask+1","floor":25},{"not_picked":["Acrobatics+1","Well Laid Plans"],"picked":"Deadly Poison+1","floor":30},{"not_picked":["Poisoned Stab","Predator+1","Tools of the Trade"],"picked":"SKIP","floor":31},{"not_picked":["Storm of Steel+1","Glass Knife"],"picked":"Burst+1","floor":33},{"not_picked":["Bane+1","Masterful Stab"],"picked":"Tactician+1","floor":35},{"not_picked":["Accuracy","Crippling Poison+1","Outmaneuver+1"],"picked":"SKIP","floor":36},{"not_picked":["Trip+1","Metamorphosis+1"],"picked":"Master of Strategy+1","floor":37},{"not_picked":["Forethought+1","PanicButton+1"],"picked":"Dark Shackles+1","floor":37},{"not_picked":["Violence+1","Jack Of All Trades+1"],"picked":"Master of Strategy+1","floor":37},{"not_picked":["Flechettes","Expertise+1"],"picked":"Prepared+1","floor":39},{"not_picked":["Dagger Spray","Cloak And Dagger+1","Dodge and Roll+1"],"picked":"SKIP","floor":40},{"not_picked":["Quick Slash","Expertise+1","Dodge and Roll+1"],"picked":"SKIP","floor":41},{"not_picked":["Deadly Poison+1","Flying Knee","PiercingWail+1"],"picked":"SKIP","floor":42},{"not_picked":["Outmaneuver+1","Slice"],"picked":"Wraith Form v2","floor":45},{"not_picked":["Dagger Throw","Bane+1","Flying Knee"],"picked":"SKIP","floor":46},{"not_picked":["Dodge and Roll+1","Flechettes","Poisoned Stab+1"],"picked":"SKIP","floor":47},{"not_picked":["Sucker Punch+1","Dagger Throw","Quick Slash"],"picked":"SKIP","floor":48},{"not_picked":["Glass Knife","Flying Knee"],"picked":"Dodge and Roll+1","floor":55}],"player_experience":1545047,"relics_obtained":[{"floor":7,"key":"Anchor"},{"floor":9,"key":"Toxic Egg 2"},{"floor":12,"key":"Bag of Marbles"},{"floor":24,"key":"Potion Belt"},{"floor":30,"key":"Art of War"},{"floor":40,"key":"Regal Pillow"},{"floor":42,"key":"Blood Vial"},{"floor":43,"key":"Shuriken"},{"floor":48,"key":"Mummified Hand"}],"event_choices":[{"damage_healed":0,"gold_gain":0,"player_choice":"Donut","damage_taken":0,"max_hp_gain":5,"max_hp_loss":0,"event_name":"Big Fish","floor":2,"gold_loss":0},{"damage_healed":0,"gold_gain":0,"player_choice":"Bought 2 Potions","damage_taken":0,"max_hp_gain":0,"max_hp_loss":0,"event_name":"The Woman in Blue","floor":4,"gold_loss":0},{"cards_removed":["Strike_G"],"damage_healed":0,"gold_gain":0,"player_choice":"Card Removal","damage_taken":0,"max_hp_gain":0,"max_hp_loss":0,"event_name":"The Cleric","floor":14,"gold_loss":75},{"damage_healed":0,"gold_gain":0,"player_choice":"1 cards matched","damage_taken":0,"max_hp_gain":0,"max_hp_loss":0,"event_name":"Match and Keep!","floor":19,"gold_loss":0,"cards_obtained":["Prepared"]},{"damage_healed":0,"gold_gain":0,"player_choice":"Fought Bandits","damage_taken":0,"max_hp_gain":0,"max_hp_loss":0,"event_name":"Masked Bandits","floor":21,"gold_loss":0},{"damage_healed":0,"gold_gain":0,"player_choice":"Ignored","damage_taken":0,"max_hp_gain":0,"max_hp_loss":0,"event_name":"Cursed Tome","floor":27,"gold_loss":0},{"damage_healed":0,"gold_gain":50,"player_choice":"Stole From Cult","damage_taken":0,"max_hp_gain":0,"max_hp_loss":0,"event_name":"Nest","floor":28,"gold_loss":0},{"damage_healed":0,"gold_gain":0,"player_choice":"Memory 3","damage_taken":10,"max_hp_gain":0,"max_hp_loss":0,"event_name":"SensoryStone","floor":37,"gold_loss":0},{"damage_healed":0,"gold_gain":0,"player_choice":"Ignored","damage_taken":0,"max_hp_gain":0,"max_hp_loss":0,"event_name":"Tomb of Lord Red Mask","floor":38,"gold_loss":0},{"damage_healed":0,"gold_gain":0,"player_choice":"Fight","damage_taken":0,"max_hp_gain":0,"max_hp_loss":0,"event_name":"MindBloom","floor":41,"gold_loss":0}],"is_beta":false,"boss_relics":[{"not_picked":["Runic Dome","Philosopher\u0027s Stone"],"picked":"Runic Pyramid"},{"not_picked":["SlaversCollar","WristBlade"],"picked":"Empty Cage"}],"items_purged_floors":[54],"is_endless":false,"potions_floor_spawned":[7,11,13,18,25,30,31,35,40,45,46,48,55],"ascension_level":20,"potion_discard_per_floor":[[],[],[],[],[],[],[],[],[],[],[],[],[],[],[],[],[],["SmokeBomb"],[],[],[],[],[],[],[],[],[],[],[],[],["Regen Potion"],[],[],[],[],[],[],[],[],["SteroidPotion"],[],[],[],[],[],["SneckoOil"],[],[],[],[],[],[],[],["BlessingOfTheForge"],[],[],[]]}