{"neow_bonuses_skipped_log":["THREE_ENEMY_KILL","REMOVE_TWO","BOSS_RELIC"],"neow_costs_skipped_log":["NONE","NO_GOLD","NONE"],"potions_obtained_entropic_brew":[[],[],[],[],[],[],[],[],[],[],[],[],[],[],[],[]],"gold_per_floor":[112,125,143,143,27,27,27,47,47,47,81,46,71,96,96,96],"floor_reached":16,"playtime":530,"items_purged":["Strike_G"],"score":204,"play_id":"b7127143-4b5e-4461-a5b7-91c7918d55e3","local_time":"20230310160054","score_breakdown":["Floors Climbed (16): 80","Enemies Slain (6): 12","Exordium Elites Killed (1): 10","Bosses Slain (0): 0","Ascension (20): 102"],"is_ascension_mode":true,"potions_obtained_alchemize":[[],[],[],[],[],[],[],[],[],[],[],[],[],[],[],[]],"campfire_choices":[{"data":"Dagger Spray","floor":6,"key":"SMITH"},{"data":"Bouncing Flask","floor":10,"key":"SMITH"},{"floor":15,"key":"REST"}],"lesson_learned_per_floor":[[],[],[],[],[],[],[],[],[],[],[],[],[],[],[],[]],"neow_cost":"NONE","improvable_cards":{},"seed_source_timestamp":2036231974665000,"shop_contents":[{"floor":5,"relics":["Question Card","Mango","HandDrill"],"cards":["Slice","All Out Attack","Tactician","Well Laid Plans","Enlightenment","Transmutation"],"potions":["EntropicBrew","Block Potion","SpeedPotion"]}],"circlet_count":0,"master_deck":["AscendersBane","Strike_G","Strike_G","Strike_G","Strike_G","Defend_G","Defend_G","Defend_G","Defend_G","Survivor","Neutralize","Accuracy","Dagger Spray+1","Footwork","Bouncing Flask+1","Catalyst","Flechettes","Dagger Spray","Prepared"],"potion_use_per_floor":[[],[],[],[],[],[],[],[],[],[],["Strength Potion"],[],[],[],[],["FairyPotion"]],"relics":["Ring of the Snake","Golden Idol","Mummified Hand","Girya"],"potions_floor_usage":[11],"damage_taken":[{"damage":12,"enemies":"Jaw Worm","floor":1,"turns":7},{"damage":3,"enemies":"Cultist","floor":2,"turns":4},{"damage":3,"enemies":"Small Slimes","floor":3,"turns":4},{"damage":4,"enemies":"Gremlin Gang","floor":8,"turns":3},{"damage":26,"enemies":"3 Sentries","floor":11,"turns":7},{"damage":10,"enemies":"Exordium Thugs","floor":13,"turns":5},{"damage":9,"enemies":"Blue Slaver","floor":14,"turns":4},{"damage":60,"enemies":"Slime Boss","floor":16,"turns":8}],"seed_played":"1703689691967757523","neow_bonus_log":{"cardsObtained":[],"cardsUpgraded":[],"cardsRemoved":["Defend_G"],"cardsTransformed":[],"relicsObtained":[],"maxHpGained":0,"goldGained":0,"damageTaken":0,"goldLost":0,"maxHpLost":0},"potions_obtained":[{"floor":1,"key":"Strength Potion"},{"floor":3,"key":"FairyPotion"}],"is_trial":false,"path_per_floor":["M","M","M","?","$","R","?","M","T","R","E","?","M","M","R","B"],"character_chosen":"THE_SILENT","basemod:card_modifiers":[null,null,null,null,null,null,null,null,null,null,null,null,null,null,null,null,null,null,null],"items_purchased":["Bouncing Flask"],"campfire_rested":1,"item_purchase_floors":[5],"current_hp_per_floor":[47,44,41,41,41,41,41,37,37,37,11,26,16,7,25,0],"gold":96,"neow_bonus":"REMOVE_CARD","is_prod":false,"is_daily":false,"rewards_skipped":[{"floor":8,"relics":[],"potions":["Swift Potion"]}],"chose_seed":false,"campfire_upgraded":2,"win_rate":0,"floor_exit_playtime":[86,111,144,148,169,175,180,216,219,225,302,306,355,417,422],"timestamp":1678482054,"path_taken":["M","M","M","?","$","R","?","M","T","R","E","?","M","M","R","BOSS"],"build_version":"2022-12-18","purchased_purges":1,"victory":false,"max_hp_per_floor":[66,66,66,60,60,60,60,60,60,60,60,60,60,60,60,60],"relic_stats":{"Girya":0,"counters":[8,42],"Golden Idol":21,"Mummified Hand":[9],"obtain_stats":[{"Girya":11,"Golden Idol":4,"Mummified Hand":9,"Ring of the Snake":0},{"Girya":5,"Golden Idol":3,"Mummified Hand":4,"Ring of the Snake":0},{"Girya":25,"Golden Idol":15,"Mummified Hand":18,"Ring of the Snake":0}],"Ring of the Snake":[16]},"card_choices":[{"not_picked":["Concentrate","Escape Plan"],"picked":"Accuracy","floor":1},{"not_picked":["Dodge and Roll","Reflex"],"picked":"Dagger Spray","floor":2},{"not_picked":["Tactician","Endless Agony"],"picked":"Footwork","floor":3},{"not_picked":["Blur","Bane"],"picked":"Catalyst","floor":8},{"not_picked":["Deadly Poison","Underhanded Strike"],"picked":"Flechettes","floor":11},{"not_picked":["PiercingWail","Masterful Stab"],"picked":"Dagger Spray","floor":13},{"not_picked":["PiercingWail","Deflect"],"picked":"Prepared","floor":14}],"player_experience":1530881,"relics_obtained":[{"floor":9,"key":"Mummified Hand"},{"floor":11,"key":"Girya"}],"event_choices":[{"damage_healed":0,"gold_gain":0,"player_choice":"Lose Max HP","damage_taken":0,"relics_obtained":["Golden Idol"],"max_hp_gain":0,"max_hp_loss":6,"event_name":"Golden Idol","floor":4,"gold_loss":0},{"damage_healed":0,"gold_gain":0,"player_choice":"Ignored","damage_taken":0,"max_hp_gain":0,"max_hp_loss":0,"event_name":"Liars Game","floor":7,"gold_loss":0},{"damage_healed":15,"gold_gain":0,"player_choice":"Healed","damage_taken":0,"max_hp_gain":0,"max_hp_loss":0,"event_name":"The Cleric","floor":12,"gold_loss":35}],"is_beta":false,"boss_relics":[],"items_purged_floors":[5],"is_endless":false,"potions_floor_spawned":[1,3,8],"killed_by":"Slime Boss","ascension_level":20,"potion_discard_per_floor":[[],[],[],[],[],[],[],[],[],[],[],[],[],[],[],[]]}