{"neow_bonuses_skipped_log":["THREE_CARDS","THREE_SMALL_POTIONS","BOSS_RELIC"],"neow_costs_skipped_log":["NONE","NONE","NONE"],"potions_obtained_entropic_brew":[[],[],[],[],[],[],[],[],[],[],[],[],[],[],[],[],[],[],[],[],[],[],[],[],[]],"gold_per_floor":[15,33,45,45,65,65,96,111,160,175,193,193,210,223,223,301,301,312,291,66,76,76,76,86,86],"floor_reached":25,"playtime":1146,"items_purged":[],"score":422,"play_id":"134f60b3-e2cb-45cc-a5ce-46e7bb8c85cd","local_time":"20230310171854","score_breakdown":["Floors Climbed (25): 125","Enemies Slain (13): 26","Exordium Elites Killed (1): 10","City Elites Killed (0): 0","Bosses Slain (1): 50","Ascension (20): 211"],"is_ascension_mode":true,"potions_obtained_alchemize":[[],[],[],[],[],[],[],[],[],[],[],[],[],[],[],[],[],[],[],[],[],[],[],[],[]],"campfire_choices":[{"data":"Skewer","floor":6,"key":"SMITH"},{"floor":12,"key":"REST"},{"data":"Noxious Fumes","floor":15,"key":"SMITH"},{"floor":23,"key":"REST"}],"lesson_learned_per_floor":[[],[],[],[],[],[],[],[],[],[],[],[],[],[],[],[],[],[],[],[],[],[],[],[],[]],"neow_cost":"NO_GOLD","improvable_cards":{},"seed_source_timestamp":2040295343915200,"shop_contents":[{"floor":20,"relics":["Kunai","Meat on the Bone","PrismaticShard"],"cards":["Masterful Stab","Sucker Punch","Accuracy","Dark Shackles","Magnetism"],"potions":["DuplicationPotion","Strength Potion","DuplicationPotion"]}],"circlet_count":0,"master_deck":["AscendersBane","Strike_G","Strike_G","Strike_G","Defend_G","Defend_G","Defend_G","Defend_G","Survivor","Neutralize","Deflect","Skewer+1","Endless Agony","Sucker Punch","Deflect","Slice","Noxious Fumes+1","Adrenaline","Backflip","Well Laid Plans","Malaise","Calculated Gamble","Burst","Calculated Gamble","Dagger Throw+1"],"potion_use_per_floor":[[],[],[],[],[],[],[],[],[],["Weak Potion"],[],[],[],["DistilledChaos"],[],["BlessingOfTheForge","SteroidPotion"],[],["Explosive Potion"],[],[],["SkillPotion"],[],[],[],["SpeedPotion"]],"relics":["Ring of the Snake","TungstenRod","PreservedInsect","HoveringKite"],"potions_floor_usage":[10,14,16,16,18,21,25],"damage_taken":[{"damage":1,"enemies":"Small Slimes","floor":1,"turns":4},{"damage":3,"enemies":"Cultist","floor":2,"turns":4},{"damage":0,"enemies":"2 Louse","floor":3,"turns":2},{"damage":0,"enemies":"Red Slaver","floor":5,"turns":5},{"damage":33,"enemies":"Lagavulin","floor":7,"turns":9},{"damage":15,"enemies":"Exordium Thugs","floor":8,"turns":4},{"damage":2,"enemies":"Exordium Wildlife","floor":10,"turns":4},{"damage":2,"enemies":"Looter","floor":11,"turns":3},{"damage":0,"enemies":"Blue Slaver","floor":13,"turns":3},{"damage":4,"enemies":"Gremlin Gang","floor":14,"turns":5},{"damage":9,"enemies":"Slime Boss","floor":16,"turns":7},{"damage":0,"enemies":"3 Byrds","floor":18,"turns":5},{"damage":11,"enemies":"2 Thieves","floor":19,"turns":5},{"damage":22,"enemies":"Sentry and Sphere","floor":21,"turns":6},{"damage":13,"enemies":"Centurion and Healer","floor":24,"turns":8},{"damage":30,"enemies":"Slavers","floor":25,"turns":3}],"seed_played":"-162028927044382307","neow_bonus_log":{"cardsObtained":["Deflect","Skewer"],"cardsUpgraded":[],"cardsRemoved":[],"cardsTransformed":["Strike_G","Defend_G"],"relicsObtained":[],"maxHpGained":0,"goldGained":0,"damageTaken":0,"goldLost":99,"maxHpLost":0},"potions_obtained":[{"floor":2,"key":"Weak Potion"},{"floor":8,"key":"SteroidPotion"},{"floor":10,"key":"DistilledChaos"},{"floor":14,"key":"BlessingOfTheForge"},{"floor":16,"key":"Explosive Potion"},{"floor":19,"key":"SkillPotion"},{"floor":24,"key":"SpeedPotion"}],"is_trial":false,"path_per_floor":["M","M","M","?","M","R","E","M","T","M","M","R","M","M","R","B",null,"M","M","$","M","?","R","M","E"],"character_chosen":"THE_SILENT","basemod:card_modifiers":[null,null,null,null,null,null,null,null,null,null,null,null,null,null,null,null,null,null,null,null,null,null,null,null,null],"items_purchased":["Burst","Calculated Gamble"],"campfire_rested":2,"item_purchase_floors":[20,20],"current_hp_per_floor":[58,55,55,55,55,55,22,7,7,5,3,22,22,18,18,9,52,52,41,41,19,19,38,25,0],"gold":86,"neow_bonus":"TRANSFORM_TWO_CARDS","is_prod":false,"is_daily":false,"rewards_skipped":[{"floor":11,"relics":[],"potions":["Poison Potion"]}],"chose_seed":false,"campfire_upgraded":2,"win_rate":0,"floor_exit_playtime":[64,91,113,121,160,167,234,291,296,350,391,395,424,515,521,624,639,743,809,822,926,935,939,1068],"timestamp":1678486734,"path_taken":["M","M","M","?","M","R","E","M","T","M","?","R","?","M","R","BOSS","M","M","$","?","?","R","M","E"],"build_version":"2022-12-18","purchased_purges":0,"victory":false,"max_hp_per_floor":[66,66,66,66,66,66,66,66,66,66,66,66,66,66,66,66,66,66,66,66,66,66,66,66,66],"relic_stats":{"counters":[16,77],"HoveringKite":[10],"PreservedInsect":41,"obtain_stats":[{"HoveringKite":17,"PreservedInsect":9,"TungstenRod":7,"Ring of the Snake":0},{"HoveringKite":11,"PreservedInsect":6,"TungstenRod":5,"Ring of the Snake":0},{"HoveringKite":50,"PreservedInsect":28,"TungstenRod":24,"Ring of the Snake":0}],"TungstenRod":23,"Ring of the Snake":[35]},"card_choices":[{"not_picked":["PiercingWail","Riddle With Holes","Deadly Poison"],"picked":"SKIP","floor":1},{"not_picked":["PiercingWail","Deflect"],"picked":"Endless Agony","floor":2},{"not_picked":["Deflect","Cloak And Dagger"],"picked":"Sucker Punch","floor":3},{"not_picked":["Dodge and Roll","Backflip"],"picked":"Slice","floor":5},{"not_picked":["Setup","Sucker Punch"],"picked":"Noxious Fumes","floor":7},{"not_picked":["Distraction","Choke"],"picked":"Adrenaline","floor":8},{"not_picked":["PiercingWail","Concentrate","Bane"],"picked":"SKIP","floor":10},{"not_picked":["Slice","Cloak And Dagger"],"picked":"Backflip","floor":11},{"not_picked":["Flying Knee","Cloak And Dagger","Tactician"],"picked":"SKIP","floor":13},{"not_picked":["Flying Knee","Bane"],"picked":"Well Laid Plans","floor":14},{"not_picked":["A Thousand Cuts","After Image"],"picked":"Malaise","floor":16},{"not_picked":["Tactician","Deflect","Leg Sweep"],"picked":"SKIP","floor":18},{"not_picked":["Eviscerate","Quick Slash"],"picked":"Calculated Gamble","floor":19},{"not_picked":["Riddle With Holes","Sucker Punch"],"picked":"Dagger Throw+1","floor":21},{"not_picked":["Catalyst","Dash","Endless Agony"],"picked":"SKIP","floor":24}],"player_experience":1534663,"relics_obtained":[{"floor":7,"key":"TungstenRod"},{"floor":9,"key":"PreservedInsect"}],"event_choices":[{"damage_healed":0,"gold_gain":0,"cards_transformed":["Strike_G"],"player_choice":"Transformed","damage_taken":0,"max_hp_gain":0,"max_hp_loss":0,"event_name":"Transmorgrifier","floor":4,"gold_loss":0,"cards_obtained":["Deflect"]},{"damage_healed":0,"gold_gain":0,"player_choice":"Ignored","damage_taken":0,"max_hp_gain":0,"max_hp_loss":0,"event_name":"Vampires","floor":22,"gold_loss":0}],"is_beta":false,"boss_relics":[{"not_picked":["Black Star","Busted Crown"],"picked":"HoveringKite"}],"items_purged_floors":[],"is_endless":false,"potions_floor_spawned":[2,8,10,11,14,16,19,24],"killed_by":"Slavers","ascension_level":20,"potion_discard_per_floor":[[],[],[],[],[],[],[],[],[],[],[],[],[],[],[],[],[],[],[],[],[],[],[],[],[]]}