{"potions_obtained_entropic_brew":[[],[],[],[],[],[],[],[],[],[],[],[],[],[],[],[],[],[],[],[],[],[],[],[],[],[],[],[],[],[],[],[],[],[],[],[],[],[],[],[],[],[],[],[],[],[],[],[],[],[],[],[],[],[],[],["Fire Potion","FearPotion"]],"gold_per_floor":[114,127,52,52,65,65,65,100,154,185,208,239,251,298,310,393,405,435,201,218,268,193,193,210,239,239,266,266,99,99,124,124,203,203,223,223,274,274,274,274,288,305,305,331,331,342,371,390,390,390,390,390,390,11,39,39],"floor_reached":56,"playtime":2717,"items_purged":["Dagger Throw"],"score":2432,"play_id":"19c73748-f960-44e5-98cd-066712ba9c1e","local_time":"20230311201058","daily_mods":["SealedDeck","Diverse"],"falling_options_log":["Pommel Strike+1","Indignation+1"],"score_breakdown":["Floors Climbed (56): 280","Enemies Slain (13): 26","Exordium Elites Killed (3): 30","City Elites Killed (1): 20","Beyond Elites Killed (2): 60","Bosses Slain (4): 500","Champion (6): 150","Perfect (2): 100","Overkill: 25","C-c-c-combo: 25","Ascension (20): 1216"],"is_ascension_mode":true,"potions_obtained_alchemize":[[],[],[],[],[],[],[],[],[],[],[],[],[],[],[],[],[],[],[],[],[],[],[],[],[],[],[],[],[],[],[],[],[],[],[],[],[],[],[],[],[],[],[],[],[],[],[],[],[],[],[],[],[],[],[],[]],"campfire_choices":[{"data":"Calculated Gamble","floor":6,"key":"SMITH"},{"data":"Double Energy","floor":13,"key":"SMITH"},{"data":"Acrobatics","floor":15,"key":"SMITH"},{"data":"Vault","floor":23,"key":"SMITH"},{"data":"1","floor":32,"key":"LIFT"},{"data":"2","floor":40,"key":"LIFT"},{"floor":49,"key":"RECALL"},{"data":"3","floor":53,"key":"LIFT"}],"lesson_learned_per_floor":[[],[],[],[],[],[],[],[],[],[],[],[],[],[],[],[],[],[],[],["Pommel Strike"],[],[],[],["WheelKick"],[],[],["Indignation"],[],[],[],[],[],["Turbo"],[],["Underhanded Strike"],[],["Self Repair"],[],[],[],["FlurryOfBlows"],["LessonLearned"],[],["EmptyBody"],[],[],[],[],[],[],[],[],[],[],["PiercingWail"],[]],"neow_cost":"","improvable_cards":{},"seed_source_timestamp":0,"shop_contents":[{"floor":19,"relics":["Oddly Smooth Stone","Sling"],"cards":["CarveReality","Slice","Redo","Dual Wield","Self Repair","Jack Of All Trades","Panache"],"potions":["Ancient Potion","SteroidPotion","Explosive Potion"]},{"floor":29,"relics":["Vajra","Gremlin Horn"],"cards":["Reckless Charge","Feed","Leap","EmptyBody","Nirvana","Deep Breath","Chrysalis"],"potions":["Ancient Potion","LiquidBronze","Ancient Potion"]},{"floor":45,"relics":["CeramicFish","Tingsha","Cauldron"],"cards":["BowlingBash","Compile Driver","ForeignInfluence","Leap","Self Repair","Enlightenment","HandOfGreed"],"potions":["Regen Potion","LiquidMemories","CunningPotion"]},{"floor":54,"relics":["Thread and Needle","ClockworkSouvenir"],"cards":["Clothesline","Grand Finale","EmptyBody","Halt","Hello World","Madness","Chrysalis"],"potions":["Strength Potion","GhostInAJar"]}],"circlet_count":0,"master_deck":["AscendersBane","Turbo+1","Pommel Strike+1","FlurryOfBlows+1","EmptyBody+1","Indignation+1","Underhanded Strike+1","Calculated Gamble+1","WheelKick+1","Double Energy+1","Acrobatics+1","Vault+1","LessonLearned+1","Skim+1","Backflip+1","Reflex+1","PiercingWail+1","Dash+1"],"potion_use_per_floor":[[],[],[],[],[],[],[],[],[],["AttackPotion"],[],[],[],[],[],[],[],[],[],[],[],[],[],[],["Fire Potion"],[],[],[],[],[],[],[],["EssenceOfSteel"],[],[],[],[],[],[],[],[],[],[],[],[],[],[],[],[],[],["Regen Potion"],[],[],[],[],["Strength Potion","EntropicBrew","FearPotion","Fire Potion"]],"relics":["Ring of the Snake","Juzu Bracelet","Akabeko","MawBank","Shuriken","Coffee Dripper","Orichalcum","MealTicket","Girya","Red Mask","Medical Kit","Art of War","SlaversCollar","StoneCalendar","Pantograph","Bag of Marbles","Tough Bandages","Bottled Lightning"],"potions_floor_usage":[10,25,33,51,56,56,56,56],"damage_taken":[{"damage":0,"enemies":"Jaw Worm","floor":1,"turns":1},{"damage":0,"enemies":"2 Louse","floor":2,"turns":1},{"damage":0,"enemies":"Cultist","floor":5,"turns":1},{"damage":0,"enemies":"Lagavulin","floor":8,"turns":3},{"damage":16,"enemies":"3 Sentries","floor":10,"turns":5},{"damage":0,"enemies":"Red Slaver","floor":11,"turns":1},{"damage":0,"enemies":"Exordium Thugs","floor":12,"turns":1},{"damage":0,"enemies":"Lagavulin","floor":14,"turns":1},{"damage":0,"enemies":"Hexaghost","floor":16,"turns":3},{"damage":0,"enemies":"Shell Parasite","floor":18,"turns":1},{"damage":0,"enemies":"Spheric Guardian","floor":20,"turns":1},{"damage":0,"enemies":"Centurion and Healer","floor":24,"turns":2},{"damage":0,"enemies":"Gremlin Leader","floor":25,"turns":2},{"damage":0,"enemies":"Masked Bandits","floor":27,"turns":1},{"damage":10,"enemies":"Collector","floor":33,"turns":3},{"damage":0,"enemies":"3 Darklings","floor":35,"turns":1},{"damage":0,"enemies":"2 Orb Walkers","floor":37,"turns":2},{"damage":0,"enemies":"Orb Walker","floor":41,"turns":1},{"damage":0,"enemies":"Jaw Worm Horde","floor":42,"turns":2},{"damage":0,"enemies":"Nemesis","floor":44,"turns":1},{"damage":0,"enemies":"4 Shapes","floor":46,"turns":1},{"damage":0,"enemies":"Giant Head","floor":47,"turns":1},{"damage":0,"enemies":"Maw","floor":48,"turns":1},{"damage":47,"enemies":"Time Eater","floor":50,"turns":3},{"damage":0,"enemies":"Donu and Deca","floor":51,"turns":1},{"damage":0,"enemies":"Shield and Spear","floor":55,"turns":2},{"damage":72,"enemies":"The Heart","floor":56,"turns":2}],"green_key_taken_log":25,"seed_played":"654129490169109721","potions_obtained":[{"floor":2,"key":"EntropicBrew"},{"floor":8,"key":"AttackPotion"},{"floor":11,"key":"DistilledChaos"},{"floor":12,"key":"Fire Potion"},{"floor":27,"key":"EssenceOfSteel"},{"floor":37,"key":"Regen Potion"}],"is_trial":true,"path_per_floor":["M","M","?","?","M","R","?","E","T","E","M","M","R","E","R","B",null,"M","$","M","?","?","R","M","E","T","?","?","$","?","T","R","B",null,"M","?","?","?","?","R","M","M","T","E","$","M","E","M","R","B","B",null,"R","$","E","B"],"character_chosen":"THE_SILENT","basemod:card_modifiers":[null,null,null,null,null,null,null,null,null,null,null,null,null,null,null,null,null,null],"items_purchased":["Orichalcum","Medical Kit","Tough Bandages","Strength Potion"],"campfire_rested":0,"item_purchase_floors":[19,29,54,54],"current_hp_per_floor":[59,59,59,64,64,64,64,64,64,48,48,48,48,48,48,48,65,65,65,71,64,64,64,71,71,71,71,71,71,71,71,71,68,70,70,67,67,67,57,57,57,57,57,57,67,67,67,67,67,20,45,62,62,67,67,0],"gold":39,"neow_bonus":"","is_prod":false,"is_daily":false,"rewards_skipped":[{"floor":24,"relics":[],"potions":["Regen Potion"]},{"floor":41,"relics":[],"potions":["AttackPotion"]},{"floor":47,"relics":[],"potions":["Fire Potion"]},{"floor":48,"relics":[],"potions":["Block Potion"]}],"chose_seed":false,"campfire_upgraded":4,"win_rate":0,"floor_exit_playtime":[183,224,286,290,318,333,357,409,418,530,564,614,625,678,698,773,792,854,902,926,938,963,978,1077,1148,1164,1246,1336,1353,1357,1361,1367,1688,1721,1773,1780,1850,1856,1884,1895,1920,1979,1983,2028,2060,2104,2147,2206,2209,2376,2481,2492,2499,2516,2612],"timestamp":1678583458,"blue_key_relic_skipped_log":{"floor":43,"relicID":"Singing Bowl"},"path_taken":["M","M","?","?","M","R","?","E","T","E","M","M","R","E","R","BOSS","M","$","M","?","?","R","M","E","T","?","?","$","?","?","R","BOSS","M","?","?","?","?","R","M","M","T","E","$","M","E","M","R","BOSS","BOSS","R","$","E","BOSS"],"build_version":"2022-12-18","purchased_purges":1,"victory":false,"max_hp_per_floor":[66,66,66,71,71,71,71,71,71,71,71,71,71,71,71,71,71,71,71,71,71,71,71,71,71,71,71,71,71,71,71,71,71,71,71,67,67,67,67,67,67,67,67,67,67,67,67,67,67,67,67,67,67,67,67,67],"relic_stats":{"Girya":3,"counters":[27,45],"StoneCalendar":[0],"Juzu Bracelet":2,"Orichalcum":[42],"MawBank":108,"Medical Kit":[14],"Tough Bandages":[63],"Shuriken":[41],"Pantograph":25,"MealTicket":15,"Art of War":[0],"Bottled Lightning":"Skim","obtain_stats":[{"Girya":26,"StoneCalendar":37,"Juzu Bracelet":8,"Orichalcum":19,"MawBank":10,"Medical Kit":29,"Akabeko":9,"SlaversCollar":34,"Tough Bandages":54,"Shuriken":14,"Pantograph":44,"MealTicket":25,"Coffee Dripper":17,"Red Mask":27,"Art of War":31,"Bag of Marbles":47,"Bottled Lightning":55,"Ring of the Snake":0},{"Girya":13,"StoneCalendar":17,"Juzu Bracelet":4,"Orichalcum":10,"MawBank":5,"Medical Kit":14,"Akabeko":4,"SlaversCollar":15,"Tough Bandages":25,"Shuriken":8,"Pantograph":20,"MealTicket":13,"Coffee Dripper":9,"Red Mask":14,"Art of War":14,"Bag of Marbles":22,"Bottled Lightning":26,"Ring of the Snake":0},{"Girya":23,"StoneCalendar":30,"Juzu Bracelet":6,"Orichalcum":18,"MawBank":11,"Medical Kit":24,"Akabeko":6,"SlaversCollar":27,"Tough Bandages":41,"Shuriken":14,"Pantograph":34,"MealTicket":23,"Coffee Dripper":17,"Red Mask":24,"Art of War":24,"Bag of Marbles":36,"Bottled Lightning":43,"Ring of the Snake":0}],"Ring of the Snake":[54]},"card_choices":[{"not_picked":["Escape Plan","Metallicize","Blade Dance"],"picked":"SKIP","floor":1},{"not_picked":["Uppercut","Rip and Tear"],"picked":"WheelKick","floor":2},{"not_picked":["Skewer","Sword Boomerang","Conserve Battery"],"picked":"SKIP","floor":5},{"not_picked":["WreathOfFlame","Clash","Accuracy"],"picked":"SKIP","floor":8},{"not_picked":["Sucker Punch","Consecrate"],"picked":"Acrobatics","floor":10},{"not_picked":["Double Energy","Darkness","Flex"],"picked":"SKIP","floor":11},{"not_picked":["Noxious Fumes","Doom and Gloom","Ball Lightning"],"picked":"SKIP","floor":12},{"not_picked":["MentalFortress","Rip and Tear"],"picked":"Vault","floor":14},{"not_picked":["MasterReality","Double Tap"],"picked":"LessonLearned","floor":16},{"not_picked":["Go for the Eyes","Self Repair","FollowUp"],"picked":"SKIP","floor":18},{"not_picked":["Go for the Eyes","FollowUp"],"picked":"Self Repair","floor":18},{"not_picked":["Second Wind","PiercingWail"],"picked":"Skim+1","floor":20},{"not_picked":["Sweeping Beam","Fasting2","True Grit"],"picked":"SKIP","floor":24},{"not_picked":["Disarm","Steam","ReachHeaven"],"picked":"SKIP","floor":25},{"not_picked":["Acrobatics","JustLucky","Thunderclap"],"picked":"SKIP","floor":27},{"not_picked":["Amplify","Electrodynamics","Brilliance"],"picked":"SKIP","floor":33},{"not_picked":["BowlingBash","Combust","Iron Wave+1"],"picked":"SKIP","floor":35},{"not_picked":["Pommel Strike+1","WindmillStrike"],"picked":"Backflip+1","floor":37},{"not_picked":["Deep Breath","Forethought","Blind"],"picked":"SKIP","floor":39},{"not_picked":["Secret Technique","Blind","Deep Breath"],"picked":"SKIP","floor":39},{"not_picked":["Trip","Enlightenment","Transmutation"],"picked":"SKIP","floor":39},{"not_picked":["Turbo","PiercingWail","Sword Boomerang"],"picked":"SKIP","floor":41},{"not_picked":["Flex","Masterful Stab"],"picked":"Reflex+1","floor":42},{"not_picked":["Darkness+1","EmptyBody","Swivel"],"picked":"SKIP","floor":44},{"not_picked":["Feed","Consecrate","Heatsinks+1"],"picked":"SKIP","floor":46},{"not_picked":["Barrage","ThirdEye"],"picked":"PiercingWail","floor":47},{"not_picked":["Dark Embrace+1","Conserve Battery"],"picked":"Dash+1","floor":48},{"not_picked":["Perfected Strike","Study","Dropkick"],"picked":"SKIP","floor":55}],"player_experience":1557455,"relics_obtained":[{"floor":8,"key":"Juzu Bracelet"},{"floor":9,"key":"Akabeko"},{"floor":10,"key":"MawBank"},{"floor":14,"key":"Shuriken"},{"floor":25,"key":"MealTicket"},{"floor":26,"key":"Girya"},{"floor":27,"key":"Red Mask"},{"floor":31,"key":"Art of War"},{"floor":37,"key":"StoneCalendar"},{"floor":44,"key":"Pantograph"},{"floor":47,"key":"Bag of Marbles"},{"floor":55,"key":"Bottled Lightning"}],"event_choices":[{"cards_removed":["Pommel Strike"],"damage_healed":0,"gold_gain":0,"player_choice":"Card Removal","damage_taken":0,"max_hp_gain":0,"max_hp_loss":0,"event_name":"The Cleric","floor":3,"gold_loss":75},{"damage_healed":0,"gold_gain":0,"player_choice":"Donut","damage_taken":0,"max_hp_gain":5,"max_hp_loss":0,"event_name":"Big Fish","floor":4,"gold_loss":0},{"damage_healed":0,"gold_gain":0,"player_choice":"1 cards matched","damage_taken":0,"max_hp_gain":0,"max_hp_loss":0,"event_name":"Match and Keep!","floor":7,"gold_loss":0,"cards_obtained":["Double Energy"]},{"damage_healed":0,"gold_gain":50,"player_choice":"Touch","damage_taken":7,"max_hp_gain":0,"max_hp_loss":0,"event_name":"FaceTrader","floor":21,"gold_loss":0},{"cards_removed":["EmptyFist"],"damage_healed":0,"gold_gain":0,"player_choice":"Gave Gold","damage_taken":0,"max_hp_gain":0,"max_hp_loss":0,"event_name":"Beggar","floor":22,"gold_loss":75},{"damage_healed":0,"gold_gain":0,"player_choice":"Fought Bandits","damage_taken":0,"max_hp_gain":0,"max_hp_loss":0,"event_name":"Masked Bandits","floor":27,"gold_loss":0},{"damage_healed":0,"gold_gain":0,"player_choice":"Simplicity","damage_taken":0,"max_hp_gain":0,"max_hp_loss":0,"event_name":"Back to Basics","floor":28,"gold_loss":0,"cards_upgraded":[]},{"damage_healed":0,"gold_gain":0,"player_choice":"Ignored","damage_taken":0,"max_hp_gain":0,"max_hp_loss":0,"event_name":"Ghosts","floor":30,"gold_loss":0},{"damage_healed":0,"gold_gain":0,"player_choice":"Max HP","damage_taken":0,"max_hp_gain":0,"max_hp_loss":4,"event_name":"Winding Halls","floor":36,"gold_loss":0},{"damage_healed":0,"gold_gain":0,"player_choice":"Fight","damage_taken":0,"max_hp_gain":0,"max_hp_loss":0,"event_name":"Mysterious Sphere","floor":37,"gold_loss":0},{"cards_removed":["Self Repair"],"damage_healed":0,"gold_gain":0,"player_choice":"Removed Power","damage_taken":0,"max_hp_gain":0,"max_hp_loss":0,"event_name":"Falling","floor":38,"gold_loss":0},{"damage_healed":0,"gold_gain":0,"player_choice":"Memory 3","damage_taken":10,"max_hp_gain":0,"max_hp_loss":0,"event_name":"SensoryStone","floor":39,"gold_loss":0}],"is_beta":false,"boss_relics":[{"not_picked":["Black Star","SacredBark"],"picked":"Coffee Dripper"},{"not_picked":["Velvet Choker","Ring of the Serpent"],"picked":"SlaversCollar"}],"items_purged_floors":[19],"is_endless":false,"potions_floor_spawned":[2,8,11,12,24,27,37,41,47,48],"killed_by":"The Heart","ascension_level":20,"potion_discard_per_floor":[[],[],[],[],[],[],[],[],[],[],[],["DistilledChaos"],[],[],[],[],[],[],[],[],[],[],[],[],[],[],[],[],[],[],[],[],[],[],[],[],[],[],[],[],[],[],[],[],[],[],[],[],[],[],[],[],[],[],[],[]]}