{"neow_bonuses_skipped_log":["TEN_PERCENT_HP_BONUS","TWENTY_PERCENT_HP_BONUS","BOSS_RELIC"],"potions_obtained_entropic_brew":[[],[],[],[],[],[],[],[],[],[],[],[],[],[],[],[],[],[],[],[],[],[],[],[],[],[],[],[],[],[],[],[],[],[],[],[],[],[],[],[],[],[],[],[],[],[],[],[],[],[],[],[],[],[],[],[]],"neow_costs_skipped_log":["NONE","CURSE","NONE"],"gold_per_floor":[117,117,42,56,73,73,98,110,146,171,108,108,125,145,145,216,216,233,14,14,14,26,59,109,125,125,157,157,176,201,227,227,303,303,323,323,223,238,263,298,310,310,334,334,556,588,603,638,638,638,638,638,638,55,81,81],"floor_reached":56,"playtime":3779,"items_purged":["Strike_G","Choke","Strike_G+1"],"score":2086,"play_id":"b4ca0ae7-a188-4717-9df0-822744047145","local_time":"20230313125306","falling_options_log":["Venomology","Noxious Fumes+1"],"score_breakdown":["Floors Climbed (56): 280","Enemies Slain (14): 28","Exordium Elites Killed (1): 10","City Elites Killed (3): 60","Beyond Elites Killed (3): 90","Bosses Slain (4): 500","Money Money (1034): 25","Collector (1): 25","Champion (1): 25","C-c-c-combo: 25","Ascension (20): 1018"],"is_ascension_mode":true,"potions_obtained_alchemize":[[],[],[],[],[],[],[],[],[],[],[],[],[],["AttackPotion"],[],["SteroidPotion"],[],[],[],[],[],[],["Fire Potion"],[],["FearPotion"],[],[],[],["Explosive Potion"],[],["Poison Potion"],[],["SkillPotion"],[],["CultistPotion"],[],[],[],["Swift Potion"],["Regen Potion"],[],[],[],[],[],["AttackPotion"],["DuplicationPotion"],["Fire Potion"],[],["Fire Potion"],["LiquidBronze"],[],[],[],["AttackPotion"],[]],"campfire_choices":[{"data":"Blade Dance","floor":6.0,"key":"SMITH"},{"floor":8.0,"key":"REST"},{"data":"Deadly Poison","floor":15.0,"key":"SMITH"},{"floor":28,"key":"REST"},{"floor":32,"key":"REST"},{"data":"Prepared","floor":44,"key":"SMITH"},{"floor":49,"key":"RECALL"},{"floor":53,"key":"REST"}],"lesson_learned_per_floor":[[],[],[],[],[],[],[],[],[],[],[],[],[],[],[],[],[],[],[],[],[],[],[],[],[],[],[],[],[],[],[],[],[],[],[],[],[],[],[],[],[],[],[],[],[],[],[],[],[],[],[],[],[],[],[],[]],"neow_cost":"NONE","improvable_cards":{},"seed_source_timestamp":2277297680028400,"shop_contents":[{"floor":11,"relics":["Omamori","Nunchaku","ClockworkSouvenir"],"cards":["Flechettes","Underhanded Strike","Tactician","Acrobatics","Infinite Blades","Discovery","HandOfGreed"],"potions":["DistilledChaos","Ancient Potion","Weak Potion"]},{"floor":19,"relics":["Potion Belt","Mummified Hand"],"cards":["Masterful Stab","Endless Agony","Prepared","Deadly Poison","Well Laid Plans","Purity","Chrysalis"],"potions":["GamblersBrew","EssenceOfSteel"]},{"floor":37,"relics":["Singing Bowl","Du-Vu Doll","Strange Spoon"],"cards":["Dagger Spray","Predator","Outmaneuver","Concentrate","Infinite Blades","Blind","Metamorphosis"],"potions":["Fire Potion","Regen Potion","CultistPotion"]},{"floor":54,"relics":["Ornamental Fan"],"cards":["Bane","Sucker Punch","PiercingWail","Noxious Fumes","Blind","Sadistic Nature"],"potions":["Explosive Potion","AttackPotion"]}],"circlet_count":0,"master_deck":["AscendersBane","Defend_G+1","Defend_G+1","Defend_G+1","Defend_G+1","Defend_G+1","Survivor","Neutralize","Poisoned Stab","Blade Dance+1","Poisoned Stab","Deadly Poison+1","Venomology","Caltrops","All Out Attack","After Image","CurseOfTheBell","Leg Sweep","Acrobatics+1","Escape Plan","Backstab","Noxious Fumes+1","Concentrate+1","Noxious Fumes+1","Night Terror","Prepared+1","Finesse","Purity","Backflip","Blade Dance","Blade Dance+1","Prepared+1","Blade Dance+1","Catalyst"],"special_seed":0,"potion_use_per_floor":[[],[],[],[],[],[],["Explosive Potion"],[],[],[],[],[],[],["Energy Potion","Fire Potion"],[],["AttackPotion"],[],["SteroidPotion"],[],[],[],[],["Energy Potion"],[],["Fire Potion"],[],["GhostInAJar"],[],["LiquidBronze","FearPotion"],["Fruit Juice","Explosive Potion"],["BlessingOfTheForge","Poison Potion"],[],["PowerPotion","SkillPotion"],[],["BlessingOfTheForge"],[],[],[],["Explosive Potion","Swift Potion"],["SkillPotion","Regen Potion"],["GamblersBrew"],[],[],[],[],["SteroidPotion"],["AttackPotion"],["DuplicationPotion"],[],["CultistPotion","Fire Potion"],[],[],[],[],["Dexterity Potion","AttackPotion"],["LiquidBronze"]],"relics":["Ring of the Snake","MawBank","Bag of Marbles","Calling Bell","Pen Nib","Pantograph","Tingsha","Orrery","Toy Ornithopter","White Beast Statue","Mercury Hourglass","Red Mask","Bronze Scales","HoveringKite","Dead Branch","Tough Bandages","Happy Flower","Bottled Tornado","OrangePellets","Centennial Puzzle","Gremlin Horn"],"potions_floor_usage":[23,25,27,29,29,30,30,31,31,33,33,35,39,39,40,40,41,46,47,48,50,50,55,55,56],"damage_taken":[{"damage":0.0,"enemies":"Jaw Worm","floor":1.0,"turns":4.0},{"damage":5.0,"enemies":"Small Slimes","floor":4.0,"turns":5.0},{"damage":4.0,"enemies":"Cultist","floor":5.0,"turns":4.0},{"damage":26.0,"enemies":"Lagavulin","floor":7.0,"turns":8.0},{"damage":0.0,"enemies":"Exordium Thugs","floor":10.0,"turns":2.0},{"damage":5.0,"enemies":"3 Louse","floor":13.0,"turns":4.0},{"damage":0.0,"enemies":"Exordium Wildlife","floor":14.0,"turns":2.0},{"damage":16.0,"enemies":"The Guardian","floor":16.0,"turns":9.0},{"damage":0.0,"enemies":"Shell Parasite","floor":18.0,"turns":1.0},{"damage":4.0,"enemies":"Spheric Guardian","floor":22.0,"turns":5.0},{"damage":21,"enemies":"Slavers","floor":23,"turns":5},{"damage":0,"enemies":"Centurion and Healer","floor":25,"turns":6},{"damage":15,"enemies":"Gremlin Leader","floor":27,"turns":6},{"damage":9,"enemies":"Sentry and Sphere","floor":29,"turns":7},{"damage":0,"enemies":"Masked Bandits","floor":30,"turns":2},{"damage":41,"enemies":"Book of Stabbing","floor":31,"turns":6},{"damage":63,"enemies":"Champ","floor":33,"turns":12},{"damage":8,"enemies":"3 Darklings","floor":35,"turns":5},{"damage":0,"enemies":"3 Shapes","floor":38,"turns":6},{"damage":0,"enemies":"Mind Bloom Boss Battle","floor":39,"turns":8},{"damage":38,"enemies":"Reptomancer","floor":40,"turns":6},{"damage":0,"enemies":"Jaw Worm Horde","floor":41,"turns":2},{"damage":0,"enemies":"Giant Head","floor":46,"turns":6},{"damage":4,"enemies":"Writhing Mass","floor":47,"turns":6},{"damage":5,"enemies":"Nemesis","floor":48,"turns":7},{"damage":70,"enemies":"Awakened One","floor":50,"turns":11},{"damage":7,"enemies":"Time Eater","floor":51,"turns":11},{"damage":13,"enemies":"Shield and Spear","floor":55,"turns":4},{"damage":93,"enemies":"The Heart","floor":56,"turns":5}],"green_key_taken_log":40,"seed_played":"1645385438547966504","neow_bonus_log":{"cardsObtained":[],"cardsUpgraded":[],"cardsRemoved":[],"cardsTransformed":[],"relicsObtained":[],"maxHpGained":0,"goldGained":0,"damageTaken":0,"goldLost":0,"maxHpLost":0},"potions_obtained":[{"floor":5.0,"key":"Explosive Potion"},{"floor":7.0,"key":"Block Potion"},{"floor":10.0,"key":"FairyPotion"},{"floor":12.0,"key":"Energy Potion"},{"floor":13.0,"key":"Fire Potion"},{"floor":22.0,"key":"GhostInAJar"},{"floor":27,"key":"LiquidBronze"},{"floor":29,"key":"Fruit Juice"},{"floor":30,"key":"BlessingOfTheForge"},{"floor":31,"key":"PowerPotion"},{"floor":33,"key":"BlessingOfTheForge"},{"floor":35,"key":"ColorlessPotion"},{"floor":38,"key":"Explosive Potion"},{"floor":39,"key":"SkillPotion"},{"floor":40,"key":"GamblersBrew"},{"floor":41,"key":"SteroidPotion"}],"is_trial":false,"path_per_floor":["M","?","?","M","M","R","E","R","T","M","$","?","M","M","R","B",null,"M","$","?","?","M","E","?","M","T","E","R","M","?","E","R","B",null,"M","?","$","M","?","E","M","?","T","R","?","E","M","E","R","B","B",null,"R","$","E","B"],"character_chosen":"THE_SILENT","basemod:card_modifiers":[null,null,null,null,null,null,null,null,null,null,null,null,null,null,null,null,null,null,null,null,null,null,null,null,null,null,null,null,null,null,null,null,null,null],"items_purchased":["Orrery","Energy Potion","OrangePellets","Catalyst","Centennial Puzzle","Dexterity Potion"],"campfire_rested":4,"item_purchase_floors":[19,19,54,54,54,54],"current_hp_per_floor":[59,52,52,47,43,43,17,36,36,36,36,36,31,31,31,15,53,53,53,53,53,49,28,28,33,33,23,42,43,58,27,48,13,57,54,44,44,44,71,45,50,50,50,50,50,55,56,56,56,6,24,59,71,71,58,0],"gold":81,"neow_bonus":"THREE_CARDS","is_prod":false,"is_daily":false,"rewards_skipped":[{"floor":12,"relics":[],"potions":["Weak Potion"]},{"floor":23,"relics":[],"potions":["Poison Potion"]},{"floor":46,"relics":[],"potions":["LiquidBronze"]},{"floor":47,"relics":[],"potions":["PowerPotion"]},{"floor":48,"relics":[],"potions":["AttackPotion"]},{"floor":55,"relics":[],"potions":["SneckoOil"]}],"chose_seed":false,"campfire_upgraded":3,"win_rate":0,"floor_exit_playtime":[47,61,70,118,156,183,282,285,288,339,362,369,442,505,518,608,633,664,703,709,716,781,908,911,996,1001,1122,1136,1254,1299,1387,1390,1585,1594,1699,1745,1767,1835,1969,2141,2241,2246,2257,2265,2267,2497,2692,2832,2835,3119,3441,3452,3462,3482,3612],"timestamp":1678726386,"blue_key_relic_skipped_log":{"floor":43,"relicID":"Orichalcum"},"path_taken":["M","?","?","M","M","R","E","R","T","M","$","?","?","M","R","BOSS","M","$","?","?","?","E","?","M","T","E","R","M","?","E","R","BOSS","M","?","$","M","?","E","M","?","T","R","?","E","M","E","R","BOSS","BOSS","R","$","E","BOSS"],"build_version":"2022-12-18","purchased_purges":3,"victory":false,"max_hp_per_floor":[66,66,66,66,66,66,66,66,66,66,66,66,66,66,66,66,66,66,66,66,66,66,66,66,66,66,66,66,66,71,71,71,71,71,71,71,71,71,71,71,71,71,71,71,71,71,71,71,71,71,71,71,71,71,71,71],"relic_stats":{"Happy Flower":[14],"Gremlin Horn":[0,0],"counters":[29,164],"Dead Branch":[220],"HoveringKite":[45],"Tingsha":[386],"Pen Nib":[33],"Bottled Tornado":"Noxious Fumes","MawBank":48,"White Beast Statue":[0.0,0.0,0.0,0.4,0.0,0.6000000000000001,0.0,0.0,0.0,0.0,0.0,6.147726080000002],"Mercury Hourglass":[301],"OrangePellets":[4],"Tough Bandages":[330],"Centennial Puzzle":[6],"Pantograph":101,"Bronze Scales":[282],"obtain_stats":[{"Happy Flower":46,"Gremlin Horn":55,"Dead Branch":39,"HoveringKite":34,"Tingsha":17,"Pen Nib":17,"Bottled Tornado":48,"MawBank":7,"White Beast Statue":26,"Mercury Hourglass":27,"Calling Bell":17,"OrangePellets":54,"Tough Bandages":40,"Centennial Puzzle":54,"Pantograph":17,"Bronze Scales":31,"Orrery":19,"Bag of Marbles":9,"Red Mask":30,"Toy Ornithopter":23,"Ring of the Snake":0},{"Happy Flower":23,"Gremlin Horn":28,"Dead Branch":20,"HoveringKite":17,"Tingsha":8,"Pen Nib":8,"Bottled Tornado":25,"MawBank":4,"White Beast Statue":12,"Mercury Hourglass":13,"Calling Bell":8,"OrangePellets":27,"Tough Bandages":21,"Centennial Puzzle":27,"Pantograph":8,"Bronze Scales":16,"Orrery":9,"Bag of Marbles":4,"Red Mask":15,"Toy Ornithopter":11,"Ring of the Snake":0},{"Happy Flower":120,"Gremlin Horn":159,"Dead Branch":106,"HoveringKite":88,"Tingsha":38,"Pen Nib":38,"Bottled Tornado":133,"MawBank":21,"White Beast Statue":55,"Mercury Hourglass":61,"Calling Bell":38,"OrangePellets":155,"Tough Bandages":112,"Centennial Puzzle":155,"Pantograph":38,"Bronze Scales":76,"Orrery":39,"Bag of Marbles":21,"Red Mask":70,"Toy Ornithopter":49,"Ring of the Snake":0}],"Toy Ornithopter":87,"Ring of the Snake":[58]},"card_choices":[{"not_picked":["Deflect","Blur"],"picked":"Poisoned Stab","floor":0.0},{"not_picked":["Underhanded Strike","Skewer"],"picked":"Blade Dance","floor":1.0},{"not_picked":["Quick Slash","Dagger Spray"],"picked":"Poisoned Stab","floor":4.0},{"not_picked":["Underhanded Strike","Infinite Blades"],"picked":"Choke","floor":5.0},{"not_picked":["Calculated Gamble","Deflect"],"picked":"Deadly Poison","floor":7.0},{"not_picked":["Dagger Spray","Cloak And Dagger"],"picked":"Venomology","floor":10.0},{"not_picked":["Prepared","Cloak And Dagger"],"picked":"Caltrops","floor":13.0},{"not_picked":["Underhanded Strike","Predator"],"picked":"All Out Attack","floor":14.0},{"not_picked":["Malaise","Doppelganger"],"picked":"After Image","floor":16.0},{"not_picked":["Outmaneuver","Caltrops"],"picked":"Leg Sweep","floor":18.0},{"not_picked":["Dodge and Roll","Quick Slash"],"picked":"Acrobatics+1","floor":19.0},{"not_picked":["Dagger Throw","Infinite Blades"],"picked":"Escape Plan","floor":19.0},{"not_picked":["Distraction+1","Flying Knee"],"picked":"Backstab","floor":19.0},{"not_picked":["Blade Dance","Flechettes"],"picked":"Noxious Fumes+1","floor":19.0},{"not_picked":["Dodge and Roll","Outmaneuver","Masterful Stab"],"picked":"SKIP","floor":19.0},{"not_picked":["Eviscerate+1","Masterful Stab+1","Flying Knee"],"picked":"SKIP","floor":22.0},{"not_picked":["Riddle With Holes","Predator"],"picked":"Concentrate+1","floor":23},{"not_picked":["Dagger Throw","Dagger Spray","Backflip"],"picked":"SKIP","floor":25},{"not_picked":["Phantasmal Killer","Terror","Blade Dance+1"],"picked":"SKIP","floor":27},{"not_picked":["Eviscerate","Expertise","Dodge and Roll"],"picked":"SKIP","floor":29},{"not_picked":["Endless Agony","Concentrate+1"],"picked":"Noxious Fumes+1","floor":30},{"not_picked":["Backstab","Bouncing Flask","All Out Attack+1"],"picked":"SKIP","floor":31},{"not_picked":["Bullet Time","Glass Knife"],"picked":"Night Terror","floor":33},{"not_picked":["Dodge and Roll","Distraction"],"picked":"Prepared","floor":35},{"not_picked":["Good Instincts","Purity"],"picked":"Finesse","floor":36},{"not_picked":["Mind Blast","Impatience"],"picked":"Purity","floor":36},{"not_picked":["Purity","Apotheosis","Impatience"],"picked":"SKIP","floor":36},{"not_picked":["Flechettes","Deflect"],"picked":"Backflip","floor":38},{"not_picked":["Dagger Throw+1","Dodge and Roll"],"picked":"Blade Dance","floor":39},{"not_picked":["Deflect+1","Glass Knife"],"picked":"Blade Dance+1","floor":40},{"not_picked":["Flying Knee","Reflex"],"picked":"Prepared+1","floor":41},{"not_picked":["Dagger Throw+1","Backstab"],"picked":"Blade Dance+1","floor":46},{"not_picked":["Bouncing Flask+1","Slice","Prepared"],"picked":"SKIP","floor":47},{"not_picked":["Prepared","Deflect","Skewer"],"picked":"SKIP","floor":48},{"not_picked":["Underhanded Strike+1","Eviscerate","Blade Dance"],"picked":"SKIP","floor":55}],"player_experience":1564476,"relics_obtained":[{"floor":7.0,"key":"MawBank"},{"floor":9.0,"key":"Bag of Marbles"},{"floor":17.0,"key":"Pen Nib"},{"floor":17.0,"key":"Pantograph"},{"floor":17.0,"key":"Tingsha"},{"floor":23,"key":"Toy Ornithopter"},{"floor":26,"key":"White Beast Statue"},{"floor":27,"key":"Mercury Hourglass"},{"floor":30,"key":"Red Mask"},{"floor":31,"key":"Bronze Scales"},{"floor":39,"key":"Dead Branch"},{"floor":40,"key":"Tough Bandages"},{"floor":46,"key":"Happy Flower"},{"floor":48,"key":"Bottled Tornado"},{"floor":55,"key":"Gremlin Horn"}],"event_choices":[{"cards_removed":["Strike_G"],"damage_healed":0.0,"max_hp_gain":0.0,"max_hp_loss":0.0,"gold_gain":0.0,"event_name":"Golden Wing","player_choice":"Card Removal","floor":2.0,"gold_loss":0.0,"damage_taken":7.0},{"cards_removed":["Strike_G"],"damage_healed":0.0,"max_hp_gain":0.0,"max_hp_loss":0.0,"gold_gain":0.0,"event_name":"The Cleric","player_choice":"Card Removal","floor":3.0,"gold_loss":75.0,"damage_taken":0.0},{"damage_healed":0.0,"max_hp_gain":0.0,"max_hp_loss":0.0,"gold_gain":0.0,"event_name":"Lab","player_choice":"Got Potions","floor":12.0,"gold_loss":0.0,"damage_taken":0.0},{"damage_healed":0.0,"max_hp_gain":0.0,"max_hp_loss":0.0,"gold_gain":0.0,"event_name":"Back to Basics","player_choice":"Simplicity","floor":20.0,"gold_loss":0.0,"damage_taken":0.0,"cards_upgraded":["Strike_G","Strike_G","Defend_G","Defend_G","Defend_G","Defend_G","Defend_G"]},{"damage_healed":0,"gold_gain":50,"player_choice":"Stole From Cult","damage_taken":0,"max_hp_gain":0,"max_hp_loss":0,"event_name":"Nest","floor":24,"gold_loss":0},{"damage_healed":0,"gold_gain":0,"player_choice":"Fought Bandits","damage_taken":0,"max_hp_gain":0,"max_hp_loss":0,"event_name":"Masked Bandits","floor":30,"gold_loss":0},{"damage_healed":0,"gold_gain":0,"player_choice":"Memory 3","damage_taken":10,"max_hp_gain":0,"max_hp_loss":0,"event_name":"SensoryStone","floor":36,"gold_loss":0},{"damage_healed":0,"gold_gain":0,"player_choice":"Fight","damage_taken":0,"max_hp_gain":0,"max_hp_loss":0,"event_name":"MindBloom","floor":39,"gold_loss":0},{"cards_removed":["Strike_G"],"damage_healed":0,"gold_gain":0,"player_choice":"Removed Attack","damage_taken":0,"max_hp_gain":0,"max_hp_loss":0,"event_name":"Falling","floor":42,"gold_loss":0},{"damage_healed":0,"gold_gain":222,"player_choice":"Wore Mask","damage_taken":0,"max_hp_gain":0,"max_hp_loss":0,"event_name":"Tomb of Lord Red Mask","floor":45,"gold_loss":0}],"is_beta":false,"boss_relics":[{"not_picked":["Ring of the Serpent","Sozu"],"picked":"Calling Bell"},{"not_picked":["Fusion Hammer","Philosopher\u0027s Stone"],"picked":"HoveringKite"}],"items_purged_floors":[11,37,54],"is_endless":false,"potions_floor_spawned":[5,7,10,13,22,23,27,29,30,31,33,35,38,39,40,41,46,47,48,55],"killed_by":"The Heart","ascension_level":20,"potion_discard_per_floor":[[],[],[],[],[],[],[],[],[],[],[],["Block Potion"],["FairyPotion"],[],[],[],[],[],[],[],[],[],[],[],[],[],[],[],[],[],[],[],[],[],[],[],[],["ColorlessPotion"],[],[],[],[],[],[],[],[],[],[],[],[],[],[],[],["Fire Potion"],[],[]]}