{"neow_bonuses_skipped_log":["THREE_CARDS","THREE_RARE_CARDS","BOSS_RELIC"],"neow_costs_skipped_log":["NONE","CURSE","NONE"],"potions_obtained_entropic_brew":[[],[],[],[],[],[],[],[],[],[],[],[],[],[],[],[],[],[],[],[],[],[],[],[],[],[],[],[],[],[],[],[],[]],"gold_per_floor":[110,110,129,129,149,149,177,177,177,207,207,42,42,68,68,142,142,162,172,200,35,53,53,53,73,73,73,73,73,100,112,112,112],"floor_reached":33,"playtime":1470,"items_purged":["Strike_G"],"score":562,"play_id":"8ecca0aa-ad12-4fbb-a60e-42522fab83b8","local_time":"20230310155154","score_breakdown":["Floors Climbed (33): 165","Enemies Slain (8): 16","Exordium Elites Killed (3): 30","City Elites Killed (1): 20","Bosses Slain (1): 50","Ascension (20): 281"],"is_ascension_mode":true,"potions_obtained_alchemize":[[],[],[],[],[],[],[],[],[],[],[],[],[],[],[],[],[],[],[],[],[],[],[],[],[],[],[],[],[],[],[],[],[]],"campfire_choices":[{"data":"A Thousand Cuts","floor":6.0,"key":"SMITH"},{"floor":8.0,"key":"REST"},{"floor":11.0,"key":"REST"},{"data":"Blade Dance","floor":13,"key":"SMITH"},{"data":"1","floor":15,"key":"LIFT"},{"floor":24,"key":"REST"},{"data":"2","floor":27,"key":"LIFT"},{"floor":32,"key":"REST"}],"lesson_learned_per_floor":[[],[],[],[],[],[],[],[],[],[],[],[],[],[],[],[],[],[],[],[],[],[],[],[],[],[],[],[],[],[],[],[],[]],"neow_cost":"NONE","improvable_cards":{},"seed_source_timestamp":2034736707847400,"shop_contents":[{"floor":12,"relics":["Tingsha","Question Card","Medical Kit"],"cards":["Dagger Spray","Slice","Deflect","Outmaneuver","Panacea","Mayhem"],"potions":["FearPotion","Energy Potion","AttackPotion"]},{"floor":21,"relics":["Mummified Hand","Bottled Flame"],"cards":["Finisher","Eviscerate","Cloak And Dagger","Reflex","Caltrops","Dark Shackles","Secret Weapon"],"potions":["FearPotion","AttackPotion","DistilledChaos"]},{"floor":29,"relics":["Ornamental Fan","Pantograph","Toolbox"],"cards":["Predator","Choke","Distraction","Dodge and Roll","Wraith Form v2","Madness","Mayhem"],"potions":["LiquidMemories","BlessingOfTheForge","DuplicationPotion"]}],"circlet_count":0,"master_deck":["AscendersBane","Strike_G","Strike_G","Strike_G","Strike_G","Defend_G","Defend_G","Defend_G","Defend_G","Survivor","Neutralize","Dagger Spray","Quick Slash","A Thousand Cuts+1","Dagger Throw","Skewer","Blade Dance+1","Accuracy","Backflip","After Image","Prepared+1","Tactician+1"],"special_seed":0,"potion_use_per_floor":[[],[],[],[],[],[],["PowerPotion"],[],[],["SkillPotion"],[],[],[],[],[],[],[],[],[],[],[],[],[],[],["EssenceOfSteel"],[],[],[],[],["Weak Potion"],[],[],[]],"relics":["Ring of the Snake","Juzu Bracelet","HornCleat","Pen Nib","MealTicket","Girya","HoveringKite","Red Mask","OrangePellets","Orichalcum","Unceasing Top"],"potions_floor_usage":[25,30],"damage_taken":[{"damage":3.0,"enemies":"Cultist","floor":1.0,"turns":6.0},{"damage":0.0,"enemies":"2 Louse","floor":3.0,"turns":4.0},{"damage":16.0,"enemies":"Jaw Worm","floor":5.0,"turns":4.0},{"damage":32.0,"enemies":"Gremlin Nob","floor":7.0,"turns":4.0},{"damage":12.0,"enemies":"3 Sentries","floor":10.0,"turns":6.0},{"damage":22,"enemies":"Lagavulin","floor":14,"turns":6},{"damage":18,"enemies":"Slime Boss","floor":16,"turns":8},{"damage":0,"enemies":"Spheric Guardian","floor":18,"turns":3},{"damage":22,"enemies":"2 Thieves","floor":19,"turns":3},{"damage":8,"enemies":"Masked Bandits","floor":20,"turns":4},{"damage":0,"enemies":"Centurion and Healer","floor":22,"turns":5},{"damage":7,"enemies":"Shelled Parasite and Fungi","floor":25,"turns":4},{"damage":16,"enemies":"Gremlin Leader","floor":30,"turns":5},{"damage":5,"enemies":"Cultist and Chosen","floor":31,"turns":5},{"damage":51,"enemies":"Champ","floor":33,"turns":10}],"seed_played":"1713867174613177572","neow_bonus_log":{"cardsObtained":[],"cardsUpgraded":[],"cardsRemoved":[],"cardsTransformed":[],"relicsObtained":["Juzu Bracelet"],"maxHpGained":0,"goldGained":0,"damageTaken":0,"goldLost":0,"maxHpLost":0},"potions_obtained":[{"floor":3.0,"key":"PowerPotion"},{"floor":5.0,"key":"LiquidBronze"},{"floor":7.0,"key":"SkillPotion"},{"floor":22,"key":"EssenceOfSteel"},{"floor":25,"key":"Weak Potion"}],"is_trial":false,"path_per_floor":["M","?","M","?","M","R","E","R","T","E","R","$","R","E","R","B",null,"M","M","?","$","M","?","R","M","T","R","?","$","E","M","R","B"],"character_chosen":"THE_SILENT","basemod:card_modifiers":[null,null,null,null,null,null,null,null,null,null,null,null,null,null,null,null,null,null,null,null,null,null],"items_purchased":["Accuracy","OrangePellets"],"campfire_rested":4,"item_purchase_floors":[12,21],"current_hp_per_floor":[56,56,56,56,40,40,8,27,27,15,34,49,49,27,27,9,52,52,30,22,37,37,19,40,33,33,33,33,48,32,27,48,0],"gold":112,"neow_bonus":"RANDOM_COMMON_RELIC","is_prod":false,"is_daily":false,"rewards_skipped":[],"chose_seed":false,"campfire_upgraded":2,"win_rate":0,"floor_exit_playtime":[286,305,352,363,416,427,487,493,495,564,570,579,585,647,653,768,791,832,897,963,974,1060,1065,1069,1167,1169,1183,1186,1193,1280,1339,1345],"timestamp":1678481514,"path_taken":["M","?","M","?","M","R","E","R","T","E","R","$","R","E","R","BOSS","M","M","?","$","M","?","R","M","T","R","?","?","E","M","R","BOSS"],"build_version":"2022-12-18","purchased_purges":1,"victory":false,"max_hp_per_floor":[66,66,66,66,66,66,66,66,66,66,66,66,66,66,66,66,66,66,66,66,66,66,71,71,71,71,71,71,71,71,71,71,71],"relic_stats":{"Girya":2,"OrangePellets":[5],"counters":[15,77],"HoveringKite":[17],"MealTicket":45,"Pen Nib":[16],"Juzu Bracelet":1,"Orichalcum":[6],"obtain_stats":[{"Girya":14,"OrangePellets":21,"HornCleat":7,"HoveringKite":17,"MealTicket":10,"Pen Nib":9,"Juzu Bracelet":0,"Red Mask":20,"Orichalcum":26,"Unceasing Top":30,"Ring of the Snake":0},{"Girya":6,"OrangePellets":10,"HornCleat":4,"HoveringKite":7,"MealTicket":5,"Pen Nib":4,"Juzu Bracelet":0,"Red Mask":10,"Orichalcum":12,"Unceasing Top":13,"Ring of the Snake":0},{"Girya":30,"OrangePellets":48,"HornCleat":18,"HoveringKite":38,"MealTicket":24,"Pen Nib":18,"Juzu Bracelet":0,"Red Mask":48,"Orichalcum":57,"Unceasing Top":62,"Ring of the Snake":0}],"Unceasing Top":[0],"Ring of the Snake":[30]},"card_choices":[{"not_picked":["Outmaneuver","Choke"],"picked":"Dagger Spray","floor":1.0},{"not_picked":["Deflect","Crippling Poison"],"picked":"Quick Slash","floor":3.0},{"not_picked":["Dodge and Roll","All Out Attack"],"picked":"Dagger Throw","floor":5.0},{"not_picked":["Prepared","Tools of the Trade"],"picked":"Skewer","floor":7.0},{"not_picked":["Deflect","Well Laid Plans"],"picked":"Blade Dance","floor":10.0},{"not_picked":["Quick Slash","Underhanded Strike"],"picked":"Backflip","floor":14},{"not_picked":["Phantasmal Killer","Tools of the Trade"],"picked":"After Image","floor":16},{"not_picked":["Dagger Throw","Poisoned Stab","Deflect"],"picked":"SKIP","floor":18},{"not_picked":["Backstab","Predator","Flechettes"],"picked":"SKIP","floor":19},{"not_picked":["Skewer","Bane"],"picked":"Prepared+1","floor":20},{"not_picked":["Deadly Poison","Deflect","Quick Slash"],"picked":"SKIP","floor":22},{"not_picked":["Blur","Heel Hook","Outmaneuver"],"picked":"SKIP","floor":25},{"not_picked":["Slice","Backflip","Dagger Throw"],"picked":"SKIP","floor":30},{"not_picked":["Deadly Poison+1","Choke"],"picked":"Tactician+1","floor":31}],"player_experience":1529411,"relics_obtained":[{"floor":7.0,"key":"HornCleat"},{"floor":9.0,"key":"Pen Nib"},{"floor":10.0,"key":"MealTicket"},{"floor":14,"key":"Girya"},{"floor":20,"key":"Red Mask"},{"floor":26,"key":"Orichalcum"},{"floor":30,"key":"Unceasing Top"}],"event_choices":[{"damage_healed":0.0,"max_hp_gain":0.0,"max_hp_loss":0.0,"gold_gain":0.0,"event_name":"Liars Game","player_choice":"Ignored","floor":2.0,"gold_loss":0.0,"damage_taken":0.0},{"damage_healed":0.0,"max_hp_gain":0.0,"max_hp_loss":0.0,"gold_gain":0.0,"cards_transformed":["Defend_G"],"event_name":"Transmorgrifier","player_choice":"Transformed","floor":4.0,"gold_loss":0.0,"damage_taken":0.0,"cards_obtained":["A Thousand Cuts"]},{"damage_healed":0,"gold_gain":0,"player_choice":"Fought Bandits","damage_taken":0,"max_hp_gain":0,"max_hp_loss":0,"event_name":"Masked Bandits","floor":20,"gold_loss":0},{"damage_healed":0,"gold_gain":0,"player_choice":"Shed Blood","damage_taken":23,"max_hp_gain":5,"max_hp_loss":0,"event_name":"Forgotten Altar","floor":23,"gold_loss":0},{"damage_healed":0,"gold_gain":0,"player_choice":"Ignored","damage_taken":0,"max_hp_gain":0,"max_hp_loss":0,"event_name":"The Mausoleum","floor":28,"gold_loss":0}],"is_beta":false,"boss_relics":[{"not_picked":["Runic Pyramid","Sozu"],"picked":"HoveringKite"}],"items_purged_floors":[12],"is_endless":false,"potions_floor_spawned":[3,5,7,22,25],"killed_by":"Champ","ascension_level":20,"potion_discard_per_floor":[[],[],[],[],[],[],[],[],[],[],[],[],[],[],[],[],[],[],[],[],[],[],[],[],[],[],[],[],[],[],[],[],[]]}