{"neow_bonuses_skipped_log":["RANDOM_COLORLESS","TEN_PERCENT_HP_BONUS","TWO_FIFTY_GOLD"],"neow_costs_skipped_log":["NONE","NONE","CURSE"],"potions_obtained_entropic_brew":[[],[],[],[],[],[],[],[]],"gold_per_floor":[119,44,56,56,81,81,116,116],"floor_reached":8,"playtime":322,"items_purged":[],"score":112,"play_id":"d7a68fde-efdd-4139-b5ba-687c7b1fd3b4","local_time":"20230310160637","score_breakdown":["Floors Climbed (8): 40","Enemies Slain (3): 6","Exordium Elites Killed (1): 10","Bosses Slain (0): 0","Ascension (20): 56"],"is_ascension_mode":true,"potions_obtained_alchemize":[[],[],[],[],[],[],[],[]],"campfire_choices":[{"data":"Blade Dance","floor":6,"key":"SMITH"}],"lesson_learned_per_floor":[[],[],[],[],[],[],[],[]],"neow_cost":"NONE","improvable_cards":{},"seed_source_timestamp":2036768612190000,"shop_contents":[],"circlet_count":0,"master_deck":["AscendersBane","Strike_G","Strike_G","Strike_G","Strike_G","Defend_G","Defend_G","Defend_G","Defend_G","Defend_G","Survivor","Neutralize","Blade Dance+1","Finisher","Blade Dance"],"potion_use_per_floor":[[],[],[],[],[],[],["Poison Potion"],[]],"relics":["Black Star","Golden Idol","Snake Skull","Meat on the Bone"],"potions_floor_usage":[7],"damage_taken":[{"damage":0,"enemies":"2 Louse","floor":1,"turns":4},{"damage":8,"enemies":"Small Slimes","floor":3,"turns":6},{"damage":2,"enemies":"Jaw Worm","floor":5,"turns":4},{"damage":12,"enemies":"3 Sentries","floor":7,"turns":7},{"damage":37,"enemies":"Exordium Thugs","floor":8,"turns":5}],"seed_played":"6249246923227405417","neow_bonus_log":{"cardsObtained":[],"cardsUpgraded":[],"cardsRemoved":[],"cardsTransformed":[],"relicsObtained":["Black Star"],"maxHpGained":0,"goldGained":0,"damageTaken":0,"goldLost":0,"maxHpLost":0},"potions_obtained":[{"floor":5,"key":"Poison Potion"},{"floor":7,"key":"LiquidBronze"}],"is_trial":false,"path_per_floor":["M","?","M","?","M","R","E","M"],"character_chosen":"THE_SILENT","basemod:card_modifiers":[null,null,null,null,null,null,null,null,null,null,null,null,null,null,null],"items_purchased":[],"campfire_rested":0,"item_purchase_floors":[],"current_hp_per_floor":[59,59,51,51,49,49,37,0],"gold":116,"neow_bonus":"BOSS_RELIC","is_prod":false,"is_daily":false,"rewards_skipped":[],"chose_seed":false,"campfire_upgraded":1,"win_rate":0,"floor_exit_playtime":[48,56,100,103,135,141,263],"timestamp":1678482397,"path_taken":["M","?","M","?","M","R","E","M"],"build_version":"2022-12-18","purchased_purges":0,"victory":false,"max_hp_per_floor":[66,66,66,60,60,60,60,60],"relic_stats":{"counters":[5,26],"Golden Idol":12,"Snake Skull":[0],"Black Star":1,"obtain_stats":[{"Golden Idol":4,"Snake Skull":7,"Black Star":0,"Ring of the Snake":0,"Meat on the Bone":7},{"Golden Idol":2,"Snake Skull":4,"Black Star":0,"Ring of the Snake":0,"Meat on the Bone":4},{"Golden Idol":10,"Snake Skull":21,"Black Star":0,"Ring of the Snake":0,"Meat on the Bone":21}],"Meat on the Bone":0},"card_choices":[{"not_picked":["Bane","Tactician","Flechettes"],"picked":"SKIP","floor":1},{"not_picked":["Masterful Stab","Dagger Spray"],"picked":"Blade Dance","floor":3},{"not_picked":["Catalyst","Backflip"],"picked":"Finisher","floor":5},{"not_picked":["Reflex","Backflip"],"picked":"Blade Dance","floor":7}],"player_experience":1531411,"relics_obtained":[{"floor":7,"key":"Snake Skull"},{"floor":7,"key":"Meat on the Bone"}],"event_choices":[{"cards_removed":["Strike_G"],"damage_healed":0,"gold_gain":0,"player_choice":"Card Removal","damage_taken":0,"max_hp_gain":0,"max_hp_loss":0,"event_name":"The Cleric","floor":2,"gold_loss":75},{"damage_healed":0,"gold_gain":0,"player_choice":"Lose Max HP","damage_taken":0,"relics_obtained":["Golden Idol"],"max_hp_gain":0,"max_hp_loss":6,"event_name":"Golden Idol","floor":4,"gold_loss":0}],"is_beta":false,"boss_relics":[],"items_purged_floors":[],"is_endless":false,"potions_floor_spawned":[5,7],"killed_by":"Exordium Thugs","ascension_level":20,"potion_discard_per_floor":[[],[],[],[],[],[],[],[]]}