{"gold_per_floor":[113,130,0,0,20,20,45,45,69,87,33,61,21],"floor_reached":13,"playtime":437,"items_purged":["Regret"],"score":186,"play_id":"b855331e-53d7-4e64-b509-e0ed9e3b88f3","local_time":"20230309005516","is_ascension_mode":true,"campfire_choices":[{"data":"Quick Slash","floor":6,"key":"SMITH"}],"neow_cost":"CURSE","seed_source_timestamp":1895587031682500,"circlet_count":0,"master_deck":["AscendersBane","Strike_G","Strike_G","Strike_G+1","Strike_G","Strike_G","Defend_G","Defend_G","Defend_G","Defend_G","Defend_G","Survivor","Neutralize+1","Eviscerate","Deadly Poison","Quick Slash+1","Backflip","Terror","After Image","Adrenaline"],"relics":["Ring of the Snake","TungstenRod","Omamori","Whetstone","Boot","Sundial"],"potions_floor_usage":[7,12,12],"damage_taken":[{"damage":2,"enemies":"2 Louse","floor":1,"turns":4},{"damage":0,"enemies":"Cultist","floor":2,"turns":4},{"damage":0,"enemies":"Jaw Worm","floor":5,"turns":5},{"damage":35,"enemies":"Lagavulin","floor":7,"turns":9},{"damage":0,"enemies":"Blue Slaver","floor":10,"turns":5},{"damage":7,"enemies":"Gremlin Nob","floor":12,"turns":3},{"damage":14,"enemies":"Exordium Thugs","floor":13,"turns":2}],"seed_played":"2008789172131989577","potions_obtained":[{"floor":1,"key":"Block Potion"},{"floor":10,"key":"FearPotion"}],"is_trial":false,"path_per_floor":["M","M","$","?","M","R","E","?","T","M","$","E","M"],"character_chosen":"THE_SILENT","basemod:card_modifiers":[null,null,null,null,null,null,null,null,null,null,null,null,null,null,null,null,null,null,null,null],"items_purchased":["Quick Slash","SteroidPotion"],"campfire_rested":0,"item_purchase_floors":[3,11],"current_hp_per_floor":[57,57,57,53,53,53,18,18,18,18,18,11,0],"gold":21,"neow_bonus":"ONE_RARE_RELIC","is_prod":false,"is_daily":false,"chose_seed":false,"campfire_upgraded":1,"win_rate":0,"timestamp":1678341316,"path_taken":["M","M","$","?","M","R","E","?","T","M","$","E","M"],"build_version":"2022-12-18","purchased_purges":1,"victory":false,"max_hp_per_floor":[66,66,66,66,66,66,66,66,66,66,66,66,66],"relic_stats":{"counters":[7,32],"Sundial":[0],"Omamori":0,"Whetstone":["Strike_G","Neutralize"],"Boot":[3],"obtain_stats":[{"Sundial":12,"Omamori":4,"Whetstone":7,"Boot":9,"TungstenRod":0,"Ring of the Snake":0},{"Sundial":6,"Omamori":2,"Whetstone":4,"Boot":4,"TungstenRod":0,"Ring of the Snake":0},{"Sundial":30,"Omamori":8,"Whetstone":22,"Boot":22,"TungstenRod":0,"Ring of the Snake":0}],"TungstenRod":11,"Ring of the Snake":[14]},"card_choices":[{"not_picked":["Cloak And Dagger","Flechettes"],"picked":"Eviscerate","floor":1},{"not_picked":["Dodge and Roll","Poisoned Stab"],"picked":"Deadly Poison","floor":2},{"not_picked":["Flying Knee","Outmaneuver"],"picked":"Backflip","floor":5},{"not_picked":["Riddle With Holes","Slice"],"picked":"Terror","floor":7},{"not_picked":["Eviscerate","Quick Slash","Backflip"],"picked":"SKIP","floor":10},{"not_picked":["Eviscerate","Quick Slash","Backflip"],"picked":"SKIP","floor":10},{"not_picked":["Dodge and Roll","Sucker Punch"],"picked":"Adrenaline","floor":12}],"player_experience":1509823,"relics_obtained":[{"floor":7,"key":"Whetstone"},{"floor":9,"key":"Boot"},{"floor":12,"key":"Sundial"}],"event_choices":[{"damage_healed":0,"gold_gain":0,"player_choice":"Success","damage_taken":5,"relics_obtained":["Omamori"],"max_hp_gain":0,"max_hp_loss":0,"event_name":"Scrap Ooze","floor":4,"gold_loss":0},{"damage_healed":0,"gold_gain":0,"player_choice":"1 cards matched","damage_taken":0,"max_hp_gain":0,"max_hp_loss":0,"event_name":"Match and Keep!","floor":8,"gold_loss":0,"cards_obtained":["After Image"]}],"is_beta":false,"boss_relics":[],"items_purged_floors":[3],"is_endless":false,"potions_floor_spawned":[1,10],"killed_by":"Exordium Thugs","ascension_level":20}