{"neow_bonuses_skipped_log":["ONE_RANDOM_RARE_CARD","HUNDRED_GOLD","BOSS_RELIC"],"potions_obtained_entropic_brew":[[],[],[],[],[],[],[],[],[],[],[],[],[],[],[],[],[],[],[],[],[],[],[],[],[],[],[],[],[],[],[],[],[],[],[],[],[],[],[],[],[],[],[],[],[],[],[],[],[],[],["SneckoOil","Ancient Potion"],[],[],[],[],[],[]],"neow_costs_skipped_log":["NONE","NONE","NONE"],"gold_per_floor":[111,111,132,132,153,153,187,187,214,8,31,31,49,73,73,167,167,188,188,238,238,254,295,295,315,315,329,369,369,284,308,308,407,407,425,425,217,231,257,297,7,38,89,112,156,156,179,197,197,197,197,197,197,40,81,81],"floor_reached":57,"playtime":3125,"items_purged":["Strike_G","Skewer","Endless Agony"],"score":2879,"play_id":"5ee40361-8490-4d7a-8c0c-87513c0d2607","local_time":"20230316022516","score_breakdown":["Floors Climbed (57): 285","Enemies Slain (16): 32","Exordium Elites Killed (1): 10","City Elites Killed (2): 40","Beyond Elites Killed (2): 60","Bosses Slain (5): 750","Speedster: 25","Champion (2): 50","Perfect (1): 50","Overkill: 25","Ascension (20): 1302","Heartbreaker: 250"],"is_ascension_mode":true,"potions_obtained_alchemize":[[],[],[],[],[],[],[],[],[],[],[],[],[],[],[],[],[],[],[],[],[],[],[],[],[],[],[],[],[],[],[],[],[],[],[],[],[],[],[],[],[],[],[],[],[],[],[],[],[],[],[],[],[],[],[],[],[]],"campfire_choices":[{"data":"Glass Knife","floor":6.0,"key":"SMITH"},{"data":"Noxious Fumes","floor":8.0,"key":"SMITH"},{"data":"Well Laid Plans","floor":15.0,"key":"SMITH"},{"data":"Wraith Form v2","floor":24,"key":"SMITH"},{"data":"Catalyst","floor":29,"key":"SMITH"},{"data":"Catalyst","floor":32,"key":"SMITH"},{"data":"Malaise","floor":46,"key":"SMITH"},{"floor":49,"key":"RECALL"},{"data":"Secret Technique","floor":53,"key":"SMITH"}],"lesson_learned_per_floor":[[],[],[],[],[],[],[],[],[],[],[],[],[],[],[],[],[],[],[],[],[],[],[],[],[],[],[],[],[],[],[],[],[],[],[],[],[],[],[],[],[],[],[],[],[],[],[],[],[],[],[],[],[],[],[],[],[]],"neow_cost":"TEN_PERCENT_HP_LOSS","improvable_cards":{},"seed_source_timestamp":2499426517168600,"shop_contents":[{"floor":10,"relics":["Blood Vial","Matryoshka","Cauldron"],"cards":["Heel Hook","Concentrate","PiercingWail","PanicButton","Secret Technique"],"potions":["Dexterity Potion","CunningPotion","LiquidMemories"]},{"floor":37,"relics":["Ornamental Fan","CeramicFish","TwistedFunnel"],"cards":["Unload","Slice","Setup","Bouncing Flask","Noxious Fumes","Dramatic Entrance","Violence"],"potions":["Explosive Potion"]},{"floor":41,"relics":["Bronze Scales","Peace Pipe"],"cards":["Quick Slash","Dagger Spray","Calculated Gamble","Prepared","Infinite Blades","Swift Strike","Panache"],"potions":["EssenceOfSteel","FearPotion","Weak Potion"]},{"floor":54,"relics":["Ginger","Orichalcum","Medical Kit"],"cards":["Predator","Grand Finale","Tactician","Outmaneuver","Infinite Blades","Panache"],"potions":["SteroidPotion","Swift Potion"]}],"circlet_count":0,"master_deck":["AscendersBane","Survivor","Neutralize","Glass Knife+1","Bouncing Flask","Noxious Fumes+1","Backflip","Predator","Well Laid Plans+1","Catalyst+1","Masterful Stab","Catalyst+1","Wraith Form v2+1","Crippling Poison+1","Backflip","Malaise+1","Concentrate+1","Poisoned Stab","Grand Finale","A Thousand Cuts","Heel Hook","Corpse Explosion","Secret Technique+1","PiercingWail","Prepared+1","PanicButton+1","Escape Plan"],"special_seed":0,"potion_use_per_floor":[[],[],[],[],[],[],["Strength Potion"],[],[],[],[],[],[],[],[],["Poison Potion"],[],[],[],[],[],["Regen Potion"],["DistilledChaos"],[],[],[],["SkillPotion"],["ColorlessPotion"],[],[],[],[],[],[],[],[],[],[],[],[],[],[],[],[],[],[],[],[],[],[],["Fire Potion","EntropicBrew","SneckoOil"],[],[],[],[],["PowerPotion","Ancient Potion"],[]],"relics":["Ring of the Snake","Golden Idol","MealTicket","Pen Nib","Coffee Dripper","Paper Crane","Strawberry","Gremlin Horn","Centennial Puzzle","Pandora\u0027s Box","Anchor","Chemical X","Thread and Needle","Happy Flower","Mummified Hand","War Paint"],"potions_floor_usage":[16,22,23,27,28,51,51,51,56,56],"damage_taken":[{"damage":1.0,"enemies":"Small Slimes","floor":1.0,"turns":4.0},{"damage":1.0,"enemies":"Cultist","floor":3.0,"turns":3.0},{"damage":0.0,"enemies":"Jaw Worm","floor":5.0,"turns":4.0},{"damage":8.0,"enemies":"Gremlin Nob","floor":7.0,"turns":3.0},{"damage":0.0,"enemies":"3 Louse","floor":11.0,"turns":4.0},{"damage":0.0,"enemies":"Large Slime","floor":13.0,"turns":4.0},{"damage":5.0,"enemies":"2 Fungi Beasts","floor":14.0,"turns":3.0},{"damage":0,"enemies":"Slime Boss","floor":16,"turns":4},{"damage":18,"enemies":"Chosen","floor":18,"turns":5},{"damage":0,"enemies":"3 Byrds","floor":22,"turns":4},{"damage":17,"enemies":"Gremlin Leader","floor":23,"turns":4},{"damage":0,"enemies":"Centurion and Healer","floor":25,"turns":4},{"damage":6,"enemies":"Cultist and Chosen","floor":27,"turns":7},{"damage":17,"enemies":"Slavers","floor":28,"turns":6},{"damage":5,"enemies":"Snecko","floor":31,"turns":5},{"damage":7,"enemies":"Collector","floor":33,"turns":5},{"damage":15,"enemies":"3 Darklings","floor":35,"turns":3},{"damage":2,"enemies":"3 Shapes","floor":38,"turns":3},{"damage":3,"enemies":"Giant Head","floor":40,"turns":6},{"damage":2,"enemies":"Mind Bloom Boss Battle","floor":42,"turns":4},{"damage":14,"enemies":"Maw","floor":44,"turns":3},{"damage":0,"enemies":"Nemesis","floor":45,"turns":5},{"damage":0,"enemies":"Sphere and 2 Shapes","floor":47,"turns":4},{"damage":2,"enemies":"Spire Growth","floor":48,"turns":3},{"damage":5,"enemies":"Time Eater","floor":50,"turns":5},{"damage":12,"enemies":"Awakened One","floor":51,"turns":12},{"damage":0,"enemies":"Shield and Spear","floor":55,"turns":5},{"damage":58,"enemies":"The Heart","floor":56,"turns":9}],"green_key_taken_log":40,"seed_played":"761708089874120860","neow_bonus_log":{"cardsObtained":[],"cardsUpgraded":[],"cardsRemoved":[],"cardsTransformed":[],"relicsObtained":[],"maxHpGained":0,"goldGained":0,"damageTaken":0,"goldLost":0,"maxHpLost":6},"potions_obtained":[{"floor":1.0,"key":"Strength Potion"},{"floor":5.0,"key":"DistilledChaos"},{"floor":13.0,"key":"Poison Potion"},{"floor":18,"key":"Regen Potion"},{"floor":23,"key":"ColorlessPotion"},{"floor":25,"key":"SkillPotion"},{"floor":45,"key":"EntropicBrew"}],"is_trial":false,"path_per_floor":["M","?","M","?","M","R","E","R","T","$","M","?","M","M","R","B",null,"M","?","?","?","M","E","R","M","T","M","E","R","?","M","R","B",null,"M","?","$","M","T","E","$","?","T","M","E","R","M","M","R","B","B",null,"R","$","E","B",null],"character_chosen":"THE_SILENT","basemod:card_modifiers":[null,null,null,null,null,null,null,null,null,null,null,null,null,null,null,null,null,null,null,null,null,null,null,null,null,null,null],"items_purchased":["Predator","Well Laid Plans","Explosive Potion","Fire Potion","Chemical X","PowerPotion","PanicButton"],"campfire_rested":0,"item_purchase_floors":[10,10,37,37,41,54,54],"current_hp_per_floor":[58,54,53,53,53,53,45,45,45,54,54,59,59,54,54,54,58,40,40,40,40,54,37,37,37,44,38,21,21,21,16,16,9,52,37,27,42,40,40,37,52,50,50,36,36,36,36,34,34,29,17,54,54,66,66,8],"gold":81,"neow_bonus":"THREE_RARE_CARDS","is_prod":false,"is_daily":false,"rewards_skipped":[{"floor":38,"relics":[],"potions":["Block Potion"]},{"floor":40,"relics":[],"potions":["Explosive Potion"]},{"floor":55,"relics":[],"potions":["BlessingOfTheForge"]}],"chose_seed":false,"campfire_upgraded":8,"win_rate":0,"floor_exit_playtime":[85,93,117,123,157,164,249,259,261,283,347,350,407,438,452,506,529,584,591,595,626,692,758,767,827,830,917,1011,1023,1026,1089,1097,1214,1244,1289,1310,1370,1444,1447,1573,1605,1703,1729,1808,1919,1952,2094,2174,2178,2347,2654,2665,2694,2732,2850,3125],"timestamp":1678947916,"blue_key_relic_skipped_log":{"floor":39,"relicID":"Juzu Bracelet"},"path_taken":["M","?","M","?","M","R","E","R","T","$","?","?","M","M","R","BOSS","M","?","?","?","M","E","R","M","T","M","E","R","?","M","R","BOSS","M","?","$","M","?","E","$","?","T","M","E","R","M","M","R","BOSS","BOSS","R","$","E","BOSS"],"build_version":"2022-12-18","purchased_purges":3,"victory":true,"max_hp_per_floor":[60,54,54,54,54,54,54,54,54,54,54,59,59,59,59,59,59,59,59,59,59,59,59,59,59,66,66,66,66,66,66,66,66,66,66,66,66,66,66,66,66,66,66,66,66,66,66,66,66,66,66,66,66,66,66,66],"relic_stats":{"Gremlin Horn":[6,6],"Happy Flower":[15],"counters":[28,131],"Golden Idol":211,"Pen Nib":[15],"War Paint":["Concentrate","PanicButton"],"Centennial Puzzle":[34],"Mummified Hand":[26],"MealTicket":51,"Pandora\u0027s Box":["Concentrate","Poisoned Stab","Skewer","Grand Finale","A Thousand Cuts","Heel Hook","Corpse Explosion","Endless Agony"],"Chemical X":[10],"obtain_stats":[{"Gremlin Horn":28,"Happy Flower":43,"Golden Idol":2,"Thread and Needle":42,"Pen Nib":9,"Paper Crane":23,"War Paint":55,"Centennial Puzzle":30,"Anchor":40,"Mummified Hand":45,"Strawberry":26,"MealTicket":7,"Pandora\u0027s Box":34,"Coffee Dripper":17,"Chemical X":41,"Ring of the Snake":0},{"Gremlin Horn":14,"Happy Flower":20,"Golden Idol":1,"Thread and Needle":20,"Pen Nib":4,"Paper Crane":11,"War Paint":27,"Centennial Puzzle":14,"Anchor":19,"Mummified Hand":22,"Strawberry":12,"MealTicket":4,"Pandora\u0027s Box":16,"Coffee Dripper":8,"Chemical X":19,"Ring of the Snake":0},{"Gremlin Horn":59,"Happy Flower":85,"Golden Idol":4,"Thread and Needle":85,"Pen Nib":14,"Paper Crane":42,"War Paint":122,"Centennial Puzzle":59,"Anchor":81,"Mummified Hand":93,"Strawberry":46,"MealTicket":14,"Pandora\u0027s Box":69,"Coffee Dripper":29,"Chemical X":81,"Ring of the Snake":0}],"Ring of the Snake":[56]},"card_choices":[{"not_picked":["Tools of the Trade","Phantasmal Killer"],"picked":"Glass Knife","floor":0.0},{"not_picked":["Bane","Distraction"],"picked":"Bouncing Flask","floor":1.0},{"not_picked":["Infinite Blades","Expertise"],"picked":"Noxious Fumes","floor":3.0},{"not_picked":["Underhanded Strike","Deflect","Crippling Poison"],"picked":"SKIP","floor":5.0},{"not_picked":["Prepared","Malaise"],"picked":"Backflip","floor":7.0},{"not_picked":["PiercingWail","Caltrops"],"picked":"Catalyst","floor":11.0},{"not_picked":["Backflip","Poisoned Stab"],"picked":"Masterful Stab","floor":13.0},{"not_picked":["Flying Knee","Bane"],"picked":"Catalyst","floor":14.0},{"not_picked":["Malaise","Grand Finale"],"picked":"Wraith Form v2","floor":16},{"not_picked":["Blur","Deflect"],"picked":"Crippling Poison+1","floor":18},{"not_picked":["Heel Hook","Setup","PiercingWail","Dodge and Roll","Concentrate","Choke","Sucker Punch","Cloak And Dagger","Poisoned Stab","Riddle With Holes","Terror","Masterful Stab","Prepared","Noxious Fumes","Reflex","Bane","Deflect","Catalyst","Dagger Spray"],"picked":"Backflip","floor":21},{"not_picked":["Infinite Blades","Prepared","Setup"],"picked":"SKIP","floor":22},{"not_picked":["Masterful Stab","Storm of Steel","Eviscerate"],"picked":"SKIP","floor":23},{"not_picked":["Blade Dance","Distraction","Concentrate"],"picked":"SKIP","floor":25},{"not_picked":["Prepared","Bane","Quick Slash"],"picked":"SKIP","floor":27},{"not_picked":["Endless Agony","Bane","Deflect"],"picked":"SKIP","floor":28},{"not_picked":["Quick Slash","Leg Sweep","Sucker Punch"],"picked":"SKIP","floor":31},{"not_picked":["Envenom","Unload"],"picked":"Malaise","floor":33},{"not_picked":["Poisoned Stab+1","Finisher","Outmaneuver"],"picked":"SKIP","floor":35},{"not_picked":["Flash of Steel","Chrysalis"],"picked":"Secret Technique","floor":36},{"not_picked":["Blind","Purity","Jack Of All Trades"],"picked":"SKIP","floor":36},{"not_picked":["Deep Breath","The Bomb","HandOfGreed"],"picked":"SKIP","floor":36},{"not_picked":["Sucker Punch+1","Finisher","Quick Slash"],"picked":"SKIP","floor":38},{"not_picked":["Riddle With Holes","Outmaneuver+1","Tactician"],"picked":"SKIP","floor":40},{"not_picked":["Poisoned Stab+1","Tactician"],"picked":"PiercingWail","floor":42},{"not_picked":["Cloak And Dagger+1","Skewer","Bane"],"picked":"SKIP","floor":44},{"not_picked":["Cloak And Dagger+1","Skewer","Bane"],"picked":"SKIP","floor":44},{"not_picked":["Underhanded Strike+1","Slice","Dodge and Roll"],"picked":"SKIP","floor":45},{"not_picked":["Quick Slash","Terror","Deadly Poison+1"],"picked":"SKIP","floor":47},{"not_picked":["Deadly Poison","Dagger Spray"],"picked":"Prepared+1","floor":48},{"not_picked":["Underhanded Strike","Deflect"],"picked":"Escape Plan","floor":55}],"player_experience":1584018,"relics_obtained":[{"floor":7.0,"key":"MealTicket"},{"floor":9.0,"key":"Pen Nib"},{"floor":23,"key":"Paper Crane"},{"floor":26,"key":"Strawberry"},{"floor":28,"key":"Gremlin Horn"},{"floor":40,"key":"Anchor"},{"floor":42,"key":"Thread and Needle"},{"floor":43,"key":"Happy Flower"},{"floor":45,"key":"Mummified Hand"},{"floor":55,"key":"War Paint"}],"event_choices":[{"damage_healed":0.0,"max_hp_gain":0.0,"max_hp_loss":6.0,"gold_gain":0.0,"event_name":"Golden Idol","player_choice":"Lose Max HP","floor":2.0,"gold_loss":0.0,"damage_taken":0.0,"relics_obtained":["Golden Idol"]},{"cards_removed":["Strike_G"],"damage_healed":0.0,"max_hp_gain":0.0,"max_hp_loss":0.0,"gold_gain":0.0,"event_name":"Purifier","player_choice":"Purged","floor":4.0,"gold_loss":0.0,"damage_taken":0.0},{"damage_healed":0.0,"max_hp_gain":5.0,"max_hp_loss":0.0,"gold_gain":0.0,"event_name":"Big Fish","player_choice":"Donut","floor":12.0,"gold_loss":0.0,"damage_taken":0.0},{"damage_healed":0,"gold_gain":0,"player_choice":"Ignored","damage_taken":0,"max_hp_gain":0,"max_hp_loss":0,"event_name":"Vampires","floor":19,"gold_loss":0},{"damage_healed":0,"gold_gain":50,"player_choice":"Stole From Cult","damage_taken":0,"max_hp_gain":0,"max_hp_loss":0,"event_name":"Nest","floor":20,"gold_loss":0},{"damage_healed":0,"gold_gain":0,"player_choice":"Read","damage_taken":0,"max_hp_gain":0,"max_hp_loss":0,"event_name":"The Library","floor":21,"gold_loss":0,"cards_obtained":["Backflip"]},{"damage_healed":0,"gold_gain":0,"player_choice":"Obtained Relic","damage_taken":0,"relics_obtained":["Centennial Puzzle"],"max_hp_gain":0,"max_hp_loss":0,"event_name":"Addict","floor":30,"gold_loss":85},{"damage_healed":0,"gold_gain":0,"player_choice":"Memory 3","damage_taken":10,"max_hp_gain":0,"max_hp_loss":0,"event_name":"SensoryStone","floor":36,"gold_loss":0},{"damage_healed":0,"gold_gain":0,"player_choice":"Fight","damage_taken":0,"max_hp_gain":0,"max_hp_loss":0,"event_name":"MindBloom","floor":42,"gold_loss":0}],"is_beta":false,"boss_relics":[{"not_picked":["Runic Pyramid","WristBlade"],"picked":"Coffee Dripper"},{"not_picked":["Tiny House","Velvet Choker"],"picked":"Pandora\u0027s Box"}],"items_purged_floors":[10,37,41],"is_endless":false,"potions_floor_spawned":[1,5,13,18,23,25,38,40,45,55],"ascension_level":20,"potion_discard_per_floor":[[],[],[],[],[],[],[],[],[],[],[],[],[],[],[],[],[],[],[],[],[],[],[],[],[],[],[],[],[],[],[],[],[],[],[],[],[],[],[],[],[],[],[],[],["Explosive Potion"],[],[],[],[],[],[],[],[],[],[],[],[]]}