{"gold_per_floor":[117,135,149,119,64,64,64,94,94,112,128,128,154,154],"floor_reached":14,"playtime":617,"items_purged":[],"score":200,"play_id":"8ccb47d1-593b-4f30-8f1b-f558c2d73eaa","local_time":"20230309002605","is_ascension_mode":true,"campfire_choices":[{"data":"Apotheosis","floor":6,"key":"SMITH"},{"floor":12,"key":"REST"}],"neow_cost":"PERCENT_DAMAGE","seed_source_timestamp":1893655081527500,"circlet_count":0,"master_deck":["AscendersBane","Strike_G","Strike_G","Strike_G","Strike_G","Defend_G","Defend_G","Defend_G","Defend_G","Defend_G","Survivor","Neutralize","Apotheosis+1","Underhanded Strike","Noxious Fumes","Dagger Spray","Dagger Throw","Malaise","Blade Dance","Reflex"],"relics":["Ring of the Snake","Shuriken","Frozen Egg 2","Molten Egg 2"],"potions_floor_usage":[8,8],"damage_taken":[{"damage":0,"enemies":"2 Louse","floor":1,"turns":5},{"damage":3,"enemies":"Cultist","floor":2,"turns":5},{"damage":6,"enemies":"Small Slimes","floor":3,"turns":5},{"damage":11,"enemies":"Lagavulin","floor":8,"turns":8},{"damage":4,"enemies":"Exordium Thugs","floor":10,"turns":4},{"damage":3,"enemies":"Red Slaver","floor":11,"turns":5},{"damage":31,"enemies":"Gremlin Nob","floor":13,"turns":4},{"damage":5,"enemies":"Blue Slaver","floor":14,"turns":1}],"seed_played":"-1501520534203131085","potions_obtained":[{"floor":1,"key":"LiquidMemories"},{"floor":2,"key":"Dexterity Potion"},{"floor":4,"key":"CunningPotion"},{"floor":11,"key":"Ancient Potion"}],"is_trial":false,"path_per_floor":["M","M","M","?","$","R","?","E","T","M","M","R","E","M"],"character_chosen":"THE_SILENT","basemod:card_modifiers":[null,null,null,null,null,null,null,null,null,null,null,null,null,null,null,null,null,null,null,null],"items_purchased":["Dagger Spray"],"campfire_rested":1,"item_purchase_floors":[5],"current_hp_per_floor":[44,41,35,35,35,35,35,24,24,20,17,36,5,0],"gold":154,"neow_bonus":"RANDOM_COLORLESS_2","is_prod":false,"is_daily":false,"chose_seed":false,"campfire_upgraded":1,"win_rate":0,"timestamp":1678339565,"path_taken":["M","M","M","?","?","R","?","E","T","M","M","R","E","M"],"build_version":"2022-12-18","purchased_purges":0,"victory":false,"max_hp_per_floor":[66,66,66,66,66,66,66,66,66,66,66,66,66,66],"relic_stats":{"counters":[8,37],"Shuriken":[4],"obtain_stats":[{"Shuriken":8,"Molten Egg 2":13,"Frozen Egg 2":9,"Ring of the Snake":0},{"Shuriken":4,"Molten Egg 2":7,"Frozen Egg 2":4,"Ring of the Snake":0},{"Shuriken":23,"Molten Egg 2":36,"Frozen Egg 2":23,"Ring of the Snake":0}],"Ring of the Snake":[16]},"card_choices":[{"not_picked":["Secret Technique","Mayhem"],"picked":"Apotheosis","floor":0},{"not_picked":["Concentrate","Backflip"],"picked":"Underhanded Strike","floor":1},{"not_picked":["Prepared","Sucker Punch"],"picked":"Noxious Fumes","floor":2},{"not_picked":["Outmaneuver","Distraction","Deadly Poison"],"picked":"SKIP","floor":3},{"not_picked":["Well Laid Plans","Dodge and Roll"],"picked":"Dagger Throw","floor":8},{"not_picked":["Dagger Spray","Quick Slash"],"picked":"Malaise","floor":10},{"not_picked":["Acrobatics","Distraction"],"picked":"Blade Dance","floor":11},{"not_picked":["Dagger Throw+1","Sucker Punch+1"],"picked":"Reflex","floor":13}],"player_experience":1507907,"relics_obtained":[{"floor":8,"key":"Shuriken"},{"floor":9,"key":"Frozen Egg 2"},{"floor":13,"key":"Molten Egg 2"}],"event_choices":[{"damage_healed":0,"gold_gain":0,"player_choice":"Bought 2 Potions","damage_taken":0,"max_hp_gain":0,"max_hp_loss":0,"event_name":"The Woman in Blue","floor":4,"gold_loss":0},{"cards_removed":["Strike_G"],"damage_healed":0,"gold_gain":0,"player_choice":"Purged","damage_taken":0,"max_hp_gain":0,"max_hp_loss":0,"event_name":"Purifier","floor":7,"gold_loss":0}],"is_beta":false,"boss_relics":[],"items_purged_floors":[],"is_endless":false,"potions_floor_spawned":[1,2,11],"killed_by":"Blue Slaver","ascension_level":20}