{"gold_per_floor":[119,119,139,139,152,152,182,257,257,269,38,71,71],"floor_reached":13,"playtime":640,"items_purged":["Strike_G"],"score":186,"play_id":"525fade5-8773-4d72-bbe2-532ffdcccdec","local_time":"20230305155939","is_ascension_mode":true,"campfire_choices":[{"data":"Choke","floor":6,"key":"SMITH"}],"neow_cost":"NONE","seed_source_timestamp":1604047159088100,"circlet_count":0,"master_deck":["AscendersBane","Strike_G","Strike_G","Strike_G","Strike_G","Defend_G","Defend_G","Defend_G","Defend_G","Survivor","Neutralize","Flying Knee","Dagger Throw","Outmaneuver","Choke+1","Dagger Spray+1","Reflex","Adrenaline","Noxious Fumes"],"relics":["Ring of the Snake","Molten Egg 2","Snake Skull"],"potions_floor_usage":[7],"damage_taken":[{"damage":0,"enemies":"2 Louse","floor":1,"turns":3},{"damage":2,"enemies":"Jaw Worm","floor":3,"turns":6},{"damage":4,"enemies":"Small Slimes","floor":5,"turns":4},{"damage":13,"enemies":"Lagavulin","floor":7,"turns":5},{"damage":0,"enemies":"2 Fungi Beasts","floor":10,"turns":3},{"damage":32,"enemies":"Gremlin Nob","floor":12,"turns":4},{"damage":3,"enemies":"Blue Slaver","floor":13,"turns":1}],"seed_played":"7736410017838264565","potions_obtained":[{"floor":1,"key":"Block Potion"},{"floor":3,"key":"LiquidBronze"},{"floor":12,"key":"FearPotion"}],"is_trial":false,"path_per_floor":["M","?","M","?","M","R","E","?","T","M","$","E","M"],"character_chosen":"THE_SILENT","basemod:card_modifiers":[null,null,null,null,null,null,null,null,null,null,null,null,null,null,null,null,null,null,null],"items_purchased":["Adrenaline"],"campfire_rested":0,"item_purchase_floors":[11],"current_hp_per_floor":[59,64,62,62,58,58,45,34,34,34,34,2,0],"gold":71,"neow_bonus":"THREE_CARDS","is_prod":false,"is_daily":false,"chose_seed":false,"campfire_upgraded":1,"win_rate":0,"timestamp":1678049979,"path_taken":["M","?","M","?","M","R","E","?","T","M","$","E","M"],"build_version":"2022-12-18","purchased_purges":1,"victory":false,"max_hp_per_floor":[66,71,71,71,71,71,71,71,71,71,71,71,71],"relic_stats":{"counters":[7,26],"Snake Skull":[0],"obtain_stats":[{"Molten Egg 2":7,"Snake Skull":12,"Ring of the Snake":0},{"Molten Egg 2":4,"Snake Skull":6,"Ring of the Snake":0},{"Molten Egg 2":18,"Snake Skull":25,"Ring of the Snake":0}],"Ring of the Snake":[14]},"card_choices":[{"not_picked":["Outmaneuver","Dodge and Roll"],"picked":"Flying Knee","floor":0},{"not_picked":["Prepared","Sucker Punch","Outmaneuver"],"picked":"SKIP","floor":1},{"not_picked":["Poisoned Stab","Deflect"],"picked":"Dagger Throw","floor":3},{"not_picked":["Prepared","Escape Plan"],"picked":"Choke","floor":5},{"not_picked":["Quick Slash+1","Prepared"],"picked":"Dagger Spray+1","floor":7},{"not_picked":["Deflect","Blur"],"picked":"Reflex","floor":10},{"not_picked":["Grand Finale+1","Deadly Poison"],"picked":"Noxious Fumes","floor":12}],"player_experience":1493017,"relics_obtained":[{"floor":7,"key":"Molten Egg 2"},{"floor":12,"key":"Snake Skull"}],"event_choices":[{"damage_healed":0,"gold_gain":0,"player_choice":"Donut","damage_taken":0,"max_hp_gain":5,"max_hp_loss":0,"event_name":"Big Fish","floor":2,"gold_loss":0},{"damage_healed":0,"gold_gain":0,"cards_transformed":["Defend_G"],"player_choice":"Change","damage_taken":0,"max_hp_gain":0,"max_hp_loss":0,"event_name":"Living Wall","floor":4,"gold_loss":0,"cards_obtained":["Outmaneuver"]},{"damage_healed":0,"gold_gain":75,"player_choice":"Gather Gold","damage_taken":11,"max_hp_gain":0,"max_hp_loss":0,"event_name":"World of Goop","floor":8,"gold_loss":0}],"is_beta":false,"boss_relics":[],"items_purged_floors":[11],"is_endless":false,"potions_floor_spawned":[1,3,12],"killed_by":"Blue Slaver","ascension_level":20}