{"potions_obtained_entropic_brew":[[],[],[],[],[],[],[],[],[],[],[],[],[],[],[],[],[],[],[],[],[],[],[],[],[],[],[],[],[],[],[],[],[],[],[],[],[],[],[],[],[],[],[],[],[],[],[],[],[],[],[],[],[],[],[],[]],"gold_per_floor":[115,127,127,144,69,69,96,107,131,150,161,171,171,171,171,266,266,279,291,390,63,63,63,73,73,96,96,114,144,157,185,185,282,282,298,345,345,220,220,220,237,254,254,254,104,139,139,152,152,152,152,152,6,33,33],"floor_reached":56,"playtime":3364,"items_purged":["Slice","WheelKick","Armaments+1","Dagger Spray"],"score":1542,"play_id":"2b3d0f7b-0eab-43b4-bc6d-997a2e8263b5","local_time":"20230311192513","daily_mods":["SealedDeck","Diverse"],"score_breakdown":["Floors Climbed (56): 280","Enemies Slain (16): 32","Exordium Elites Killed (1): 10","City Elites Killed (2): 40","Beyond Elites Killed (1): 30","Bosses Slain (4): 500","Speedster: 25","Champion (5): 125","Beyond Perfect: 200","Overkill: 25","C-c-c-combo: 25","Heartbreaker: 250"],"is_ascension_mode":false,"potions_obtained_alchemize":[[],[],[],[],[],[],[],[],[],[],[],[],[],[],[],[],[],[],[],[],[],[],[],[],[],[],[],[],[],[],[],[],[],[],[],[],[],[],[],[],[],[],[],[],[],[],[],[],[],[],[],[],[],[],[],[]],"campfire_choices":[{"data":"Armaments","floor":6,"key":"SMITH"},{"data":"Prostrate","floor":13,"key":"SMITH"},{"data":"Prostrate","floor":15,"key":"SMITH"},{"data":"Prostrate","floor":23,"key":"SMITH"},{"data":"Pommel Strike","floor":27,"key":"SMITH"},{"data":"CutThroughFate","floor":32,"key":"SMITH"},{"data":"Study","floor":40,"key":"SMITH"},{"data":"Footwork","floor":44,"key":"SMITH"},{"floor":47,"key":"REST"},{"floor":49,"key":"RECALL"},{"floor":52,"key":"REST"}],"lesson_learned_per_floor":[[],[],[],[],[],[],[],[],[],[],[],[],[],[],[],[],[],[],[],[],[],[],[],[],[],[],[],[],[],[],[],[],[],[],[],[],[],[],[],[],[],[],[],[],[],[],[],[],[],[],[],[],[],[],[],[]],"neow_cost":"","improvable_cards":{},"seed_source_timestamp":0,"shop_contents":[{"floor":5,"relics":["Ginger","Tiny Chest","Sling"],"cards":["ReachHeaven","Cold Snap","Leap","Deflect","Footwork","Dark Shackles","Violence"],"potions":["PowerPotion","FearPotion","Strength Potion"]},{"floor":21,"relics":["Eternal Feather","Dead Branch"],"cards":["EmptyFist","SashWhip","Halt","Havoc","Bandage Up","HandOfGreed"],"potions":["Strength Potion","SkillPotion","Poison Potion"]},{"floor":25,"relics":["Orichalcum","InkBottle","Chemical X"],"cards":["EmptyFist","Iron Wave","Hologram","Glacier","Well Laid Plans","Dramatic Entrance","HandOfGreed"],"potions":["PowerPotion","LiquidMemories","Fire Potion"]},{"floor":38,"relics":["Bottled Lightning","Molten Egg 2","Lee\u0027s Waffle"],"cards":["Streamline","Masterful Stab","Power Through","Warcry","Capacitor","Panacea","Metamorphosis"],"potions":["Block Potion","LiquidMemories","SteroidPotion"]},{"floor":45,"relics":["Torii","Anchor","Toolbox"],"cards":["Twin Strike","Gash","Pray","True Grit","Evolve","Dramatic Entrance","Sadistic Nature"],"potions":["Swift Potion","ColorlessPotion","DistilledChaos"]},{"floor":53,"relics":["Ornamental Fan","Happy Flower"],"cards":["Dash","Uppercut","Armaments","Doppelganger","Adaptation","Dramatic Entrance","Master of Strategy"],"potions":["Weak Potion","DuplicationPotion","EssenceOfSteel"]}],"circlet_count":0,"master_deck":["Pommel Strike+1","Prostrate+1","CutThroughFate+1","Prostrate+1","Prostrate+1","Footwork+1","EmptyBody+1","Study+1","Pray+1","Warcry+1","Parasite","Brilliance"],"potion_use_per_floor":[[],[],[],[],[],[],[],[],[],[],[],[],[],[],[],[],[],[],[],[],[],[],[],[],[],[],[],["Fire Potion"],[],[],["GamblersBrew"],[],[],[],[],["DuplicationPotion"],[],[],[],[],[],[],[],[],[],[],[],[],[],[],[],[],[],[],["PowerPotion","SpeedPotion","Ancient Potion"],[]],"relics":["Ring of the Snake","Toy Ornithopter","Potion Belt","Runic Pyramid","Medical Kit","Bronze Scales","Ancient Tea Set","TungstenRod","Mummified Hand","Incense Burner","OrangePellets","White Beast Statue"],"potions_floor_usage":[28,31,36,55,55,55],"damage_taken":[{"damage":0,"enemies":"Cultist","floor":1,"turns":2},{"damage":0,"enemies":"Jaw Worm","floor":2,"turns":2},{"damage":0,"enemies":"Small Slimes","floor":4,"turns":2},{"damage":0,"enemies":"3 Sentries","floor":7,"turns":3},{"damage":0,"enemies":"Looter","floor":8,"turns":2},{"damage":0,"enemies":"Exordium Wildlife","floor":10,"turns":2},{"damage":0,"enemies":"Blue Slaver","floor":11,"turns":2},{"damage":0,"enemies":"3 Louse","floor":12,"turns":2},{"damage":0,"enemies":"Hexaghost","floor":16,"turns":3},{"damage":0,"enemies":"Shell Parasite","floor":18,"turns":2},{"damage":0,"enemies":"3 Byrds","floor":19,"turns":2},{"damage":0,"enemies":"Cultist and Chosen","floor":24,"turns":3},{"damage":0,"enemies":"Centurion and Healer","floor":28,"turns":2},{"damage":0,"enemies":"Gremlin Leader","floor":29,"turns":3},{"damage":1,"enemies":"Snake Plant","floor":30,"turns":2},{"damage":0,"enemies":"Slavers","floor":31,"turns":2},{"damage":0,"enemies":"Champ","floor":33,"turns":4},{"damage":0,"enemies":"Orb Walker","floor":35,"turns":2},{"damage":8,"enemies":"2 Orb Walkers","floor":36,"turns":2},{"damage":0,"enemies":"3 Darklings","floor":41,"turns":3},{"damage":0,"enemies":"Sphere and 2 Shapes","floor":42,"turns":2},{"damage":0,"enemies":"Nemesis","floor":46,"turns":3},{"damage":0,"enemies":"Writhing Mass","floor":48,"turns":2},{"damage":0,"enemies":"Donu and Deca","floor":50,"turns":4},{"damage":0,"enemies":"Shield and Spear","floor":54,"turns":4},{"damage":0,"enemies":"The Heart","floor":55,"turns":5}],"green_key_taken_log":7,"seed_played":"-5310540153452755254","potions_obtained":[{"floor":1,"key":"Fire Potion"},{"floor":2,"key":"Ancient Potion"},{"floor":10,"key":"PowerPotion"},{"floor":16,"key":"DuplicationPotion"},{"floor":24,"key":"AttackPotion"},{"floor":28,"key":"Fire Potion"},{"floor":29,"key":"GamblersBrew"},{"floor":33,"key":"SpeedPotion"},{"floor":36,"key":"FairyPotion"}],"is_trial":true,"path_per_floor":["M","M","?","M","$","R","E","M","T","M","M","M","R","?","R","B",null,"M","M","?","$","?","R","M","$","T","R","M","E","M","E","R","B",null,"M","?","?","$","?","R","M","M","T","R","$","E","R","M","R","B",null,"R","$","E","B",null],"character_chosen":"THE_SILENT","basemod:card_modifiers":[null,null,null,null,null,null,null,null,null,null,null,null],"items_purchased":["Medical Kit","Study","OrangePellets"],"campfire_rested":2,"item_purchase_floors":[21,21,53],"current_hp_per_floor":[70,70,70,70,70,70,70,70,70,70,70,70,70,70,70,70,70,70,70,70,70,70,70,70,70,70,70,70,70,69,70,70,70,70,70,62,62,62,62,62,62,62,62,62,62,62,70,70,70,70,70,70,70,70,70],"gold":33,"neow_bonus":"","is_prod":false,"is_daily":false,"rewards_skipped":[{"floor":35,"relics":[],"potions":["LiquidBronze"]},{"floor":48,"relics":[],"potions":["PowerPotion"]}],"chose_seed":false,"campfire_upgraded":8,"win_rate":0,"floor_exit_playtime":[105,157,176,210,272,282,347,386,391,427,466,576,585,605,611,681,716,754,829,834,984,987,997,1065,1075,1080,1093,1153,1270,1328,1404,1420,1628,1657,1714,1801,1808,1838,1841,1855,1941,2019,2026,2031,2469,2672,2678,2785,2789,2985,3000,3004,3016,3186,3364],"timestamp":1678580713,"blue_key_relic_skipped_log":{"floor":26,"relicID":"Regal Pillow"},"path_taken":["M","M","?","M","?","R","E","M","T","?","M","M","R","?","R","BOSS","M","?","?","$","?","R","M","?","T","R","M","E","?","E","R","BOSS","M","?","?","$","?","R","?","M","T","R","?","E","R","M","R","BOSS","R","$","E","BOSS"],"build_version":"2022-12-18","purchased_purges":4,"victory":true,"max_hp_per_floor":[70,70,70,70,70,70,70,70,70,70,70,70,70,70,70,70,70,70,70,70,70,70,70,70,70,70,70,70,70,70,70,70,70,70,70,70,70,70,70,70,70,70,70,70,70,70,70,70,70,70,70,70,70,70,70],"relic_stats":{"OrangePellets":[1],"counters":[26,67],"Mummified Hand":[11],"Bronze Scales":[108],"Medical Kit":[10],"Ancient Tea Set":[12],"obtain_stats":[{"Potion Belt":9,"OrangePellets":53,"Mummified Hand":43,"Bronze Scales":29,"Incense Burner":46,"Medical Kit":21,"Ancient Tea Set":31,"Toy Ornithopter":7,"TungstenRod":36,"White Beast Statue":54,"Ring of the Snake":0,"Runic Pyramid":17},{"Potion Belt":5,"OrangePellets":24,"Mummified Hand":21,"Bronze Scales":14,"Incense Burner":22,"Medical Kit":11,"Ancient Tea Set":16,"Toy Ornithopter":4,"TungstenRod":19,"White Beast Statue":25,"Ring of the Snake":0,"Runic Pyramid":9},{"Potion Belt":11,"OrangePellets":58,"Mummified Hand":49,"Bronze Scales":32,"Incense Burner":52,"Medical Kit":24,"Ancient Tea Set":36,"Toy Ornithopter":9,"TungstenRod":44,"White Beast Statue":62,"Ring of the Snake":0,"Runic Pyramid":20}],"Toy Ornithopter":1,"TungstenRod":6,"White Beast Statue":[0.0,0.0,0.0,0.0,0.0,1.0,0.0,0.0,0.0,0.0,0.0,0.0],"Ring of the Snake":[52]},"card_choices":[{"not_picked":["Seeing Red","Melter","Outmaneuver"],"picked":"SKIP","floor":1},{"not_picked":["Redo","ForeignInfluence","Sever Soul"],"picked":"SKIP","floor":2},{"not_picked":["Storm","FollowUp","Sentinel"],"picked":"SKIP","floor":4},{"not_picked":["Entrench","Protect"],"picked":"Footwork","floor":7},{"not_picked":["Disarm","FlurryOfBlows","Rampage"],"picked":"SKIP","floor":8},{"not_picked":["CrushJoints","Hemokinesis","Backstab"],"picked":"SKIP","floor":10},{"not_picked":["Flex","Bane","LikeWater"],"picked":"SKIP","floor":11},{"not_picked":["Leap","Concentrate","Vengeance"],"picked":"SKIP","floor":12},{"not_picked":["Envenom","Establishment","Glass Knife"],"picked":"SKIP","floor":16},{"not_picked":["Redo","BattleHymn"],"picked":"EmptyBody+1","floor":18},{"not_picked":["Scrape","Iron Wave","Redo"],"picked":"SKIP","floor":19},{"not_picked":["Halt+1","Underhanded Strike"],"picked":"Pray+1","floor":24},{"not_picked":["Stack","Perfected Strike","Endless Agony"],"picked":"SKIP","floor":28},{"not_picked":["Echo Form","Shrug It Off","ThirdEye"],"picked":"SKIP","floor":29},{"not_picked":["Sweeping Beam+1","Clothesline","Disarm"],"picked":"SKIP","floor":30},{"not_picked":["Crescendo","Conserve Battery+1","PathToVictory"],"picked":"SKIP","floor":31},{"not_picked":["Bullet Time","Omniscience","Machine Learning"],"picked":"SKIP","floor":33},{"not_picked":["Reflex+1","Deadly Poison","Crescendo"],"picked":"SKIP","floor":35},{"not_picked":["Static Discharge","Blood for Blood","Prostrate"],"picked":"SKIP","floor":36},{"not_picked":["Go for the Eyes+1","PiercingWail+1","Ball Lightning"],"picked":"SKIP","floor":41},{"not_picked":["Warcry","Anger","Beam Cell"],"picked":"SKIP","floor":42},{"not_picked":["Disarm","FlyingSleeves"],"picked":"Warcry+1","floor":46},{"not_picked":["Capacitor","Leg Sweep","Slice+1"],"picked":"SKIP","floor":48},{"not_picked":["Worship","WreathOfFlame+1"],"picked":"Brilliance","floor":54}],"player_experience":1554091,"relics_obtained":[{"floor":7,"key":"Toy Ornithopter"},{"floor":9,"key":"Potion Belt"},{"floor":29,"key":"Bronze Scales"},{"floor":31,"key":"Ancient Tea Set"},{"floor":36,"key":"TungstenRod"},{"floor":43,"key":"Mummified Hand"},{"floor":46,"key":"Incense Burner"},{"floor":54,"key":"White Beast Statue"}],"event_choices":[{"damage_healed":0,"gold_gain":0,"player_choice":"0 cards matched","damage_taken":0,"max_hp_gain":0,"max_hp_loss":0,"event_name":"Match and Keep!","floor":3,"gold_loss":0,"cards_obtained":[]},{"cards_removed":["Deflect"],"damage_healed":5,"gold_gain":0,"player_choice":"Offered Common","damage_taken":0,"max_hp_gain":0,"max_hp_loss":0,"event_name":"Bonfire Elementals","floor":14,"gold_loss":0},{"cards_removed":["Deflect"],"damage_healed":5,"gold_gain":0,"player_choice":"Offered Special","damage_taken":0,"max_hp_gain":0,"max_hp_loss":0,"event_name":"Bonfire Elementals","floor":14,"gold_loss":0},{"damage_healed":0,"gold_gain":99,"player_choice":"Stole From Cult","damage_taken":0,"max_hp_gain":0,"max_hp_loss":0,"event_name":"Nest","floor":20,"gold_loss":0},{"damage_healed":0,"gold_gain":0,"player_choice":"Fight","damage_taken":0,"max_hp_gain":0,"max_hp_loss":0,"event_name":"Mysterious Sphere","floor":36,"gold_loss":0},{"damage_healed":0,"gold_gain":0,"player_choice":"Ignored","damage_taken":0,"max_hp_gain":0,"max_hp_loss":0,"event_name":"Tomb of Lord Red Mask","floor":37,"gold_loss":0},{"damage_healed":0,"gold_gain":0,"player_choice":"Bought 0 Potions","damage_taken":0,"max_hp_gain":0,"max_hp_loss":0,"event_name":"The Woman in Blue","floor":39,"gold_loss":0}],"is_beta":false,"boss_relics":[{"not_picked":["Velvet Choker","SacredBark"],"picked":"Runic Pyramid"},{"not_picked":["Calling Bell","Snecko Eye","Ring of the Serpent"]}],"items_purged_floors":[5,21,38,45],"is_endless":false,"potions_floor_spawned":[1,2,10,16,24,28,29,33,35,36,48],"ascension_level":0,"potion_discard_per_floor":[[],[],[],[],[],[],[],[],[],[],[],[],[],[],[],[],[],[],[],[],[],[],[],[],[],[],[],[],["AttackPotion"],[],[],[],[],[],[],[],[],[],[],[],[],[],[],[],[],[],[],[],[],[],[],[],[],[],[],[]]}