{"gold_per_floor":[112,112,112,59,73,112,130,130,130,170,170],"floor_reached":11,"playtime":850,"items_purged":[],"score":162,"play_id":"684a060f-5330-496d-ba6d-40d3340ec5e0","local_time":"20230305162432","is_ascension_mode":true,"campfire_choices":[{"data":"Dagger Spray","floor":8,"key":"SMITH"}],"neow_cost":"TEN_PERCENT_HP_LOSS","seed_source_timestamp":1605330055242800,"circlet_count":0,"master_deck":["AscendersBane","Strike_G","Strike_G","Strike_G","Strike_G","Strike_G","Defend_G","Defend_G","Defend_G","Defend_G","Defend_G","Survivor","Neutralize","Metamorphosis","Calculated Gamble","Dagger Spray+1"],"relics":["Ring of the Snake","Golden Idol","Potion Belt","InkBottle","Bag of Preparation"],"potions_floor_usage":[6],"damage_taken":[{"damage":2,"enemies":"Small Slimes","floor":1,"turns":7},{"damage":1,"enemies":"Jaw Worm","floor":5,"turns":3},{"damage":10,"enemies":"Lagavulin","floor":6,"turns":7},{"damage":1,"enemies":"2 Louse","floor":7,"turns":3},{"damage":39,"enemies":"Gremlin Nob","floor":10,"turns":4},{"damage":9,"enemies":"Exordium Thugs","floor":11,"turns":3}],"seed_played":"-8845453236653755941","potions_obtained":[{"floor":10,"key":"SmokeBomb"}],"is_trial":false,"path_per_floor":["M","?","?","$","M","E","M","R","T","E","M"],"character_chosen":"THE_SILENT","basemod:card_modifiers":[null,null,null,null,null,null,null,null,null,null,null,null,null,null,null,null],"items_purchased":["Poison Potion"],"campfire_rested":0,"item_purchase_floors":[4],"current_hp_per_floor":[57,54,59,59,58,48,47,47,47,8,0],"gold":170,"neow_bonus":"RANDOM_COLORLESS_2","is_prod":false,"is_daily":false,"chose_seed":false,"campfire_upgraded":1,"win_rate":0,"timestamp":1678051472,"path_taken":["M","?","?","?","M","E","M","R","T","E","M"],"build_version":"2022-12-18","purchased_purges":0,"victory":false,"max_hp_per_floor":[60,54,59,59,59,59,59,59,59,59,59],"relic_stats":{"counters":[6,27],"Golden Idol":23,"Bag of Preparation":[2],"obtain_stats":[{"Potion Belt":6,"Golden Idol":2,"Bag of Preparation":10,"InkBottle":9,"Ring of the Snake":0},{"Potion Belt":3,"Golden Idol":1,"Bag of Preparation":5,"InkBottle":4,"Ring of the Snake":0},{"Potion Belt":17,"Golden Idol":7,"Bag of Preparation":24,"InkBottle":20,"Ring of the Snake":0}],"InkBottle":[2],"Ring of the Snake":[12]},"card_choices":[{"not_picked":["Transmutation","Violence"],"picked":"Metamorphosis","floor":0},{"not_picked":["Distraction","Sucker Punch"],"picked":"Calculated Gamble","floor":1},{"not_picked":["Outmaneuver","Cloak And Dagger"],"picked":"Dagger Spray","floor":5},{"not_picked":["Dagger Spray","Accuracy","Dodge and Roll"],"picked":"SKIP","floor":6},{"not_picked":["Reflex","Poisoned Stab","Cloak And Dagger"],"picked":"SKIP","floor":7},{"not_picked":["Dodge and Roll","Cloak And Dagger","Riddle With Holes"],"picked":"SKIP","floor":10}],"player_experience":1494273,"relics_obtained":[{"floor":6,"key":"Potion Belt"},{"floor":9,"key":"InkBottle"},{"floor":10,"key":"Bag of Preparation"}],"event_choices":[{"damage_healed":0,"gold_gain":0,"player_choice":"Lose Max HP","damage_taken":0,"relics_obtained":["Golden Idol"],"max_hp_gain":0,"max_hp_loss":6,"event_name":"Golden Idol","floor":2,"gold_loss":0},{"damage_healed":0,"gold_gain":0,"player_choice":"Donut","damage_taken":0,"max_hp_gain":5,"max_hp_loss":0,"event_name":"Big Fish","floor":3,"gold_loss":0}],"is_beta":false,"boss_relics":[],"items_purged_floors":[],"is_endless":false,"potions_floor_spawned":[10],"killed_by":"Exordium Thugs","ascension_level":20}