{"gold_per_floor":[114,127,143,143,56,56,86,102,126,126],"floor_reached":10,"playtime":356,"items_purged":[],"score":136,"play_id":"530c40e5-12c5-47c0-b6fb-cbb03c301f82","local_time":"20230305160543","is_ascension_mode":true,"campfire_choices":[{"data":"Glass Knife","floor":6,"key":"SMITH"}],"neow_cost":"TEN_PERCENT_HP_LOSS","seed_source_timestamp":1604695055081400,"circlet_count":0,"master_deck":["AscendersBane","Strike_G","Strike_G","Strike_G","Strike_G","Defend_G","Defend_G","Defend_G","Defend_G","Survivor","Neutralize","Terror","Blade Dance","Dagger Spray","Glass Knife+1","Noxious Fumes","Backflip"],"relics":["Ring of the Snake","Tiny Chest","Smiling Mask"],"potions_floor_usage":[7],"damage_taken":[{"damage":3,"enemies":"Jaw Worm","floor":1,"turns":5},{"damage":0,"enemies":"Cultist","floor":2,"turns":4},{"damage":0,"enemies":"Small Slimes","floor":3,"turns":4},{"damage":14,"enemies":"3 Sentries","floor":7,"turns":5},{"damage":31,"enemies":"Exordium Thugs","floor":8,"turns":6},{"damage":14,"enemies":"Lots of Slimes","floor":10,"turns":2}],"seed_played":"-3808108348189063600","potions_obtained":[{"floor":1,"key":"Explosive Potion"}],"is_trial":false,"path_per_floor":["M","M","M","?","$","R","E","M","T","M"],"character_chosen":"THE_SILENT","basemod:card_modifiers":[null,null,null,null,null,null,null,null,null,null,null,null,null,null,null,null,null],"items_purchased":["Noxious Fumes"],"campfire_rested":0,"item_purchase_floors":[5],"current_hp_per_floor":[56,56,56,56,56,56,42,11,11,0],"gold":126,"neow_bonus":"REMOVE_TWO","is_prod":false,"is_daily":false,"chose_seed":false,"campfire_upgraded":1,"win_rate":0,"timestamp":1678050343,"path_taken":["M","M","M","?","?","R","E","M","T","M"],"build_version":"2022-12-18","purchased_purges":0,"victory":false,"max_hp_per_floor":[60,60,60,60,60,60,60,60,60,60],"relic_stats":{"counters":[6,26],"Tiny Chest":0,"Smiling Mask":0,"obtain_stats":[{"Tiny Chest":7,"Smiling Mask":9,"Ring of the Snake":0},{"Tiny Chest":4,"Smiling Mask":5,"Ring of the Snake":0},{"Tiny Chest":18,"Smiling Mask":24,"Ring of the Snake":0}],"Ring of the Snake":[12]},"card_choices":[{"not_picked":["Tactician","Acrobatics"],"picked":"Terror","floor":1},{"not_picked":["Dagger Throw","Leg Sweep"],"picked":"Blade Dance","floor":2},{"not_picked":["Acrobatics","Cloak And Dagger"],"picked":"Dagger Spray","floor":3},{"not_picked":["Riddle With Holes","Dash","Infinite Blades"],"picked":"SKIP","floor":7},{"not_picked":["Poisoned Stab","Acrobatics"],"picked":"Backflip","floor":8}],"player_experience":1493657,"relics_obtained":[{"floor":7,"key":"Tiny Chest"},{"floor":9,"key":"Smiling Mask"}],"event_choices":[{"damage_healed":0,"gold_gain":0,"player_choice":"1 cards matched","damage_taken":0,"max_hp_gain":0,"max_hp_loss":0,"event_name":"Match and Keep!","floor":4,"gold_loss":0,"cards_obtained":["Glass Knife"]}],"is_beta":false,"boss_relics":[],"items_purged_floors":[],"is_endless":false,"potions_floor_spawned":[1],"killed_by":"Lots of Slimes","ascension_level":20}