{"neow_bonuses_skipped_log":["THREE_CARDS","TEN_PERCENT_HP_BONUS","BOSS_RELIC"],"neow_costs_skipped_log":["NONE","NONE","NONE"],"potions_obtained_entropic_brew":[[],[],[],[],[],[],[],[],[],[],[],[],[],[],[],[],[],[],[],[],[],[],[],[],[],[],[],[],[],[],[],[],[]],"gold_per_floor":[109,13,25,25,0,0,27,27,54,79,29,44,60,75,75,149,149,165,178,6,30,30,30,61,61,61,93,110,129,129,145,145,145],"floor_reached":33,"playtime":1376,"items_purged":["Strike_G"],"score":590,"play_id":"1e7767de-c7f6-49ec-b9dd-f9734b8bae10","local_time":"20230310165520","score_breakdown":["Floors Climbed (33): 165","Enemies Slain (10): 20","Exordium Elites Killed (2): 20","City Elites Killed (2): 40","Bosses Slain (1): 50","Ascension (20): 295"],"is_ascension_mode":true,"potions_obtained_alchemize":[[],[],[],[],[],[],[],[],[],[],[],[],[],[],[],[],[],[],[],[],[],[],[],[],[],[],[],[],[],[],[],[],[]],"campfire_choices":[{"data":"Dagger Spray","floor":6,"key":"SMITH"},{"data":"Deadly Poison","floor":15,"key":"SMITH"},{"data":"Wraith Form v2","floor":23,"key":"SMITH"},{"data":"Ghostly","floor":32,"key":"SMITH"}],"lesson_learned_per_floor":[[],[],[],[],[],[],[],[],[],[],[],[],[],[],[],[],[],[],[],[],[],[],[],[],[],[],[],[],[],[],[],[],[]],"neow_cost":"CURSE","improvable_cards":{},"seed_source_timestamp":2038650682317100,"shop_contents":[{"floor":2,"relics":["Oddly Smooth Stone","Toy Ornithopter","Chemical X"],"cards":["Skewer","Outmaneuver","Tools of the Trade","Finesse","Secret Weapon"],"potions":["Fire Potion","SteroidPotion","SteroidPotion"]},{"floor":11,"relics":["TungstenRod","Dead Branch","TwistedFunnel"],"cards":["Poisoned Stab","Underhanded Strike","Concentrate","Phantasmal Killer","Envenom","PanicButton","The Bomb"],"potions":["Fire Potion","Fruit Juice","EntropicBrew"]},{"floor":20,"relics":["Darkstone Periapt","Prayer Wheel"],"cards":["Skewer","Sucker Punch","Outmaneuver","Backflip","Accuracy","Discovery","Secret Technique"],"potions":["GhostInAJar","LiquidBronze","SpeedPotion"]}],"circlet_count":0,"master_deck":["AscendersBane","Strike_G","Strike_G","Strike_G","Defend_G","Defend_G","Defend_G","Defend_G","Survivor","Neutralize","Doppelganger","Heel Hook","Dagger Spray+1","Backstab","Blade Dance","Well Laid Plans","Deadly Poison+1","Backflip","Wraith Form v2+1","Prepared","Backstab+1","Ghostly+1","Ghostly","Ghostly","Escape Plan","Prepared","Blade Dance","Acrobatics","Slice"],"potion_use_per_floor":[[],[],[],[],[],[],["DuplicationPotion"],[],[],[],[],[],[],[],[],[],[],[],["FearPotion"],[],[],[],[],[],[],[],[],[],[],[],[],[],["LiquidMemories","GamblersBrew"]],"relics":["Ring of the Snake","Mercury Hourglass","Bronze Scales","Smiling Mask","WristBlade","OrangePellets","Dream Catcher","Ornamental Fan","StrikeDummy","Art of War"],"potions_floor_usage":[7,19,33,33],"damage_taken":[{"damage":22,"enemies":"Jaw Worm","floor":1,"turns":8},{"damage":0,"enemies":"2 Louse","floor":3,"turns":2},{"damage":11,"enemies":"Gremlin Nob","floor":7,"turns":3},{"damage":15,"enemies":"Lagavulin","floor":10,"turns":8},{"damage":0,"enemies":"Cultist","floor":12,"turns":2},{"damage":0,"enemies":"2 Fungi Beasts","floor":13,"turns":2},{"damage":0,"enemies":"Looter","floor":14,"turns":2},{"damage":16,"enemies":"The Guardian","floor":16,"turns":9},{"damage":1,"enemies":"Chosen","floor":18,"turns":4},{"damage":7,"enemies":"2 Thieves","floor":19,"turns":3},{"damage":5,"enemies":"Gremlin Leader","floor":24,"turns":7},{"damage":1,"enemies":"Book of Stabbing","floor":27,"turns":5},{"damage":1,"enemies":"Centurion and Healer","floor":28,"turns":7},{"damage":2,"enemies":"3 Cultists","floor":29,"turns":5},{"damage":6,"enemies":"Snake Plant","floor":31,"turns":3},{"damage":34,"enemies":"Collector","floor":33,"turns":9}],"seed_played":"-4883771251393801189","neow_bonus_log":{"cardsObtained":["Regret","Doppelganger","Heel Hook"],"cardsUpgraded":[],"cardsRemoved":[],"cardsTransformed":["Strike_G","Defend_G"],"relicsObtained":[],"maxHpGained":0,"goldGained":0,"damageTaken":0,"goldLost":0,"maxHpLost":0},"potions_obtained":[{"floor":1,"key":"DuplicationPotion"},{"floor":3,"key":"Ancient Potion"},{"floor":12,"key":"Explosive Potion"},{"floor":13,"key":"FearPotion"},{"floor":19,"key":"GamblersBrew"},{"floor":25,"key":"LiquidMemories"}],"is_trial":false,"path_per_floor":["M","$","M","?","?","R","E","?","T","E","$","M","M","M","R","B",null,"M","M","$","T","?","R","E","?","T","E","M","M","?","M","R","B"],"character_chosen":"THE_SILENT","basemod:card_modifiers":[null,null,null,null,null,null,null,null,null,null,null,null,null,null,null,null,null,null,null,null,null,null,null,null,null,null,null,null,null],"items_purchased":["Backstab","Blade Dance","OrangePellets"],"campfire_rested":0,"item_purchase_floors":[2,2,20],"current_hp_per_floor":[37,37,37,30,30,30,19,41,41,26,26,26,26,26,26,10,52,51,44,44,44,33,33,28,28,28,27,26,24,24,18,18,0],"gold":145,"neow_bonus":"TRANSFORM_TWO_CARDS","is_prod":false,"is_daily":false,"rewards_skipped":[{"floor":24,"relics":[],"potions":["FearPotion"]},{"floor":25,"relics":[],"potions":["SmokeBomb"]}],"chose_seed":false,"campfire_upgraded":4,"win_rate":0,"floor_exit_playtime":[102,113,162,167,173,187,273,278,285,373,393,414,445,468,473,582,605,657,724,736,739,743,753,856,864,867,943,1032,1107,1112,1169,1183],"timestamp":1678485320,"path_taken":["M","$","M","?","?","R","E","?","T","E","?","M","M","M","R","BOSS","M","M","$","?","?","R","E","?","T","E","?","M","?","M","R","BOSS"],"build_version":"2022-12-18","purchased_purges":1,"victory":false,"max_hp_per_floor":[66,66,66,66,66,66,66,66,66,66,66,66,66,66,66,66,66,66,66,66,66,33,33,33,33,33,33,33,33,33,33,33,33],"relic_stats":{"OrangePellets":[9],"Dream Catcher":0,"counters":[16,79],"Ornamental Fan":[72],"Bronze Scales":[183],"Art of War":[3],"Smiling Mask":25,"obtain_stats":[{"OrangePellets":20,"Dream Catcher":21,"WristBlade":17,"Ornamental Fan":24,"Bronze Scales":9,"Art of War":27,"Smiling Mask":10,"StrikeDummy":26,"Ring of the Snake":0,"Mercury Hourglass":7},{"OrangePellets":10,"Dream Catcher":10,"WristBlade":8,"Ornamental Fan":11,"Bronze Scales":3,"Art of War":12,"Smiling Mask":4,"StrikeDummy":11,"Ring of the Snake":0,"Mercury Hourglass":3},{"OrangePellets":43,"Dream Catcher":43,"WristBlade":36,"Ornamental Fan":50,"Bronze Scales":13,"Art of War":55,"Smiling Mask":21,"StrikeDummy":50,"Ring of the Snake":0,"Mercury Hourglass":13}],"Ring of the Snake":[32],"Mercury Hourglass":[276]},"card_choices":[{"not_picked":["Distraction","Poisoned Stab"],"picked":"Dagger Spray","floor":1},{"not_picked":["Sucker Punch","Prepared","Deflect"],"picked":"SKIP","floor":3},{"not_picked":["Expertise","Caltrops"],"picked":"Well Laid Plans","floor":7},{"not_picked":["Quick Slash","Expertise"],"picked":"Deadly Poison","floor":10},{"not_picked":["Flying Knee","Distraction","Deadly Poison"],"picked":"SKIP","floor":12},{"not_picked":["Dagger Spray","Tactician","Endless Agony"],"picked":"SKIP","floor":13},{"not_picked":["Outmaneuver","Flying Knee"],"picked":"Backflip","floor":14},{"not_picked":["After Image","Malaise"],"picked":"Wraith Form v2","floor":16},{"not_picked":["Slice","Backflip"],"picked":"Prepared","floor":18},{"not_picked":["Eviscerate","Distraction"],"picked":"Backstab+1","floor":19},{"not_picked":["Concentrate","Flechettes"],"picked":"Escape Plan","floor":24},{"not_picked":["Outmaneuver","Blur"],"picked":"Prepared","floor":27},{"not_picked":["Bane","Malaise"],"picked":"Blade Dance","floor":28},{"not_picked":["Reflex","Catalyst"],"picked":"Acrobatics","floor":29},{"not_picked":["Dagger Throw","Noxious Fumes"],"picked":"Slice","floor":31}],"player_experience":1533049,"relics_obtained":[{"floor":7,"key":"Mercury Hourglass"},{"floor":9,"key":"Bronze Scales"},{"floor":10,"key":"Smiling Mask"},{"floor":21,"key":"Dream Catcher"},{"floor":24,"key":"Ornamental Fan"},{"floor":26,"key":"StrikeDummy"},{"floor":27,"key":"Art of War"}],"event_choices":[{"cards_removed":["Regret"],"damage_healed":0,"gold_gain":0,"player_choice":"Card Removal","damage_taken":7,"max_hp_gain":0,"max_hp_loss":0,"event_name":"Golden Wing","floor":4,"gold_loss":0},{"damage_healed":0,"gold_gain":0,"player_choice":"Left Gold","damage_taken":0,"max_hp_gain":0,"max_hp_loss":0,"event_name":"World of Goop","floor":5,"gold_loss":25},{"damage_healed":22,"gold_gain":0,"player_choice":"Banana","damage_taken":0,"max_hp_gain":0,"max_hp_loss":0,"event_name":"Big Fish","floor":8,"gold_loss":0},{"damage_healed":0,"gold_gain":0,"player_choice":"Became a Ghost","damage_taken":0,"max_hp_gain":0,"max_hp_loss":33,"event_name":"Ghosts","floor":22,"gold_loss":0,"cards_obtained":["Ghostly","Ghostly","Ghostly"]},{"damage_healed":0,"gold_gain":0,"player_choice":"Got Potions","damage_taken":0,"max_hp_gain":0,"max_hp_loss":0,"event_name":"Lab","floor":25,"gold_loss":0},{"damage_healed":0,"gold_gain":0,"player_choice":"Ignored","damage_taken":0,"max_hp_gain":0,"max_hp_loss":0,"event_name":"Cursed Tome","floor":30,"gold_loss":0}],"is_beta":false,"boss_relics":[{"not_picked":["Velvet Choker","Sozu"],"picked":"WristBlade"}],"items_purged_floors":[11],"is_endless":false,"potions_floor_spawned":[1,3,12,13,19,24],"killed_by":"Collector","ascension_level":20,"potion_discard_per_floor":[[],[],[],[],[],[],[],[],[],[],[],[],["Ancient Potion"],[],[],[],[],[],[],[],[],[],[],[],["Explosive Potion"],[],[],[],[],[],[],[],[]]}