{"gold_per_floor":[109,122,85,85,106,106,127,162,162,200,248,283,297,0,0,94,94,119,142,55,71,71,71,107,151,177,211,211,211,126,139,139,232,232,257,276,66,66,79,118,118,159,159,73,116,449,468,480,480,480],"floor_reached":50,"playtime":4832,"items_purged":["Infinite Blades+1"],"score":1206,"play_id":"65f4a56e-2a57-41ad-86c9-0b04804b63ba","local_time":"20230309203659","daily_mods":["SealedDeck","Diverse"],"is_ascension_mode":true,"campfire_choices":[{"data":"Sunder","floor":6,"key":"SMITH"},{"data":"Madness","floor":15,"key":"SMITH"},{"data":"Ghostly","floor":23,"key":"SMITH"},{"data":"Ghostly","floor":29,"key":"SMITH"},{"data":"True Grit","floor":32,"key":"SMITH"},{"data":"Aggregate","floor":41,"key":"SMITH"},{"floor":49,"key":"RECALL"}],"neow_cost":"","seed_source_timestamp":0,"circlet_count":0,"master_deck":["AscendersBane","Sunder+1","PiercingWail","Perseverance","Battle Trance","Evaluate","Leap","Ball Lightning","Ball Lightning","CutThroughFate","Self Repair","Deflect","Shrug It Off","Madness+1","Echo Form","Aggregate+1","Acrobatics","Ghostly+1","Ghostly+1","Ghostly","Hologram","Noxious Fumes","True Grit+1","Seek","Iron Wave+1","Carnage+1","Gash","Blood for Blood","Dark Embrace+1","Ghostly+1","Deadly Poison+1"],"relics":["Ring of the Snake","White Beast Statue","Tough Bandages","Odd Mushroom","Turnip","Membership Card","Centennial Puzzle","SlaversCollar","Art of War","Meat on the Bone","Red Mask","Bag of Preparation","Dream Catcher","Orrery","Astrolabe","Frozen Eye","Anchor","Bronze Scales","The Specimen","HornCleat","DollysMirror"],"potions_floor_usage":[12,12,19,24,25,27,31,42,47,48,50],"damage_taken":[{"damage":0,"enemies":"Cultist","floor":1,"turns":2},{"damage":0,"enemies":"Small Slimes","floor":2,"turns":1},{"damage":7,"enemies":"Jaw Worm","floor":5,"turns":3},{"damage":1,"enemies":"Blue Slaver","floor":7,"turns":3},{"damage":8,"enemies":"Gremlin Nob","floor":8,"turns":3},{"damage":0,"enemies":"The Mushroom Lair","floor":10,"turns":2},{"damage":7,"enemies":"3 Sentries","floor":12,"turns":5},{"damage":0,"enemies":"Lots of Slimes","floor":13,"turns":3},{"damage":1,"enemies":"The Guardian","floor":16,"turns":12},{"damage":12,"enemies":"Chosen","floor":18,"turns":6},{"damage":24,"enemies":"3 Byrds","floor":19,"turns":5},{"damage":1,"enemies":"Snecko","floor":21,"turns":5},{"damage":10,"enemies":"Gremlin Leader","floor":24,"turns":7},{"damage":1,"enemies":"Masked Bandits","floor":25,"turns":4},{"damage":11,"enemies":"Book of Stabbing","floor":27,"turns":7},{"damage":4,"enemies":"Sentry and Sphere","floor":31,"turns":6},{"damage":11,"enemies":"Collector","floor":33,"turns":13},{"damage":14,"enemies":"Orb Walker","floor":35,"turns":6},{"damage":22,"enemies":"3 Darklings","floor":36,"turns":8},{"damage":0,"enemies":"Spire Growth","floor":39,"turns":7},{"damage":2,"enemies":"Reptomancer","floor":40,"turns":8},{"damage":20,"enemies":"Nemesis","floor":42,"turns":9},{"damage":2,"enemies":"Reptomancer","floor":45,"turns":7},{"damage":5,"enemies":"Transient","floor":47,"turns":6},{"damage":5,"enemies":"Jaw Worm Horde","floor":48,"turns":6},{"damage":37,"enemies":"Time Eater","floor":50,"turns":12}],"seed_played":"-8768772018194522062","potions_obtained":[{"floor":2,"key":"PowerPotion"},{"floor":8,"key":"Poison Potion"},{"floor":12,"key":"Ancient Potion"},{"floor":13,"key":"Dexterity Potion"},{"floor":16,"key":"PowerPotion"},{"floor":19,"key":"ColorlessPotion"},{"floor":21,"key":"Energy Potion"},{"floor":24,"key":"SteroidPotion"},{"floor":25,"key":"Strength Potion"},{"floor":27,"key":"Energy Potion"},{"floor":31,"key":"Swift Potion"},{"floor":36,"key":"PowerPotion"},{"floor":42,"key":"DuplicationPotion"},{"floor":47,"key":"EssenceOfSteel"},{"floor":48,"key":"PowerPotion"}],"is_trial":true,"path_per_floor":["M","M","$","?","M","R","M","E","T","?","T","E","M","$","R","B",null,"M","M","$","M","?","R","E","?","T","E","?","R","$","M","R","B",null,"M","M","$","?","M","E","R","E","T","$","E","?","M","M","R","B"],"character_chosen":"THE_SILENT","basemod:card_modifiers":[null,null,null,null,null,null,null,null,null,null,null,null,null,null,null,null,null,null,null,null,null,null,null,null,null,null,null,null,null,null,null],"items_purchased":["Self Repair","Membership Card","Centennial Puzzle","Madness","Art of War","Orrery","Frozen Eye","Anchor","DollysMirror"],"campfire_rested":0,"item_purchase_floors":[3,14,14,14,20,30,37,37,44],"current_hp_per_floor":[59,59,59,59,59,59,60,59,59,59,59,59,60,60,60,60,60,48,31,31,37,30,30,20,26,26,30,30,30,30,30,30,26,29,30,27,27,27,30,30,30,29,29,29,30,30,30,30,30,0],"gold":480,"neow_bonus":"","is_prod":false,"is_daily":false,"chose_seed":false,"campfire_upgraded":6,"win_rate":0,"timestamp":1678412219,"path_taken":["M","M","$","?","M","R","M","E","T","?","?","E","M","?","R","BOSS","M","M","?","M","?","R","E","?","T","E","?","R","?","M","R","BOSS","M","M","$","?","?","E","R","E","T","$","E","?","M","M","R","BOSS"],"build_version":"2022-12-18","purchased_purges":1,"victory":false,"max_hp_per_floor":[66,66,66,60,60,60,60,60,60,60,60,60,60,60,60,60,60,60,60,60,60,30,30,30,30,30,30,30,30,30,30,30,30,30,30,30,30,30,30,30,30,30,30,30,30,30,30,30,30,30],"relic_stats":{"The Specimen":[29],"counters":[26,156],"Astrolabe":["Iron Wave","Infinite Blades","Carnage"],"Bag of Preparation":[24],"White Beast Statue":[0.0024998400000000014,0.0,0.10427520000000007,0.0,0.43920256000000024,0.0,0.38386560000000025,0.0,0.06894720000000004,0.0,0.0012096000000000008,9.167772160000002],"Frozen Eye":167.26457,"Tough Bandages":[102],"Centennial Puzzle":[51],"Dream Catcher":0,"Bronze Scales":[132],"Turnip":[14],"Art of War":[14],"Membership Card":599,"obtain_stats":[{"The Specimen":42,"Golden Idol":4,"Astrolabe":34,"Bag of Preparation":26,"Odd Mushroom":10,"White Beast Statue":8,"SlaversCollar":17,"Frozen Eye":37,"Tough Bandages":9,"Centennial Puzzle":14,"Dream Catcher":27,"Anchor":37,"HornCleat":43,"DollysMirror":44,"Bronze Scales":40,"Orrery":30,"Turnip":12,"Art of War":20,"Red Mask":25,"Membership Card":14,"Ring of the Snake":0,"Meat on the Bone":24},{"The Specimen":22,"Golden Idol":2,"Astrolabe":17,"Bag of Preparation":14,"Odd Mushroom":6,"White Beast Statue":5,"SlaversCollar":9,"Frozen Eye":19,"Tough Bandages":5,"Centennial Puzzle":8,"Dream Catcher":15,"Anchor":19,"HornCleat":22,"DollysMirror":22,"Bronze Scales":21,"Orrery":15,"Turnip":7,"Art of War":11,"Red Mask":14,"Membership Card":8,"Ring of the Snake":0,"Meat on the Bone":13},{"The Specimen":125,"Golden Idol":3,"Astrolabe":87,"Bag of Preparation":61,"Odd Mushroom":14,"White Beast Statue":12,"SlaversCollar":34,"Frozen Eye":101,"Tough Bandages":12,"Centennial Puzzle":22,"Dream Catcher":68,"Anchor":101,"HornCleat":125,"DollysMirror":125,"Bronze Scales":116,"Orrery":68,"Turnip":19,"Art of War":45,"Red Mask":61,"Membership Card":22,"Ring of the Snake":0,"Meat on the Bone":57}],"Ring of the Snake":[52],"Meat on the Bone":48},"card_choices":[{"not_picked":["CutThroughFate","Evolve"],"picked":"FollowUp","floor":1},{"not_picked":["WheelKick","Warcry"],"picked":"CutThroughFate","floor":2},{"not_picked":["Hologram","Endless Agony","Gash"],"picked":"SKIP","floor":5},{"not_picked":["Finisher","Twin Strike","FlyingSleeves"],"picked":"SKIP","floor":7},{"not_picked":["SashWhip","Hemokinesis"],"picked":"Deflect","floor":8},{"not_picked":["Dropkick","Prepared","Fission"],"picked":"SKIP","floor":12},{"not_picked":["Backstab","Redo"],"picked":"Shrug It Off","floor":13},{"not_picked":["Phantasmal Killer","Reaper"],"picked":"Echo Form","floor":16},{"not_picked":["Melter","Thunderclap"],"picked":"Aggregate","floor":18},{"not_picked":["Protect","CrushJoints"],"picked":"Acrobatics","floor":19},{"not_picked":["Reprogram","Blood for Blood","Ragnarok"],"picked":"SKIP","floor":21},{"not_picked":["Anger","FollowUp","Cold Snap"],"picked":"SKIP","floor":24},{"not_picked":["Barrage","SignatureMove","Headbutt"],"picked":"SKIP","floor":27},{"not_picked":["Tempest+1","DeceiveReality"],"picked":"Hologram","floor":30},{"not_picked":["Tactician+1","Chill"],"picked":"Noxious Fumes","floor":30},{"not_picked":["Setup","Protect"],"picked":"True Grit","floor":31},{"not_picked":["Corpse Explosion","Malaise"],"picked":"Seek","floor":33},{"not_picked":["Gash","Cold Snap","Wild Strike"],"picked":"SKIP","floor":35},{"not_picked":["Cold Snap","Wild Strike"],"picked":"Gash","floor":35},{"not_picked":["Anger","Skewer","Heel Hook"],"picked":"SKIP","floor":36},{"not_picked":["Havoc","Reflex+1"],"picked":"Blood for Blood","floor":39},{"not_picked":["Storm","Predator","FollowUp"],"picked":"SKIP","floor":40},{"not_picked":["Anger","Dash"],"picked":"Dark Embrace+1","floor":42},{"not_picked":["Sever Soul","Sweeping Beam"],"picked":"Deadly Poison+1","floor":45},{"not_picked":["ClearTheMind","Finisher+1","ReachHeaven"],"picked":"SKIP","floor":47},{"not_picked":["Redo","Doom and Gloom+1","Wallop"],"picked":"SKIP","floor":48}],"player_experience":1522064,"relics_obtained":[{"floor":8,"key":"White Beast Statue"},{"floor":9,"key":"Tough Bandages"},{"floor":10,"key":"Odd Mushroom"},{"floor":12,"key":"Turnip"},{"floor":24,"key":"Meat on the Bone"},{"floor":25,"key":"Red Mask"},{"floor":26,"key":"Bag of Preparation"},{"floor":27,"key":"Dream Catcher"},{"floor":40,"key":"Bronze Scales"},{"floor":42,"key":"The Specimen"},{"floor":43,"key":"HornCleat"}],"event_choices":[{"damage_healed":0,"gold_gain":0,"player_choice":"Lose Max HP","damage_taken":0,"relics_obtained":["Golden Idol"],"max_hp_gain":0,"max_hp_loss":6,"event_name":"Golden Idol","floor":4,"gold_loss":0},{"damage_healed":0,"gold_gain":0,"player_choice":"Fought Mushrooms","damage_taken":0,"max_hp_gain":0,"max_hp_loss":0,"event_name":"Mushrooms","floor":10,"gold_loss":0},{"damage_healed":0,"gold_gain":0,"player_choice":"Became a Ghost","damage_taken":0,"max_hp_gain":0,"max_hp_loss":30,"event_name":"Ghosts","floor":22,"gold_loss":0,"cards_obtained":["Ghostly","Ghostly","Ghostly"]},{"damage_healed":0,"gold_gain":0,"player_choice":"Fought Bandits","damage_taken":0,"max_hp_gain":0,"max_hp_loss":0,"event_name":"Masked Bandits","floor":25,"gold_loss":0},{"damage_healed":0,"gold_gain":0,"player_choice":"Ignored","damage_taken":0,"max_hp_gain":0,"max_hp_loss":0,"event_name":"The Mausoleum","floor":28,"gold_loss":0},{"damage_healed":0,"gold_gain":0,"player_choice":"Got Potions","damage_taken":0,"max_hp_gain":0,"max_hp_loss":0,"event_name":"Lab","floor":38,"gold_loss":0},{"damage_healed":0,"gold_gain":333,"player_choice":"Gave Idol","damage_taken":0,"max_hp_gain":0,"max_hp_loss":0,"event_name":"The Moai Head","floor":46,"relics_lost":["Golden Idol"],"gold_loss":0}],"is_beta":false,"boss_relics":[{"not_picked":["SacredBark","Tiny House"],"picked":"SlaversCollar"},{"not_picked":["Fusion Hammer","Busted Crown"],"picked":"Astrolabe"}],"items_purged_floors":[37],"is_endless":false,"potions_floor_spawned":[2,8,10,12,13,16,18,19,21,24,25,27,31,33,35,36,39,40,42,45,47,48],"killed_by":"Time Eater","ascension_level":20}