{"neow_bonuses_skipped_log":["UPGRADE_CARD","TWENTY_PERCENT_HP_BONUS","BOSS_RELIC"],"neow_costs_skipped_log":["NONE","CURSE","NONE"],"potions_obtained_entropic_brew":[[],[],[],[],[],[],[],[],[],[],[],[],[],[],[],[]],"gold_per_floor":[215,31,46,96,114,114,189,215,215,234,214,214,230,243,243,243],"floor_reached":16,"playtime":530,"items_purged":[],"score":208,"play_id":"44c31350-cd3b-4b50-aeea-766c68f6238d","local_time":"20230310161602","score_breakdown":["Floors Climbed (16): 80","Enemies Slain (7): 14","Exordium Elites Killed (1): 10","Bosses Slain (0): 0","Ascension (20): 104"],"is_ascension_mode":true,"potions_obtained_alchemize":[[],[],[],[],[],[],[],[],[],[],[],[],[],[],[],[]],"campfire_choices":[{"data":"Cloak And Dagger","floor":6,"key":"SMITH"},{"floor":12,"key":"REST"},{"floor":15,"key":"REST"}],"lesson_learned_per_floor":[[],[],[],[],[],[],[],[],[],[],[],[],[],[],[],[]],"neow_cost":"NONE","improvable_cards":{},"seed_source_timestamp":2037112218531900,"shop_contents":[{"floor":2,"relics":["Ninja Scroll","Paper Crane"],"cards":["Backstab","Cloak And Dagger","Catalyst","Tools of the Trade","Flash of Steel","Thinking Ahead"],"potions":["Energy Potion","Explosive Potion","Energy Potion"]}],"circlet_count":0,"master_deck":["AscendersBane","Strike_G","Strike_G","Strike_G","Strike_G","Strike_G","Defend_G","Defend_G","Defend_G","Defend_G","Defend_G","Survivor","Neutralize","Blade Dance","All Out Attack","Accuracy","Cloak And Dagger+1","After Image","Noxious Fumes","Cloak And Dagger","Blade Dance"],"potion_use_per_floor":[[],[],[],[],[],[],[],["DistilledChaos"],[],[],["Block Potion"],[],[],[],[],["GamblersBrew"]],"relics":["Ring of the Snake","Membership Card","Question Card","The Courier"],"potions_floor_usage":[8,11,16],"damage_taken":[{"damage":2,"enemies":"Small Slimes","floor":1,"turns":5},{"damage":0,"enemies":"Cultist","floor":3,"turns":3},{"damage":3,"enemies":"2 Louse","floor":5,"turns":2},{"damage":15,"enemies":"3 Sentries","floor":8,"turns":7},{"damage":2,"enemies":"Looter","floor":10,"turns":2},{"damage":1,"enemies":"Exordium Thugs","floor":11,"turns":4},{"damage":23,"enemies":"Gremlin Gang","floor":13,"turns":5},{"damage":1,"enemies":"2 Fungi Beasts","floor":14,"turns":3},{"damage":36,"enemies":"Slime Boss","floor":16,"turns":6}],"seed_played":"1649918969935492634","neow_bonus_log":{"cardsObtained":[],"cardsUpgraded":[],"cardsRemoved":[],"cardsTransformed":[],"relicsObtained":[],"maxHpGained":0,"goldGained":100,"damageTaken":0,"goldLost":0,"maxHpLost":0},"potions_obtained":[{"floor":3,"key":"DistilledChaos"},{"floor":5,"key":"Block Potion"},{"floor":14,"key":"GamblersBrew"}],"is_trial":false,"path_per_floor":["M","$","M","?","M","R","?","E","T","M","M","R","M","M","R","B"],"character_chosen":"THE_SILENT","basemod:card_modifiers":[null,null,null,null,null,null,null,null,null,null,null,null,null,null,null,null,null,null,null,null,null],"items_purchased":["Membership Card","All Out Attack"],"campfire_rested":2,"item_purchase_floors":[2,2],"current_hp_per_floor":[57,57,57,51,48,48,37,22,22,20,19,38,15,14,33,0],"gold":243,"neow_bonus":"HUNDRED_GOLD","is_prod":false,"is_daily":false,"rewards_skipped":[],"chose_seed":false,"campfire_upgraded":1,"win_rate":0,"floor_exit_playtime":[56,98,125,129,158,170,173,254,256,288,348,352,415,443,446],"timestamp":1678482962,"path_taken":["M","$","M","?","?","R","?","E","T","M","M","R","M","M","R","BOSS"],"build_version":"2022-12-18","purchased_purges":0,"victory":false,"max_hp_per_floor":[66,66,66,66,66,66,66,66,66,66,66,66,66,66,66,66],"relic_stats":{"counters":[9,37],"The Courier":18,"Membership Card":18,"Question Card":4,"obtain_stats":[{"The Courier":9,"Membership Card":2,"Question Card":8,"Ring of the Snake":0},{"The Courier":4,"Membership Card":1,"Question Card":4,"Ring of the Snake":0},{"The Courier":17,"Membership Card":5,"Question Card":17,"Ring of the Snake":0}],"Ring of the Snake":[18]},"card_choices":[{"not_picked":["Deadly Poison","Dagger Throw"],"picked":"Blade Dance","floor":1},{"not_picked":["Underhanded Strike","Dash"],"picked":"Accuracy","floor":3},{"not_picked":["Sucker Punch","Caltrops"],"picked":"Cloak And Dagger","floor":5},{"not_picked":["Bane","Leg Sweep"],"picked":"After Image","floor":8},{"not_picked":["Terror","Outmaneuver","Dodge and Roll"],"picked":"Noxious Fumes","floor":10},{"not_picked":["Dodge and Roll","Slice","Distraction","Bane"],"picked":"SKIP","floor":11},{"not_picked":["Backflip","Tactician","Caltrops"],"picked":"Cloak And Dagger","floor":13},{"not_picked":["Slice","Caltrops","Dodge and Roll"],"picked":"Blade Dance","floor":14}],"player_experience":1531733,"relics_obtained":[{"floor":8,"key":"Question Card"},{"floor":9,"key":"The Courier"}],"event_choices":[{"damage_healed":0,"gold_gain":50,"player_choice":"Touch","damage_taken":6,"max_hp_gain":0,"max_hp_loss":0,"event_name":"FaceTrader","floor":4,"gold_loss":0},{"damage_healed":0,"gold_gain":75,"player_choice":"Gather Gold","damage_taken":11,"max_hp_gain":0,"max_hp_loss":0,"event_name":"World of Goop","floor":7,"gold_loss":0}],"is_beta":false,"boss_relics":[],"items_purged_floors":[],"is_endless":false,"potions_floor_spawned":[3,5,14],"killed_by":"Slime Boss","ascension_level":20,"potion_discard_per_floor":[[],[],[],[],[],[],[],[],[],[],[],[],[],[],[],[]]}