{"neow_bonuses_skipped_log":["TRANSFORM_CARD","TRANSFORM_TWO_CARDS","BOSS_RELIC"],"potions_obtained_entropic_brew":[[],[],[],[],[],[],[],[],[],[],[],[],[],[],[],[],[],[],[],[],[],[],[],[]],"neow_costs_skipped_log":["NONE","PERCENT_DAMAGE","NONE"],"gold_per_floor":[218,218,1,13,29,29,59,78,78,78,97,97,110,139,139,212,212,229,239,239,239,239,239,239],"floor_reached":24,"playtime":1153,"items_purged":["Defend_G"],"score":412,"play_id":"b46635ac-2fee-4b99-a0a6-1ecacb9b220b","local_time":"20230313112021","score_breakdown":["Floors Climbed (24): 120","Enemies Slain (8): 16","Exordium Elites Killed (2): 20","City Elites Killed (0): 0","Bosses Slain (1): 50","Ascension (20): 206"],"is_ascension_mode":true,"potions_obtained_alchemize":[[],[],[],[],[],[],[],[],[],[],[],[],[],[],[],[],[],[],[],[],[],[],[],[]],"campfire_choices":[{"data":"Bouncing Flask","floor":6,"key":"SMITH"},{"data":"Acrobatics","floor":10,"key":"SMITH"},{"data":"Noxious Fumes","floor":12,"key":"SMITH"},{"data":"Cloak And Dagger","floor":15,"key":"SMITH"},{"data":"Wraith Form v2","floor":23,"key":"SMITH"}],"lesson_learned_per_floor":[[],[],[],[],[],[],[],[],[],[],[],[],[],[],[],[],[],[],[],[],[],[],[],[]],"neow_cost":"NONE","improvable_cards":{},"seed_source_timestamp":2274375273282600,"shop_contents":[{"floor":3,"relics":["MealTicket","Whetstone","Toolbox"],"cards":["Eviscerate","Bane","Acrobatics","Leg Sweep","Good Instincts","Chrysalis"],"potions":["PowerPotion","PowerPotion"]}],"circlet_count":0,"master_deck":["AscendersBane","Survivor","Neutralize","Bouncing Flask+1","Noxious Fumes+1","Backstab","Dagger Throw","Underhanded Strike","Acrobatics+1","Dodge and Roll","Blade Dance","Cloak And Dagger+1","Wraith Form v2+1","Finisher","Blur","Heel Hook","Dash","Caltrops","Skewer","Doppelganger","Slice","Cloak And Dagger","Acrobatics","Reflex"],"potion_use_per_floor":[[],[],[],[],[],[],["Explosive Potion"],[],[],[],[],[],[],["Poison Potion"],[],[],[],[],["Dexterity Potion"],[],[],[],[],[]],"relics":["Ring of the Snake","Kunai","Ancient Tea Set","Pandora\u0027s Box"],"potions_floor_usage":[7,14,19],"damage_taken":[{"damage":1,"enemies":"Small Slimes","floor":1,"turns":5},{"damage":0,"enemies":"Cultist","floor":4,"turns":4},{"damage":2,"enemies":"Jaw Worm","floor":5,"turns":4},{"damage":12,"enemies":"3 Sentries","floor":7,"turns":6},{"damage":8,"enemies":"Red Slaver","floor":8,"turns":4},{"damage":0,"enemies":"Lots of Slimes","floor":11,"turns":4},{"damage":1,"enemies":"3 Louse","floor":13,"turns":4},{"damage":2,"enemies":"Gremlin Nob","floor":14,"turns":3},{"damage":16,"enemies":"The Guardian","floor":16,"turns":10},{"damage":0,"enemies":"Spheric Guardian","floor":18,"turns":4},{"damage":13,"enemies":"Shell Parasite","floor":19,"turns":6},{"damage":46,"enemies":"Book of Stabbing","floor":24,"turns":4}],"seed_played":"-4562719609618336294","neow_bonus_log":{"cardsObtained":[],"cardsUpgraded":[],"cardsRemoved":[],"cardsTransformed":[],"relicsObtained":[],"maxHpGained":0,"goldGained":100,"damageTaken":0,"goldLost":0,"maxHpLost":0},"potions_obtained":[{"floor":1,"key":"Explosive Potion"},{"floor":8,"key":"Dexterity Potion"},{"floor":16,"key":"FearPotion"}],"is_trial":false,"path_per_floor":["M","?","$","M","M","R","E","M","T","R","M","R","M","E","R","B",null,"M","M","?","?","?","R","E"],"character_chosen":"THE_SILENT","basemod:card_modifiers":[null,null,null,null,null,null,null,null,null,null,null,null,null,null,null,null,null,null,null,null,null,null,null,null],"items_purchased":["Noxious Fumes","Poison Potion"],"campfire_rested":0,"item_purchase_floors":[3,3],"current_hp_per_floor":[58,58,58,58,56,56,44,36,36,36,36,36,35,33,33,17,54,54,41,41,41,41,41,0],"gold":239,"neow_bonus":"HUNDRED_GOLD","is_prod":false,"is_daily":false,"rewards_skipped":[{"floor":4,"relics":[],"potions":["EssenceOfSteel"]},{"floor":11,"relics":[],"potions":["Weak Potion"]}],"chose_seed":false,"campfire_upgraded":5,"win_rate":0,"floor_exit_playtime":[58,66,91,128,167,182,291,324,333,364,485,494,563,612,620,773,809,919,1042,1046,1053,1073,1082],"timestamp":1678720821,"blue_key_relic_skipped_log":{"floor":9,"relicID":"Blue Candle"},"path_taken":["M","?","$","M","M","R","E","M","T","R","?","R","M","E","R","BOSS","M","M","?","?","?","R","E"],"build_version":"2022-12-18","purchased_purges":1,"victory":false,"max_hp_per_floor":[66,66,66,66,66,66,66,66,66,66,66,66,66,66,66,66,66,66,66,66,66,66,66,66],"relic_stats":{"counters":[12,58],"Pandora\u0027s Box":["Finisher","Blur","Heel Hook","Dash","Caltrops","Skewer","Doppelganger","Slice"],"Kunai":[15],"Ancient Tea Set":[4],"obtain_stats":[{"Pandora\u0027s Box":17,"Kunai":7,"Ancient Tea Set":14,"Ring of the Snake":0},{"Pandora\u0027s Box":9,"Kunai":4,"Ancient Tea Set":8,"Ring of the Snake":0},{"Pandora\u0027s Box":44,"Kunai":19,"Ancient Tea Set":34,"Ring of the Snake":0}],"Ring of the Snake":[24]},"card_choices":[{"not_picked":["Masterful Stab","Outmaneuver"],"picked":"Bouncing Flask","floor":1},{"not_picked":["Choke","Catalyst"],"picked":"Backstab","floor":4},{"not_picked":["Underhanded Strike","Poisoned Stab"],"picked":"Dagger Throw","floor":5},{"not_picked":["Phantasmal Killer","Dodge and Roll"],"picked":"Underhanded Strike","floor":7},{"not_picked":["Outmaneuver","Flechettes"],"picked":"Acrobatics","floor":8},{"not_picked":["Flechettes","Backflip"],"picked":"Dodge and Roll","floor":11},{"not_picked":["Well Laid Plans","Concentrate"],"picked":"Blade Dance","floor":13},{"not_picked":["A Thousand Cuts","Setup"],"picked":"Cloak And Dagger","floor":14},{"not_picked":["Phantasmal Killer","Envenom"],"picked":"Wraith Form v2","floor":16},{"not_picked":["Crippling Poison","Choke"],"picked":"Cloak And Dagger","floor":18},{"not_picked":["Sucker Punch","Distraction"],"picked":"Acrobatics","floor":19},{"not_picked":["Blade Dance","Endless Agony","Bane","Accuracy","Prepared","Poisoned Stab","PiercingWail","Underhanded Strike","Dagger Throw","Blur","Expertise","Outmaneuver","Dagger Spray","Acrobatics","Deadly Poison","Masterful Stab","Flying Knee","Choke","Sucker Punch"],"picked":"Reflex","floor":22}],"player_experience":1561768,"relics_obtained":[{"floor":7,"key":"Kunai"},{"floor":14,"key":"Ancient Tea Set"}],"event_choices":[{"cards_removed":["Strike_G"],"damage_healed":0,"gold_gain":0,"player_choice":"Purged","damage_taken":0,"max_hp_gain":0,"max_hp_loss":0,"event_name":"Purifier","floor":2,"gold_loss":0},{"damage_healed":0,"gold_gain":0,"player_choice":"Ignored","damage_taken":0,"max_hp_gain":0,"max_hp_loss":0,"event_name":"Vampires","floor":20,"gold_loss":0},{"damage_healed":0,"gold_gain":0,"player_choice":"Ignored","damage_taken":0,"max_hp_gain":0,"max_hp_loss":0,"event_name":"Cursed Tome","floor":21,"gold_loss":0},{"damage_healed":0,"gold_gain":0,"player_choice":"Read","damage_taken":0,"max_hp_gain":0,"max_hp_loss":0,"event_name":"The Library","floor":22,"gold_loss":0,"cards_obtained":["Reflex"]}],"is_beta":false,"boss_relics":[{"not_picked":["Ectoplasm","Sozu"],"picked":"Pandora\u0027s Box"}],"items_purged_floors":[3],"is_endless":false,"potions_floor_spawned":[1,4,8,11,16],"killed_by":"Book of Stabbing","ascension_level":20,"potion_discard_per_floor":[[],[],[],[],[],[],[],[],[],[],[],[],[],[],[],[],[],[],[],[],[],[],[],[]]}