{"gold_per_floor":[110,128,53,67,142,142,159,194,217,217,217,217,217,227,227,227],"floor_reached":16,"playtime":511,"items_purged":[],"score":200,"play_id":"23bc6a7d-134f-4156-aabc-8d5f89391f8f","local_time":"20230305154123","is_ascension_mode":true,"campfire_choices":[{"data":"Poisoned Stab","floor":6,"key":"SMITH"},{"floor":11,"key":"REST"},{"data":"Caltrops","floor":15,"key":"SMITH"}],"neow_cost":"NONE","seed_source_timestamp":1603079172434100,"circlet_count":0,"master_deck":["AscendersBane","Strike_G","Strike_G","Strike_G","Defend_G+1","Defend_G","Defend_G","Defend_G","Defend_G+1","Survivor","Neutralize","Poisoned Stab+1","Underhanded Strike","Blade Dance","Caltrops+1","Corpse Explosion"],"relics":["Ring of the Snake","NeowsBlessing","Snake Skull","Omamori","Smiling Mask"],"potions_floor_usage":[8,14,16],"damage_taken":[{"damage":0,"enemies":"Jaw Worm","floor":1,"turns":1},{"damage":0,"enemies":"2 Louse","floor":2,"turns":1},{"damage":0,"enemies":"Small Slimes","floor":4,"turns":1},{"damage":0,"enemies":"3 Louse","floor":7,"turns":3},{"damage":21,"enemies":"3 Sentries","floor":8,"turns":11},{"damage":0,"enemies":"Gremlin Gang","floor":14,"turns":5},{"damage":20,"enemies":"The Guardian","floor":16,"turns":2}],"seed_played":"-5636592306379383041","potions_obtained":[{"floor":1,"key":"Dexterity Potion"},{"floor":4,"key":"Block Potion"},{"floor":14,"key":"GamblersBrew"}],"is_trial":false,"path_per_floor":["M","M","?","M","?","R","M","E","T","?","R","T","?","M","R","B"],"character_chosen":"THE_SILENT","basemod:card_modifiers":[null,null,null,null,null,null,null,null,null,null,null,null,null,null,null,null],"items_purchased":[],"campfire_rested":1,"item_purchase_floors":[],"current_hp_per_floor":[59,59,59,59,48,48,48,27,27,7,26,26,19,19,19,0],"gold":227,"neow_bonus":"THREE_ENEMY_KILL","is_prod":false,"is_daily":false,"chose_seed":false,"campfire_upgraded":2,"win_rate":0,"timestamp":1678048883,"path_taken":["M","M","?","M","?","R","?","E","T","?","R","?","?","M","R","BOSS"],"build_version":"2022-12-18","purchased_purges":0,"victory":false,"max_hp_per_floor":[66,66,66,66,66,66,66,66,66,66,66,66,66,66,66,66],"relic_stats":{"counters":[7,24],"Snake Skull":[3],"Omamori":0,"Smiling Mask":0,"obtain_stats":[{"NeowsBlessing":0,"Snake Skull":8,"Omamori":9,"Smiling Mask":12,"Ring of the Snake":0},{"NeowsBlessing":0,"Snake Skull":5,"Omamori":5,"Smiling Mask":5,"Ring of the Snake":0},{"NeowsBlessing":0,"Snake Skull":17,"Omamori":17,"Smiling Mask":17,"Ring of the Snake":0}],"Ring of the Snake":[14]},"card_choices":[{"not_picked":["Infinite Blades","Heel Hook"],"picked":"Poisoned Stab","floor":1},{"not_picked":["Sucker Punch","Cloak And Dagger"],"picked":"Underhanded Strike","floor":2},{"not_picked":["Setup","Escape Plan","Catalyst"],"picked":"SKIP","floor":4},{"not_picked":["Dagger Spray","PiercingWail"],"picked":"Blade Dance","floor":7},{"not_picked":["Prepared","Dodge and Roll"],"picked":"Caltrops","floor":8},{"not_picked":["Distraction","Prepared"],"picked":"Corpse Explosion","floor":14}],"player_experience":1492065,"relics_obtained":[{"floor":8,"key":"Snake Skull"},{"floor":9,"key":"Omamori"},{"floor":12,"key":"Smiling Mask"}],"event_choices":[{"cards_removed":["Strike_G"],"damage_healed":0,"gold_gain":0,"player_choice":"Card Removal","damage_taken":0,"max_hp_gain":0,"max_hp_loss":0,"event_name":"The Cleric","floor":3,"gold_loss":75},{"damage_healed":0,"gold_gain":75,"player_choice":"Gather Gold","damage_taken":11,"max_hp_gain":0,"max_hp_loss":0,"event_name":"World of Goop","floor":5,"gold_loss":0},{"damage_healed":0,"gold_gain":0,"player_choice":"Entered Light","damage_taken":20,"max_hp_gain":0,"max_hp_loss":0,"event_name":"Shining Light","floor":10,"gold_loss":0,"cards_upgraded":["Defend_G","Defend_G"]},{"cards_removed":["Strike_G"],"damage_healed":0,"gold_gain":0,"player_choice":"Card Removal","damage_taken":7,"max_hp_gain":0,"max_hp_loss":0,"event_name":"Golden Wing","floor":13,"gold_loss":0}],"is_beta":false,"boss_relics":[],"items_purged_floors":[],"is_endless":false,"potions_floor_spawned":[1,4,14],"killed_by":"The Guardian","ascension_level":20}