{"gold_per_floor":[117,130,147,165,31,31,53,80,80,98,98,98,123,136,136,136],"floor_reached":16,"playtime":674,"items_purged":["Strike_G"],"score":224,"play_id":"87a48322-f885-482f-a02f-fc8a3b90e036","local_time":"20230309175806","is_ascension_mode":true,"campfire_choices":[{"data":"Dagger Spray","floor":6,"key":"SMITH"},{"data":"Noxious Fumes","floor":11,"key":"SMITH"},{"floor":15,"key":"REST"}],"neow_cost":"PERCENT_DAMAGE","seed_source_timestamp":1956721140706700,"circlet_count":0,"master_deck":["AscendersBane","Strike_G","Strike_G","Strike_G","Defend_G","Defend_G","Defend_G","Defend_G","Survivor","Neutralize","Burst","Riddle With Holes","Dagger Spray+1","Quick Slash","Noxious Fumes","Noxious Fumes+1","Blade Dance","Dash","Escape Plan"],"relics":["Ring of the Snake","Odd Mushroom","Omamori","Pear","White Beast Statue"],"potions_floor_usage":[7,13,13],"damage_taken":[{"damage":4,"enemies":"Cultist","floor":1,"turns":4},{"damage":7,"enemies":"Small Slimes","floor":2,"turns":3},{"damage":2,"enemies":"Jaw Worm","floor":3,"turns":4},{"damage":6,"enemies":"2 Fungi Beasts","floor":4,"turns":3},{"damage":0,"enemies":"The Mushroom Lair","floor":7,"turns":2},{"damage":12,"enemies":"3 Sentries","floor":8,"turns":6},{"damage":3,"enemies":"Large Slime","floor":10,"turns":7},{"damage":15,"enemies":"Gremlin Nob","floor":13,"turns":4},{"damage":0,"enemies":"3 Louse","floor":14,"turns":2},{"damage":38,"enemies":"Slime Boss","floor":16,"turns":3}],"seed_played":"7622499100500035419","potions_obtained":[{"floor":3,"key":"SkillPotion"},{"floor":4,"key":"GamblersBrew"},{"floor":10,"key":"BlessingOfTheForge"},{"floor":14,"key":"SpeedPotion"}],"is_trial":false,"path_per_floor":["M","M","M","M","$","R","?","E","T","M","R","?","E","M","R","B"],"character_chosen":"THE_SILENT","basemod:card_modifiers":[null,null,null,null,null,null,null,null,null,null,null,null,null,null,null,null,null,null,null],"items_purchased":["Blade Dance"],"campfire_rested":1,"item_purchase_floors":[5],"current_hp_per_floor":[40,33,31,25,25,25,25,13,23,20,20,20,5,5,27,0],"gold":136,"neow_bonus":"TRANSFORM_TWO_CARDS","is_prod":false,"is_daily":false,"chose_seed":false,"campfire_upgraded":2,"win_rate":0,"timestamp":1678402686,"path_taken":["M","?","M","M","?","R","?","E","T","M","R","?","E","M","R","BOSS"],"build_version":"2022-12-18","purchased_purges":1,"victory":false,"max_hp_per_floor":[66,66,66,66,66,66,66,66,76,76,76,76,76,76,76,76],"relic_stats":{"counters":[10,38],"Omamori":0,"obtain_stats":[{"Pear":9,"Omamori":8,"Odd Mushroom":7,"White Beast Statue":13,"Ring of the Snake":0},{"Pear":6,"Omamori":6,"Odd Mushroom":5,"White Beast Statue":8,"Ring of the Snake":0},{"Pear":22,"Omamori":22,"Odd Mushroom":16,"White Beast Statue":33,"Ring of the Snake":0}],"White Beast Statue":[0.0,0.0,0.0,0.0,0.0,0.6000000000000001,0.0,0.4,0.0,0.0,0.0,0.6000000000000001],"Ring of the Snake":[20]},"card_choices":[{"not_picked":["Dagger Throw","Sucker Punch"],"picked":"Dagger Spray","floor":1},{"not_picked":["Tactician","Reflex"],"picked":"Quick Slash","floor":2},{"not_picked":["Cloak And Dagger","After Image"],"picked":"Noxious Fumes","floor":3},{"not_picked":["Well Laid Plans","Concentrate"],"picked":"Noxious Fumes","floor":4},{"not_picked":["Distraction","Bouncing Flask","PiercingWail"],"picked":"SKIP","floor":8},{"not_picked":["Blade Dance","Sucker Punch"],"picked":"Dash","floor":10},{"not_picked":["Outmaneuver","Envenom"],"picked":"Escape Plan","floor":13},{"not_picked":["Flechettes","Deadly Poison","Poisoned Stab"],"picked":"SKIP","floor":14}],"player_experience":1517488,"relics_obtained":[{"floor":7,"key":"Odd Mushroom"},{"floor":8,"key":"Omamori"},{"floor":9,"key":"Pear"},{"floor":13,"key":"White Beast Statue"}],"event_choices":[{"damage_healed":0,"gold_gain":0,"player_choice":"Fought Mushrooms","damage_taken":0,"max_hp_gain":0,"max_hp_loss":0,"event_name":"Mushrooms","floor":7,"gold_loss":0},{"damage_healed":0,"gold_gain":0,"player_choice":"Fled","damage_taken":0,"max_hp_gain":0,"max_hp_loss":0,"event_name":"Scrap Ooze","floor":12,"gold_loss":0}],"is_beta":false,"boss_relics":[],"items_purged_floors":[5],"is_endless":false,"potions_floor_spawned":[3,4,10,14],"killed_by":"Slime Boss","ascension_level":20}