{"gold_per_floor":[111,126,143,193,205,205,231,71,95,95,106,139,149,161,161,234,234,245,6,6,6,20,20],"floor_reached":23,"playtime":1371,"items_purged":["Strike_G"],"score":406,"play_id":"6502a4c6-d87b-4c0d-b2c7-b44d9f0f8809","local_time":"20230309182106","is_ascension_mode":true,"campfire_choices":[{"data":"Bouncing Flask","floor":6,"key":"SMITH"},{"data":"All Out Attack","floor":10,"key":"SMITH"},{"floor":15,"key":"REST"}],"neow_cost":"TEN_PERCENT_HP_LOSS","seed_source_timestamp":1957404440669300,"circlet_count":0,"master_deck":["AscendersBane","Defend_G+1","Defend_G+1","Defend_G+1","Defend_G+1","Defend_G+1","Survivor","Neutralize","Sadistic Nature","Backstab","Bouncing Flask+1","All Out Attack+1","Adrenaline","Well Laid Plans","PiercingWail","Deflect","Die Die Die","Poisoned Stab+1","Corpse Explosion+1","All Out Attack+1","Acrobatics","Deflect","Catalyst"],"relics":["Ring of the Snake","Juzu Bracelet","Centennial Puzzle","Potion Belt","Astrolabe","Toolbox"],"potions_floor_usage":[7,16,16,23],"damage_taken":[{"damage":0,"enemies":"2 Louse","floor":1,"turns":4},{"damage":0,"enemies":"Cultist","floor":2,"turns":4},{"damage":2,"enemies":"Small Slimes","floor":3,"turns":3},{"damage":9,"enemies":"Exordium Thugs","floor":5,"turns":4},{"damage":10,"enemies":"3 Sentries","floor":7,"turns":6},{"damage":1,"enemies":"Lots of Slimes","floor":11,"turns":3},{"damage":8,"enemies":"Gremlin Nob","floor":12,"turns":3},{"damage":4,"enemies":"Large Slime","floor":13,"turns":2},{"damage":2,"enemies":"Exordium Wildlife","floor":14,"turns":4},{"damage":29,"enemies":"Hexaghost","floor":16,"turns":10},{"damage":0,"enemies":"Chosen","floor":18,"turns":4},{"damage":4,"enemies":"3 Byrds","floor":22,"turns":3},{"damage":44,"enemies":"Gremlin Leader","floor":23,"turns":6}],"seed_played":"6089113320442331005","potions_obtained":[{"floor":3,"key":"AttackPotion"},{"floor":12,"key":"EssenceOfSteel"},{"floor":13,"key":"Swift Potion"},{"floor":14,"key":"DuplicationPotion"}],"is_trial":false,"path_per_floor":["M","M","M","?","M","R","E","$","T","R","M","E","M","M","R","B",null,"M","$","?","?","M","E"],"character_chosen":"THE_SILENT","basemod:card_modifiers":[null,null,null,null,null,null,null,null,null,null,null,null,null,null,null,null,null,null,null,null,null,null,null],"items_purchased":["Adrenaline","Well Laid Plans","Toolbox"],"campfire_rested":1,"item_purchase_floors":[8,8,19],"current_hp_per_floor":[59,59,57,51,42,42,32,32,32,32,31,23,19,17,35,6,47,47,47,47,47,43,0],"gold":20,"neow_bonus":"RANDOM_COLORLESS_2","is_prod":false,"is_daily":false,"chose_seed":false,"campfire_upgraded":2,"win_rate":0,"timestamp":1678404066,"path_taken":["M","M","M","?","?","R","E","$","T","R","M","E","M","M","R","BOSS","M","$","?","?","M","E"],"build_version":"2022-12-18","purchased_purges":1,"victory":false,"max_hp_per_floor":[60,60,60,60,60,60,60,60,60,60,60,60,60,60,60,60,60,60,60,60,60,60,60],"relic_stats":{"Centennial Puzzle":[21],"counters":[13,56],"Astrolabe":["Poisoned Stab","Corpse Explosion","All Out Attack"],"Juzu Bracelet":0,"obtain_stats":[{"Potion Belt":12,"Centennial Puzzle":9,"Astrolabe":17,"Toolbox":19,"Juzu Bracelet":7,"Ring of the Snake":0},{"Potion Belt":7,"Centennial Puzzle":5,"Astrolabe":10,"Toolbox":11,"Juzu Bracelet":5,"Ring of the Snake":0},{"Potion Belt":27,"Centennial Puzzle":21,"Astrolabe":43,"Toolbox":47,"Juzu Bracelet":21,"Ring of the Snake":0}],"Ring of the Snake":[26]},"card_choices":[{"not_picked":["Chrysalis","Violence"],"picked":"Sadistic Nature","floor":0},{"not_picked":["All Out Attack","Outmaneuver"],"picked":"Backstab","floor":1},{"not_picked":["Prepared","Backflip"],"picked":"Bouncing Flask","floor":2},{"not_picked":["Deadly Poison","Bouncing Flask"],"picked":"All Out Attack","floor":3},{"not_picked":["Deflect","Infinite Blades","Underhanded Strike"],"picked":"SKIP","floor":5},{"not_picked":["Sucker Punch","Caltrops","Bane"],"picked":"SKIP","floor":7},{"not_picked":["Prepared","Reflex"],"picked":"PiercingWail","floor":11},{"not_picked":["Expertise","Blur","Concentrate"],"picked":"SKIP","floor":12},{"not_picked":["Sucker Punch","Flying Knee"],"picked":"Deflect","floor":13},{"not_picked":["Outmaneuver","Blade Dance","Sucker Punch"],"picked":"SKIP","floor":14},{"not_picked":["Envenom","Tools of the Trade"],"picked":"Die Die Die","floor":16},{"not_picked":["Flying Knee+1","Eviscerate"],"picked":"Acrobatics","floor":18},{"not_picked":["PiercingWail","Slice"],"picked":"Catalyst","floor":22}],"player_experience":1518162,"relics_obtained":[{"floor":7,"key":"Juzu Bracelet"},{"floor":9,"key":"Centennial Puzzle"},{"floor":12,"key":"Potion Belt"}],"event_choices":[{"damage_healed":0,"gold_gain":50,"player_choice":"Touch","damage_taken":6,"max_hp_gain":0,"max_hp_loss":0,"event_name":"FaceTrader","floor":4,"gold_loss":0},{"damage_healed":0,"gold_gain":0,"player_choice":"Simplicity","damage_taken":0,"max_hp_gain":0,"max_hp_loss":0,"event_name":"Back to Basics","floor":20,"gold_loss":0,"cards_upgraded":["Strike_G","Defend_G","Defend_G","Defend_G","Defend_G","Defend_G"]},{"damage_healed":0,"gold_gain":0,"cards_transformed":["Strike_G"],"player_choice":"Transformed","damage_taken":0,"max_hp_gain":0,"max_hp_loss":0,"event_name":"Transmorgrifier","floor":21,"gold_loss":0,"cards_obtained":["Deflect"]}],"is_beta":false,"boss_relics":[{"not_picked":["Ectoplasm","Fusion Hammer"],"picked":"Astrolabe"}],"items_purged_floors":[19],"is_endless":false,"potions_floor_spawned":[3,12,13,14],"killed_by":"Gremlin Leader","ascension_level":20}