{"gold_per_floor":[13,31,31,51,65,65,85,129,129,129,129,169,169,188,188,279,279,295,268,183,14,38,38,38],"floor_reached":24,"playtime":1299,"items_purged":["Strike_G"],"score":412,"play_id":"d2796927-aad4-44f9-bf51-606745534001","local_time":"20230309004752","is_ascension_mode":true,"campfire_choices":[{"data":"Bouncing Flask","floor":6,"key":"SMITH"},{"data":"Eviscerate","floor":10,"key":"SMITH"},{"data":"Calculated Gamble","floor":13,"key":"SMITH"},{"data":"Footwork","floor":15,"key":"SMITH"},{"floor":23,"key":"REST"}],"neow_cost":"NO_GOLD","seed_source_timestamp":1894280166698500,"circlet_count":0,"master_deck":["AscendersBane","Strike_G","Strike_G","Strike_G","Defend_G","Defend_G","Defend_G","Defend_G","Survivor","Neutralize","Eviscerate+1","Footwork+1","Bouncing Flask+1","Calculated Gamble+1","Deflect","A Thousand Cuts","Acrobatics","Footwork+1"],"relics":["Ring of the Snake","Golden Idol","Tiny Chest","Vajra","HoveringKite","Frozen Egg 2","Bronze Scales"],"potions_floor_usage":[7,8,24,24],"damage_taken":[{"damage":0,"enemies":"2 Louse","floor":1,"turns":4},{"damage":0,"enemies":"Cultist","floor":2,"turns":3},{"damage":0,"enemies":"Jaw Worm","floor":4,"turns":5},{"damage":4,"enemies":"Blue Slaver","floor":5,"turns":6},{"damage":0,"enemies":"Red Slaver","floor":7,"turns":3},{"damage":26,"enemies":"3 Sentries","floor":8,"turns":8},{"damage":8,"enemies":"Lagavulin","floor":12,"turns":5},{"damage":14,"enemies":"Exordium Wildlife","floor":14,"turns":7},{"damage":36,"enemies":"Slime Boss","floor":16,"turns":14},{"damage":17,"enemies":"3 Byrds","floor":18,"turns":7},{"damage":18,"enemies":"2 Thieves","floor":19,"turns":4},{"damage":31,"enemies":"Book of Stabbing","floor":24,"turns":5}],"seed_played":"-2869561102182198587","potions_obtained":[{"floor":1,"key":"Explosive Potion"},{"floor":4,"key":"Energy Potion"},{"floor":19,"key":"AttackPotion"}],"is_trial":false,"path_per_floor":["M","M","?","M","M","R","M","E","T","R","?","E","R","M","R","B",null,"M","M","?","$","T","R","E"],"character_chosen":"THE_SILENT","basemod:card_modifiers":[null,null,null,null,null,null,null,null,null,null,null,null,null,null,null,null,null,null],"items_purchased":["Footwork+1","Block Potion"],"campfire_rested":1,"item_purchase_floors":[21,21],"current_hp_per_floor":[59,59,59,59,55,55,55,29,29,29,60,52,52,38,38,2,46,29,11,11,11,11,29,0],"gold":38,"neow_bonus":"REMOVE_TWO","is_prod":false,"is_daily":false,"chose_seed":false,"campfire_upgraded":4,"win_rate":0,"timestamp":1678340872,"path_taken":["M","M","?","M","M","R","M","E","T","R","?","E","R","M","R","BOSS","M","?","?","$","?","R","E"],"build_version":"2022-12-18","purchased_purges":1,"victory":false,"max_hp_per_floor":[66,66,60,60,60,60,60,60,60,60,60,60,60,60,60,60,60,60,60,60,60,60,60,60],"relic_stats":{"counters":[12,71],"Golden Idol":56,"Bronze Scales":[36],"HoveringKite":[8],"Tiny Chest":1,"obtain_stats":[{"Golden Idol":3,"Bronze Scales":22,"Vajra":12,"HoveringKite":17,"Tiny Chest":8,"Frozen Egg 2":20,"Ring of the Snake":0},{"Golden Idol":2,"Bronze Scales":11,"Vajra":7,"HoveringKite":9,"Tiny Chest":6,"Frozen Egg 2":11,"Ring of the Snake":0},{"Golden Idol":7,"Bronze Scales":66,"Vajra":34,"HoveringKite":55,"Tiny Chest":29,"Frozen Egg 2":66,"Ring of the Snake":0}],"Ring of the Snake":[24]},"card_choices":[{"not_picked":["Infinite Blades","Bane"],"picked":"Eviscerate","floor":1},{"not_picked":["Concentrate","Tactician"],"picked":"Well Laid Plans","floor":2},{"not_picked":["Cloak And Dagger","Deadly Poison"],"picked":"Footwork","floor":4},{"not_picked":["Quick Slash","Expertise"],"picked":"Bouncing Flask","floor":5},{"not_picked":["Backflip","Deflect","PiercingWail"],"picked":"SKIP","floor":7},{"not_picked":["Underhanded Strike","Leg Sweep"],"picked":"Calculated Gamble","floor":8},{"not_picked":["Cloak And Dagger","Storm of Steel","Bouncing Flask"],"picked":"SKIP","floor":12},{"not_picked":["Cloak And Dagger","Storm of Steel","Bouncing Flask"],"picked":"SKIP","floor":12},{"not_picked":["Quick Slash","Deflect","Poisoned Stab"],"picked":"SKIP","floor":14},{"not_picked":["Quick Slash","Poisoned Stab"],"picked":"Deflect","floor":14},{"not_picked":["Bullet Time","Venomology"],"picked":"A Thousand Cuts","floor":16},{"not_picked":["Dash","Deflect"],"picked":"Acrobatics","floor":18},{"not_picked":["Flechettes+1","Skewer","Quick Slash"],"picked":"SKIP","floor":19}],"player_experience":1508524,"relics_obtained":[{"floor":8,"key":"Tiny Chest"},{"floor":12,"key":"Vajra"},{"floor":22,"key":"Bronze Scales"}],"event_choices":[{"damage_healed":0,"gold_gain":0,"player_choice":"Lose Max HP","damage_taken":0,"relics_obtained":["Golden Idol"],"max_hp_gain":0,"max_hp_loss":6,"event_name":"Golden Idol","floor":3,"gold_loss":0},{"cards_removed":["Well Laid Plans"],"damage_healed":31,"gold_gain":0,"player_choice":"Offered Uncommon","damage_taken":0,"max_hp_gain":0,"max_hp_loss":0,"event_name":"Bonfire Elementals","floor":11,"gold_loss":0},{"damage_healed":0,"gold_gain":0,"player_choice":"Obtained Relic","damage_taken":0,"relics_obtained":["Frozen Egg 2"],"max_hp_gain":0,"max_hp_loss":0,"event_name":"Addict","floor":20,"gold_loss":85}],"is_beta":false,"boss_relics":[{"not_picked":["Sozu","Pandora\u0027s Box"],"picked":"HoveringKite"}],"items_purged_floors":[21],"is_endless":false,"potions_floor_spawned":[1,4,5,19],"killed_by":"Book of Stabbing","ascension_level":20}