{"neow_bonuses_skipped_log":["THREE_CARDS","RANDOM_COMMON_RELIC","BOSS_RELIC"],"potions_obtained_entropic_brew":[[],[],[],[],[],[],[],[],[],[],[],[],[],[],[],[],[],[],[],[],[],[],[],[],[],[],[],[],[],[],[],[],[],[],[],[],[],[],[],[],[],[],[],[],[],[],["SteroidPotion","SteroidPotion"]],"neow_costs_skipped_log":["NONE","NONE","NONE"],"gold_per_floor":[114,129,129,145,145,145,179,198,198,226,238,265,13,43,43,118,118,138,158,158,83,30,30,63,63,144,144,170,189,239,253,253,329,329,346,365,385,221,237,237,272,285,285,318,318,318,318],"floor_reached":47,"playtime":2620,"items_purged":["Strike_G","Strike_G+1"],"score":1211,"play_id":"8135308d-be23-4175-b767-add844d96130","local_time":"20230310210235","score_breakdown":["Floors Climbed (47): 235","Enemies Slain (14): 28","Exordium Elites Killed (3): 30","City Elites Killed (2): 40","Beyond Elites Killed (2): 60","Bosses Slain (2): 150","Librarian: 25","Perfect (1): 50","Ascension (20): 593"],"is_ascension_mode":true,"potions_obtained_alchemize":[[],[],[],[],[],[],[],[],[],[],[],[],[],[],[],[],[],[],[],[],[],[],[],[],[],[],[],[],[],[],[],[],[],[],[],[],[],[],[],[],[],[],[],[],[],[],[]],"campfire_choices":[{"data":"Blade Dance","floor":6.0,"key":"SMITH"},{"data":"Burst","floor":15.0,"key":"SMITH"},{"data":"Footwork","floor":23.0,"key":"SMITH"},{"data":"Acrobatics","floor":25.0,"key":"SMITH"},{"data":"Well Laid Plans","floor":27.0,"key":"SMITH"},{"data":"Adrenaline","floor":32.0,"key":"SMITH"},{"data":"Acrobatics","floor":40.0,"key":"SMITH"}],"lesson_learned_per_floor":[[],[],[],[],[],[],[],[],[],[],[],[],[],[],[],[],[],[],[],[],[],[],[],[],[],[],[],[],[],[],[],[],[],[],[],[],[],[],[],[],[],[],[],[],[],[],[]],"neow_cost":"TEN_PERCENT_HP_LOSS","improvable_cards":{},"seed_source_timestamp":0,"shop_contents":[{"floor":13,"relics":["StrikeDummy","Art of War"],"cards":["Sucker Punch","Choke","Blade Dance","A Thousand Cuts","Blind","Chrysalis"],"potions":["SpeedPotion","DuplicationPotion"]},{"floor":22,"relics":["Lizard Tail","Pen Nib","Toolbox"],"cards":["Skewer","Die Die Die","Blade Dance","Swift Strike","Metamorphosis"],"potions":["AttackPotion","SpeedPotion","Explosive Potion"]},{"floor":38,"relics":["Ice Cream","Vajra","TheAbacus"],"cards":["Masterful Stab","Dagger Throw","Outmaneuver","Blade Dance","Well Laid Plans","Forethought","Thinking Ahead"],"potions":["Energy Potion","FearPotion","SmokeBomb"]}],"circlet_count":0,"master_deck":["AscendersBane","Defend_G","Defend_G+1","Defend_G","Defend_G","Defend_G+1","Survivor","Neutralize","Masterful Stab","Blade Dance+1","Quick Slash+1","Caltrops","Cloak And Dagger","Deflect+1","Burst+1","Blur","Adrenaline+1","Storm of Steel+1","All Out Attack+1","Glass Knife+1","Blur","Acrobatics+1","Footwork+1","Well Laid Plans+1","Accuracy+1","Backflip","Phantasmal Killer","Backflip","Blur","Footwork","Acrobatics+1","Escape Plan","Escape Plan","Reflex","Tactician","Secret Technique"],"special_seed":0,"potion_use_per_floor":[[],[],[],[],[],[],[],[],[],["DuplicationPotion"],[],["Strength Potion"],[],["Dexterity Potion"],[],["PowerPotion"],[],["Weak Potion"],[],[],[],[],[],["PowerPotion","FearPotion"],[],[],[],["Strength Potion"],[],[],[],[],["Energy Potion"],[],[],[],["Fruit Juice"],[],[],[],["Fire Potion"],[],[],["PowerPotion","Swift Potion"],[],[],["PowerPotion","EntropicBrew"]],"relics":["Ring of the Snake","Thread and Needle","Meat on the Bone","Darkstone Periapt","White Beast Statue","War Paint","Membership Card","Odd Mushroom","Astrolabe","The Courier","Ornamental Fan","Letter Opener","WristBlade","Oddly Smooth Stone","Paper Crane"],"potions_floor_usage":[47,47],"damage_taken":[{"damage":0.0,"enemies":"Cultist","floor":1.0,"turns":4.0},{"damage":0.0,"enemies":"Small Slimes","floor":2.0,"turns":3.0},{"damage":0.0,"enemies":"2 Louse","floor":4.0,"turns":2.0},{"damage":14.0,"enemies":"Lagavulin","floor":7.0,"turns":6.0},{"damage":2.0,"enemies":"Gremlin Gang","floor":8.0,"turns":5.0},{"damage":24.0,"enemies":"3 Sentries","floor":10.0,"turns":7.0},{"damage":0.0,"enemies":"3 Louse","floor":11.0,"turns":3.0},{"damage":2.0,"enemies":"Gremlin Nob","floor":12.0,"turns":3.0},{"damage":0.0,"enemies":"The Mushroom Lair","floor":14.0,"turns":4.0},{"damage":0.0,"enemies":"The Guardian","floor":16.0,"turns":9.0},{"damage":7.0,"enemies":"2 Thieves","floor":18.0,"turns":4.0},{"damage":0.0,"enemies":"3 Byrds","floor":19.0,"turns":4.0},{"damage":16.0,"enemies":"Book of Stabbing","floor":24.0,"turns":6.0},{"damage":3.0,"enemies":"Slavers","floor":28.0,"turns":5.0},{"damage":0.0,"enemies":"Centurion and Healer","floor":29.0,"turns":7.0},{"damage":0.0,"enemies":"Chosen and Byrds","floor":31.0,"turns":3.0},{"damage":8.0,"enemies":"Automaton","floor":33.0,"turns":15.0},{"damage":0.0,"enemies":"3 Shapes","floor":35.0,"turns":6.0},{"damage":0.0,"enemies":"Orb Walker","floor":36.0,"turns":2.0},{"damage":35.0,"enemies":"Jaw Worm Horde","floor":37.0,"turns":4.0},{"damage":7.0,"enemies":"Maw","floor":39.0,"turns":8.0},{"damage":1.0,"enemies":"Reptomancer","floor":41.0,"turns":7.0},{"damage":0.0,"enemies":"Sphere and 2 Shapes","floor":42.0,"turns":4.0},{"damage":8.0,"enemies":"Giant Head","floor":44.0,"turns":6.0},{"damage":72,"enemies":"Transient","floor":47,"turns":6}],"seed_played":"-8075260917063579873","neow_bonus_log":{"cardsObtained":[],"cardsUpgraded":[],"cardsRemoved":[],"cardsTransformed":[],"relicsObtained":["Thread and Needle"],"maxHpGained":0,"goldGained":0,"damageTaken":0,"goldLost":0,"maxHpLost":6},"potions_obtained":[{"floor":1.0,"key":"Ancient Potion"},{"floor":8.0,"key":"DuplicationPotion"},{"floor":10.0,"key":"Strength Potion"},{"floor":12.0,"key":"Dexterity Potion"},{"floor":14.0,"key":"SneckoOil"},{"floor":16.0,"key":"Weak Potion"},{"floor":18.0,"key":"FearPotion"},{"floor":19.0,"key":"PowerPotion"},{"floor":24.0,"key":"Strength Potion"},{"floor":28.0,"key":"FearPotion"},{"floor":29.0,"key":"Explosive Potion"},{"floor":31.0,"key":"Energy Potion"},{"floor":33.0,"key":"Weak Potion"},{"floor":35.0,"key":"Fire Potion"},{"floor":36.0,"key":"Fruit Juice"},{"floor":37.0,"key":"Swift Potion"},{"floor":41.0,"key":"Poison Potion"},{"floor":42.0,"key":"PowerPotion"},{"floor":44.0,"key":"PowerPotion"},{"floor":46,"key":"EntropicBrew"}],"is_trial":false,"path_per_floor":["M","M","?","M","?","R","E","M","T","E","M","E","$","?","R","B",null,"M","M","?","?","$","R","E","R","T","R","E","M","?","M","R","B",null,"M","M","M","$","M","R","E","M","T","E","?","?","M"],"character_chosen":"THE_SILENT","basemod:card_modifiers":[null,null,null,null,null,null,null,null,null,null,null,null,null,null,null,null,null,null,null,null,null,null,null,null,null,null,null,null,null,null,null,null,null,null,null,null],"items_purchased":["Membership Card","Blur","PowerPotion","Acrobatics","Footwork","Acrobatics","Escape Plan","Escape Plan","Reflex"],"campfire_rested":0,"item_purchase_floors":[13,13,13,22,22,38,38,38,38],"current_hp_per_floor":[59,59,41,41,41,41,27,37,37,25,37,35,35,35,35,35,54,47,47,47,47,47,47,31,31,31,31,40,40,34,34,34,38,55,55,55,37,37,42,42,41,41,41,33,33,33,0],"gold":318,"neow_bonus":"ONE_RARE_RELIC","is_prod":false,"is_daily":false,"rewards_skipped":[{"floor":11,"relics":[],"potions":["ColorlessPotion"]},{"floor":39,"relics":[],"potions":["CunningPotion"]},{"floor":46,"relics":[],"potions":["LiquidBronze"]}],"chose_seed":false,"campfire_upgraded":7,"win_rate":0,"floor_exit_playtime":[55,79,86,120,136,148,224,288,291,379,430,483,509,580,588,688,717,797,890,900,912,925,931,1045,1057,1062,1074,1263,1376,1380,1443,1449,1741,1779,1860,1899,1978,2002,2113,2121,2259,2336,2339,2474,2484,2495],"timestamp":1678500155,"blue_key_relic_skipped_log":{"floor":43,"relicID":"Toxic Egg 2"},"path_taken":["M","?","?","M","?","R","E","M","T","E","?","E","$","?","R","BOSS","M","M","?","?","?","R","E","R","T","R","E","?","?","?","R","BOSS","M","M","M","$","M","R","E","M","T","E","?","?","M"],"build_version":"2022-12-18","purchased_purges":2,"victory":false,"max_hp_per_floor":[60,60,60,60,60,60,60,60,60,60,60,60,60,60,60,60,60,60,60,60,60,60,60,60,60,60,60,60,60,60,60,60,60,60,60,60,65,65,65,65,65,65,65,65,65,65,65],"relic_stats":{"Darkstone Periapt":0,"counters":[25,133],"Ornamental Fan":[172],"Astrolabe":["Storm of Steel","All Out Attack","Glass Knife"],"The Courier":360,"Membership Card":360,"Letter Opener":[304],"War Paint":["Deflect","Defend_G"],"obtain_stats":[{"Darkstone Periapt":9,"Astrolabe":17,"Oddly Smooth Stone":41,"Thread and Needle":0,"The Courier":24,"Letter Opener":28,"War Paint":12,"Odd Mushroom":14,"Paper Crane":44,"White Beast Statue":10,"WristBlade":34,"Ornamental Fan":26,"Membership Card":13,"Ring of the Snake":0,"Meat on the Bone":7},{"Darkstone Periapt":5,"Astrolabe":10,"Oddly Smooth Stone":22,"Thread and Needle":0,"The Courier":13,"Letter Opener":14,"War Paint":8,"Odd Mushroom":9,"Paper Crane":24,"White Beast Statue":6,"WristBlade":17,"Ornamental Fan":13,"Membership Card":8,"Ring of the Snake":0,"Meat on the Bone":4},{"Darkstone Periapt":20,"Astrolabe":46,"Oddly Smooth Stone":117,"Thread and Needle":0,"The Courier":60,"Letter Opener":65,"War Paint":33,"Odd Mushroom":37,"Paper Crane":127,"White Beast Statue":27,"WristBlade":90,"Ornamental Fan":60,"Membership Card":33,"Ring of the Snake":0,"Meat on the Bone":15}],"White Beast Statue":[0.0,0.02499840000000001,0.0,0.27258880000000013,0.0,0.4967808000000003,0.0,0.1935360000000001,0.0,0.012096000000000006,0.0,7.914515200000002],"Ring of the Snake":[50],"Meat on the Bone":84},"card_choices":[{"not_picked":["Prepared","Dagger Spray"],"picked":"Masterful Stab","floor":1.0},{"not_picked":["Sucker Punch","Poisoned Stab"],"picked":"Blade Dance","floor":2.0},{"not_picked":["Prepared","Dodge and Roll"],"picked":"Quick Slash","floor":4.0},{"not_picked":["Outmaneuver","Catalyst"],"picked":"Caltrops","floor":7.0},{"not_picked":["Skewer","PiercingWail"],"picked":"Cloak And Dagger","floor":8.0},{"not_picked":["Reflex","Outmaneuver"],"picked":"Deflect","floor":10.0},{"not_picked":["Deflect","Dagger Spray"],"picked":"Burst","floor":11.0},{"not_picked":["Quick Slash","Eviscerate","Riddle With Holes"],"picked":"SKIP","floor":12.0},{"not_picked":["Poisoned Stab","Slice"],"picked":"Deadly Poison","floor":14.0},{"not_picked":["Corpse Explosion","Malaise"],"picked":"Adrenaline","floor":16.0},{"not_picked":["Underhanded Strike","Caltrops"],"picked":"Blur","floor":18.0},{"not_picked":["Tactician","Crippling Poison","Cloak And Dagger"],"picked":"SKIP","floor":19.0},{"not_picked":["Skewer","Dash+1"],"picked":"Well Laid Plans","floor":24.0},{"not_picked":["Underhanded Strike","Sucker Punch","Leg Sweep"],"picked":"SKIP","floor":28.0},{"not_picked":["Bane","Dagger Spray"],"picked":"Accuracy+1","floor":29.0},{"not_picked":["Flying Knee+1","Deflect"],"picked":"Backflip","floor":31.0},{"not_picked":["Doppelganger","Malaise"],"picked":"Phantasmal Killer","floor":33.0},{"not_picked":["Accuracy","Tactician"],"picked":"Backflip","floor":35.0},{"not_picked":["Catalyst+1","Deadly Poison+1"],"picked":"Blur","floor":36.0},{"not_picked":["Well Laid Plans","Dagger Throw"],"picked":"Footwork","floor":37.0},{"not_picked":["Quick Slash","Accuracy","Slice+1"],"picked":"SKIP","floor":39.0},{"not_picked":["Backstab+1","Outmaneuver+1"],"picked":"Tactician","floor":41.0},{"not_picked":["Finisher+1","Noxious Fumes","PiercingWail"],"picked":"SKIP","floor":42.0},{"not_picked":["Poisoned Stab+1","Underhanded Strike","Riddle With Holes"],"picked":"SKIP","floor":44.0},{"not_picked":["Dramatic Entrance","Purity"],"picked":"Secret Technique","floor":45.0}],"player_experience":1537732,"relics_obtained":[{"floor":7.0,"key":"Meat on the Bone"},{"floor":9.0,"key":"Darkstone Periapt"},{"floor":10.0,"key":"White Beast Statue"},{"floor":12.0,"key":"War Paint"},{"floor":14.0,"key":"Odd Mushroom"},{"floor":24.0,"key":"The Courier"},{"floor":26.0,"key":"Ornamental Fan"},{"floor":28.0,"key":"Letter Opener"},{"floor":41.0,"key":"Oddly Smooth Stone"},{"floor":44.0,"key":"Paper Crane"}],"event_choices":[{"damage_healed":0.0,"max_hp_gain":0.0,"max_hp_loss":0.0,"gold_gain":0.0,"event_name":"Shining Light","player_choice":"Entered Light","floor":3.0,"gold_loss":0.0,"damage_taken":18.0,"cards_upgraded":["Strike_G","Defend_G"]},{"damage_healed":0.0,"max_hp_gain":0.0,"max_hp_loss":0.0,"gold_gain":0.0,"event_name":"Accursed Blacksmith","player_choice":"Forge","floor":5.0,"gold_loss":0.0,"damage_taken":0.0,"cards_upgraded":["Quick Slash"]},{"damage_healed":0.0,"max_hp_gain":0.0,"max_hp_loss":0.0,"gold_gain":0.0,"event_name":"Mushrooms","player_choice":"Fought Mushrooms","floor":14.0,"gold_loss":0.0,"damage_taken":0.0},{"damage_healed":0.0,"max_hp_gain":0.0,"max_hp_loss":0.0,"gold_gain":0.0,"event_name":"Ghosts","player_choice":"Ignored","floor":20.0,"gold_loss":0.0,"damage_taken":0.0},{"cards_removed":["Deadly Poison"],"damage_healed":0.0,"max_hp_gain":0.0,"max_hp_loss":0.0,"gold_gain":0.0,"event_name":"Beggar","player_choice":"Gave Gold","floor":21.0,"gold_loss":75.0,"damage_taken":0.0},{"damage_healed":0.0,"max_hp_gain":0.0,"max_hp_loss":0.0,"gold_gain":50.0,"event_name":"FaceTrader","player_choice":"Touch","floor":30.0,"gold_loss":0.0,"damage_taken":6.0},{"damage_healed":0.0,"max_hp_gain":0.0,"max_hp_loss":0.0,"gold_gain":0.0,"event_name":"SensoryStone","player_choice":"Memory 1","floor":45.0,"gold_loss":0.0,"damage_taken":0.0},{"damage_healed":0,"gold_gain":0,"player_choice":"Got Potions","damage_taken":0,"max_hp_gain":0,"max_hp_loss":0,"event_name":"Lab","floor":46,"gold_loss":0}],"is_beta":false,"boss_relics":[{"not_picked":["Cursed Key","Snecko Eye"],"picked":"Astrolabe"},{"not_picked":["Calling Bell","Empty Cage"],"picked":"WristBlade"}],"items_purged_floors":[13,38],"is_endless":false,"potions_floor_spawned":[1,8,10,11,12,14,16,18,19,24,28,29,31,33,35,36,37,39,41,42,44],"killed_by":"Transient","ascension_level":20,"potion_discard_per_floor":[[],[],[],[],[],[],[],[],[],[],[],[],["Ancient Potion"],[],[],[],[],[],["SneckoOil"],[],[],[],[],[],[],[],[],[],[],[],["Explosive Potion"],[],[],[],["Weak Potion"],["FearPotion"],[],[],[],[],[],["Poison Potion"],[],[],[],[],[]]}