{"gold_per_floor":[117,192,492,506,517,517,550,562,574,603,626,638],"floor_reached":12,"playtime":422,"items_purged":[],"score":160,"play_id":"5ce38089-3397-431d-83a6-714cff36f43b","local_time":"20230309170246","is_ascension_mode":true,"campfire_choices":[{"data":"Poisoned Stab","floor":6,"key":"SMITH"},{"floor":8,"key":"REST"}],"neow_cost":"NONE","seed_source_timestamp":1953653069164300,"circlet_count":0,"master_deck":["AscendersBane","Strike_G","Strike_G","Strike_G","Strike_G","Strike_G","Defend_G","Defend_G","Defend_G","Defend_G","Defend_G","Survivor","Neutralize","Noxious Fumes","Poisoned Stab+1","Poisoned Stab","Footwork","Noxious Fumes"],"relics":["Ring of the Snake","NeowsBlessing","Old Coin","MawBank"],"potions_floor_usage":[7,12],"damage_taken":[{"damage":0,"enemies":"Small Slimes","floor":1,"turns":1},{"damage":0,"enemies":"2 Louse","floor":4,"turns":1},{"damage":0,"enemies":"Jaw Worm","floor":5,"turns":1},{"damage":24,"enemies":"Lagavulin","floor":7,"turns":9},{"damage":24,"enemies":"Large Slime","floor":10,"turns":7},{"damage":2,"enemies":"3 Louse","floor":11,"turns":4},{"damage":19,"enemies":"3 Sentries","floor":12,"turns":5}],"seed_played":"-8898532299603852042","potions_obtained":[{"floor":5,"key":"SpeedPotion"},{"floor":10,"key":"FearPotion"},{"floor":11,"key":"AttackPotion"}],"is_trial":false,"path_per_floor":["M","?","?","M","M","R","E","R","T","M","M","E"],"character_chosen":"THE_SILENT","basemod:card_modifiers":[null,null,null,null,null,null,null,null,null,null,null,null,null,null,null,null,null,null],"items_purchased":[],"campfire_rested":1,"item_purchase_floors":[],"current_hp_per_floor":[59,48,43,43,43,43,19,38,38,14,12,0],"gold":638,"neow_bonus":"THREE_ENEMY_KILL","is_prod":false,"is_daily":false,"chose_seed":false,"campfire_upgraded":1,"win_rate":0,"timestamp":1678399366,"path_taken":["M","?","?","M","M","R","E","R","T","M","M","E"],"build_version":"2022-12-18","purchased_purges":0,"victory":false,"max_hp_per_floor":[66,66,66,66,66,66,66,66,66,66,66,66],"relic_stats":{"counters":[7,28],"MawBank":60,"obtain_stats":[{"NeowsBlessing":0,"MawBank":7,"Ring of the Snake":0,"Old Coin":3},{"NeowsBlessing":0,"MawBank":4,"Ring of the Snake":0,"Old Coin":1},{"NeowsBlessing":0,"MawBank":12,"Ring of the Snake":0,"Old Coin":1}],"Ring of the Snake":[14]},"card_choices":[{"not_picked":["Dagger Spray","Distraction"],"picked":"Noxious Fumes","floor":1},{"not_picked":["Prepared","Accuracy","PiercingWail"],"picked":"SKIP","floor":4},{"not_picked":["Footwork","Backstab"],"picked":"Poisoned Stab","floor":5},{"not_picked":["Night Terror","Deflect"],"picked":"Poisoned Stab","floor":7},{"not_picked":["Leg Sweep","Bouncing Flask"],"picked":"Footwork","floor":10},{"not_picked":["Prepared","Slice"],"picked":"Noxious Fumes","floor":11}],"player_experience":1515381,"relics_obtained":[{"floor":7,"key":"MawBank"}],"event_choices":[{"damage_healed":0,"gold_gain":75,"player_choice":"Gather Gold","damage_taken":11,"max_hp_gain":0,"max_hp_loss":0,"event_name":"World of Goop","floor":2,"gold_loss":0},{"damage_healed":0,"gold_gain":0,"player_choice":"Success","damage_taken":5,"relics_obtained":["Old Coin"],"max_hp_gain":0,"max_hp_loss":0,"event_name":"Scrap Ooze","floor":3,"gold_loss":0}],"is_beta":false,"boss_relics":[],"items_purged_floors":[],"is_endless":false,"potions_floor_spawned":[5,10,11],"killed_by":"3 Sentries","ascension_level":20}