{"gold_per_floor":[115,127,137,137,157,190,190,224,270,270],"floor_reached":10,"playtime":441,"items_purged":[],"score":156,"play_id":"605db3b2-5e25-47ff-89ed-8758ac7554f9","local_time":"20230305154853","is_ascension_mode":true,"campfire_choices":[{"floor":7,"key":"REST"}],"neow_cost":"PERCENT_DAMAGE","seed_source_timestamp":1603599387887800,"circlet_count":0,"master_deck":["AscendersBane","Strike_G","Strike_G","Strike_G","Strike_G","Defend_G","Defend_G","Defend_G","Survivor","Neutralize","Blade Dance","Footwork","Dagger Spray","Dash","Deadly Poison","Riddle With Holes","Endless Agony"],"relics":["Ring of the Snake","Blood Vial","Frozen Egg 2","Ancient Tea Set"],"potions_floor_usage":[6,8],"damage_taken":[{"damage":0,"enemies":"Small Slimes","floor":1,"turns":3},{"damage":1,"enemies":"Cultist","floor":2,"turns":4},{"damage":2,"enemies":"Jaw Worm","floor":3,"turns":5},{"damage":10,"enemies":"Large Slime","floor":5,"turns":6},{"damage":11,"enemies":"Gremlin Nob","floor":6,"turns":3},{"damage":18,"enemies":"Lagavulin","floor":8,"turns":6},{"damage":25,"enemies":"The Mushroom Lair","floor":10,"turns":3}],"seed_played":"-8927996557913007086","potions_obtained":[{"floor":1,"key":"Poison Potion"},{"floor":5,"key":"Strength Potion"}],"is_trial":false,"path_per_floor":["M","M","M","?","M","E","R","E","T","?"],"character_chosen":"THE_SILENT","basemod:card_modifiers":[null,null,null,null,null,null,null,null,null,null,null,null,null,null,null,null,null],"items_purchased":[],"campfire_rested":1,"item_purchase_floors":[],"current_hp_per_floor":[44,43,41,41,31,20,39,23,23,0],"gold":270,"neow_bonus":"TRANSFORM_TWO_CARDS","is_prod":false,"is_daily":false,"chose_seed":false,"campfire_upgraded":0,"win_rate":0,"timestamp":1678049333,"path_taken":["M","M","M","?","?","E","R","E","T","?"],"build_version":"2022-12-18","purchased_purges":0,"victory":false,"max_hp_per_floor":[66,66,66,66,66,66,66,66,66,66],"relic_stats":{"Blood Vial":4,"counters":[7,30],"Ancient Tea Set":[0],"obtain_stats":[{"Blood Vial":6,"Frozen Egg 2":8,"Ancient Tea Set":9,"Ring of the Snake":0},{"Blood Vial":5,"Frozen Egg 2":6,"Ancient Tea Set":6,"Ring of the Snake":0},{"Blood Vial":21,"Frozen Egg 2":27,"Ancient Tea Set":27,"Ring of the Snake":0}],"Ring of the Snake":[15]},"card_choices":[{"not_picked":["Catalyst","Acrobatics"],"picked":"Dagger Spray","floor":1},{"not_picked":["Quick Slash","Underhanded Strike"],"picked":"Dash","floor":2},{"not_picked":["Acrobatics","Outmaneuver"],"picked":"Deadly Poison","floor":3},{"not_picked":["Outmaneuver","Poisoned Stab"],"picked":"Riddle With Holes","floor":5},{"not_picked":["Cloak And Dagger","Slice"],"picked":"Endless Agony","floor":6},{"not_picked":["Sucker Punch","Prepared","Riddle With Holes"],"picked":"SKIP","floor":8}],"player_experience":1492576,"relics_obtained":[{"floor":6,"key":"Blood Vial"},{"floor":8,"key":"Frozen Egg 2"},{"floor":9,"key":"Ancient Tea Set"}],"event_choices":[{"cards_removed":["Defend_G"],"damage_healed":0,"gold_gain":0,"player_choice":"Purged","damage_taken":0,"max_hp_gain":0,"max_hp_loss":0,"event_name":"Purifier","floor":4,"gold_loss":0},{"damage_healed":0,"gold_gain":0,"player_choice":"Fought Mushrooms","damage_taken":0,"max_hp_gain":0,"max_hp_loss":0,"event_name":"Mushrooms","floor":10,"gold_loss":0}],"is_beta":false,"boss_relics":[],"items_purged_floors":[],"is_endless":false,"potions_floor_spawned":[1,5],"killed_by":"The Mushroom Lair","ascension_level":20}