{"neow_bonuses_skipped_log":["REMOVE_CARD","RANDOM_COMMON_RELIC","BOSS_RELIC"],"potions_obtained_entropic_brew":[[],[],[],[],[],[],[],[],[],[],[],[],[],[],[],[]],"neow_costs_skipped_log":["NONE","NONE","NONE"],"gold_per_floor":[11,88,101,115,129,129,141,141,141,170,170,188,188,223,223,223],"floor_reached":16,"playtime":548,"items_purged":[],"score":224,"play_id":"3d042c57-d29c-473d-ac3c-96263272912d","local_time":"20230313112949","score_breakdown":["Floors Climbed (16): 80","Enemies Slain (6): 12","Exordium Elites Killed (2): 20","Bosses Slain (0): 0","Ascension (20): 112"],"is_ascension_mode":true,"potions_obtained_alchemize":[[],[],[],[],[],[],[],[],[],[],[],[],[],[],[],[]],"campfire_choices":[{"data":"Quick Slash","floor":6,"key":"SMITH"},{"floor":8,"key":"REST"},{"data":"Quick Slash","floor":13,"key":"SMITH"},{"data":"Sucker Punch","floor":15,"key":"SMITH"}],"lesson_learned_per_floor":[[],[],[],[],[],[],[],[],[],[],[],[],[],[],[],[]],"neow_cost":"NO_GOLD","improvable_cards":{},"seed_source_timestamp":2275547485620900,"shop_contents":[],"circlet_count":0,"master_deck":["AscendersBane","Strike_G","Strike_G","Strike_G","Strike_G","Defend_G","Defend_G","Defend_G","Defend_G","Survivor","Neutralize","Sucker Punch+1","Dagger Throw","Quick Slash+1","Quick Slash+1","Tactician","Backflip"],"potion_use_per_floor":[[],[],[],[],[],[],["DuplicationPotion"],[],[],["DistilledChaos"],[],[],[],["CunningPotion"],[],[]],"relics":["Ring of the Snake","Snake Skull","Potion Belt","Golden Idol","The Courier"],"potions_floor_usage":[7,10,14],"damage_taken":[{"damage":8,"enemies":"Cultist","floor":1,"turns":5},{"damage":2,"enemies":"Small Slimes","floor":3,"turns":5},{"damage":0,"enemies":"2 Louse","floor":4,"turns":2},{"damage":18,"enemies":"Large Slime","floor":5,"turns":6},{"damage":7,"enemies":"Red Slaver","floor":7,"turns":5},{"damage":6,"enemies":"Gremlin Nob","floor":10,"turns":3},{"damage":4,"enemies":"2 Fungi Beasts","floor":12,"turns":3},{"damage":15,"enemies":"3 Sentries","floor":14,"turns":8},{"damage":22,"enemies":"The Guardian","floor":16,"turns":2}],"seed_played":"-503937179950674929","neow_bonus_log":{"cardsObtained":[],"cardsUpgraded":[],"cardsRemoved":["Strike_G","Defend_G"],"cardsTransformed":[],"relicsObtained":[],"maxHpGained":0,"goldGained":0,"damageTaken":0,"goldLost":99,"maxHpLost":0},"potions_obtained":[{"floor":4,"key":"DuplicationPotion"},{"floor":5,"key":"DistilledChaos"},{"floor":10,"key":"CunningPotion"},{"floor":14,"key":"Ancient Potion"}],"is_trial":false,"path_per_floor":["M","T","M","M","M","R","M","R","T","E","?","M","R","E","R","B"],"character_chosen":"THE_SILENT","basemod:card_modifiers":[null,null,null,null,null,null,null,null,null,null,null,null,null,null,null,null,null],"items_purchased":[],"campfire_rested":1,"item_purchase_floors":[],"current_hp_per_floor":[51,51,49,49,31,31,24,43,43,37,37,33,33,18,18,0],"gold":223,"neow_bonus":"REMOVE_TWO","is_prod":false,"is_daily":false,"rewards_skipped":[],"chose_seed":false,"campfire_upgraded":3,"win_rate":0,"floor_exit_playtime":[57,63,119,157,237,246,287,290,293,349,353,385,403,498,526],"timestamp":1678721389,"blue_key_relic_skipped_log":{"floor":2,"relicID":"Bottled Flame"},"path_taken":["M","?","M","M","M","R","M","R","T","E","?","M","R","E","R","BOSS"],"build_version":"2022-12-18","purchased_purges":0,"victory":false,"max_hp_per_floor":[66,66,66,66,66,66,66,66,66,66,60,60,60,60,60,60],"relic_stats":{"counters":[9,39],"Golden Idol":11,"Snake Skull":[0],"The Courier":0,"obtain_stats":[{"Potion Belt":10,"Golden Idol":11,"Snake Skull":9,"The Courier":14,"Ring of the Snake":0},{"Potion Belt":6,"Golden Idol":6,"Snake Skull":5,"The Courier":8,"Ring of the Snake":0},{"Potion Belt":26,"Golden Idol":26,"Snake Skull":23,"The Courier":37,"Ring of the Snake":0}],"Ring of the Snake":[18]},"card_choices":[{"not_picked":["Underhanded Strike","Concentrate"],"picked":"Sucker Punch","floor":1},{"not_picked":["Concentrate","Bane"],"picked":"Dagger Throw","floor":3},{"not_picked":["Quick Slash","Outmaneuver","Bane"],"picked":"SKIP","floor":4},{"not_picked":["Bane","Heel Hook"],"picked":"Quick Slash","floor":5},{"not_picked":["Sucker Punch","Reflex"],"picked":"Quick Slash","floor":7},{"not_picked":["Poisoned Stab","Quick Slash"],"picked":"Tactician","floor":10},{"not_picked":["Backstab","Deflect"],"picked":"Backflip","floor":12},{"not_picked":["Sucker Punch","Dagger Throw","Storm of Steel"],"picked":"SKIP","floor":14}],"player_experience":1562921,"relics_obtained":[{"floor":9,"key":"Snake Skull"},{"floor":10,"key":"Potion Belt"},{"floor":14,"key":"The Courier"}],"event_choices":[{"damage_healed":0,"gold_gain":0,"player_choice":"Lose Max HP","damage_taken":0,"relics_obtained":["Golden Idol"],"max_hp_gain":0,"max_hp_loss":6,"event_name":"Golden Idol","floor":11,"gold_loss":0}],"is_beta":false,"boss_relics":[],"items_purged_floors":[],"is_endless":false,"potions_floor_spawned":[4,5,10,14],"killed_by":"The Guardian","ascension_level":20,"potion_discard_per_floor":[[],[],[],[],[],[],[],[],[],[],[],[],[],[],[],[]]}