{"neow_bonuses_skipped_log":["RANDOM_COLORLESS","TEN_PERCENT_HP_BONUS","BOSS_RELIC"],"neow_costs_skipped_log":["NONE","NONE","NONE"],"potions_obtained_entropic_brew":[[],[],[],[],[],[],[],[],[],[],[],[],[],[],[],[]],"gold_per_floor":[109,123,138,7,82,82,47,81,81,81,97,13,13,43,43,43],"floor_reached":16,"playtime":429,"items_purged":["Defend_G"],"score":216,"play_id":"a1e2d11d-d2b2-4d1c-b243-372baa9c973a","local_time":"20230321212735","score_breakdown":["Floors Climbed (16): 80","Enemies Slain (4): 8","Exordium Elites Killed (2): 20","Bosses Slain (0): 0","Ascension (20): 108"],"is_ascension_mode":true,"potions_obtained_alchemize":[[],[],[],[],[],[],[],[],[],[],[],[],[],[],[],[]],"campfire_choices":[{"floor":6,"key":"REST"},{"floor":10,"key":"REST"},{"data":"Deadly Poison","floor":15,"key":"SMITH"}],"lesson_learned_per_floor":[[],[],[],[],[],[],[],[],[],[],[],[],[],[],[],[]],"neow_cost":"PERCENT_DAMAGE","improvable_cards":{},"seed_source_timestamp":3002729729990000,"shop_contents":[{"floor":4,"relics":["Omamori","Bag of Marbles","PrismaticShard"],"cards":["Masterful Stab","Dagger Throw","Dodge and Roll","Acrobatics","Noxious Fumes","Impatience","Violence"],"potions":["Energy Potion","Explosive Potion"]},{"floor":12,"relics":["PreservedInsect","Lantern","TwistedFunnel"],"cards":["Dagger Spray","Finisher","Terror","Well Laid Plans","Dark Shackles","Master of Strategy"],"potions":["FearPotion","SpeedPotion"]}],"circlet_count":0,"master_deck":["AscendersBane","Strike_G","Strike_G","Strike_G","Strike_G","Strike_G","Defend_G","Defend_G","Defend_G","Defend_G","Survivor","Neutralize","Dagger Spray","Deadly Poison+1","Flying Knee","Backflip","Deadly Poison","PiercingWail"],"potion_use_per_floor":[[],[],[],[],[],[],[],["DistilledChaos","Fire Potion"],[],[],[],[],[],["ColorlessPotion"],[],[]],"relics":["Ring of the Snake","Calipers","Singing Bowl","Ninja Scroll","Frozen Egg 2"],"potions_floor_usage":[8,8,14],"damage_taken":[{"damage":16,"enemies":"Jaw Worm","floor":1,"turns":7},{"damage":1,"enemies":"2 Louse","floor":2,"turns":3},{"damage":10,"enemies":"Cultist","floor":3,"turns":6},{"damage":32,"enemies":"Gremlin Nob","floor":8,"turns":4},{"damage":4,"enemies":"Blue Slaver","floor":11,"turns":3},{"damage":3,"enemies":"Lagavulin","floor":14,"turns":5},{"damage":23,"enemies":"Hexaghost","floor":16,"turns":9}],"seed_played":"2524656731168052669","neow_bonus_log":{"cardsObtained":[],"cardsUpgraded":[],"cardsRemoved":[],"cardsTransformed":[],"relicsObtained":["Calipers"],"maxHpGained":0,"goldGained":0,"damageTaken":15,"goldLost":0,"maxHpLost":0},"potions_obtained":[{"floor":3,"key":"DistilledChaos"},{"floor":8,"key":"Energy Potion"}],"is_trial":false,"path_per_floor":["M","M","M","$","?","R","?","E","T","R","M","$","?","E","R","B"],"character_chosen":"THE_SILENT","basemod:card_modifiers":[null,null,null,null,null,null,null,null,null,null,null,null,null,null,null,null,null,null],"items_purchased":["Fire Potion","Deadly Poison","ColorlessPotion"],"campfire_rested":2,"item_purchase_floors":[4,12,12],"current_hp_per_floor":[28,27,17,17,6,25,41,9,9,28,24,24,24,21,21,0],"gold":43,"neow_bonus":"ONE_RARE_RELIC","is_prod":false,"is_daily":false,"rewards_skipped":[],"chose_seed":false,"campfire_upgraded":1,"win_rate":0,"floor_exit_playtime":[68,103,156,171,174,182,185,223,226,230,264,281,285,345,350],"timestamp":1679448455,"path_taken":["M","M","M","$","?","R","?","E","T","R","M","?","?","E","R","BOSS"],"build_version":"2022-12-18","purchased_purges":1,"victory":false,"max_hp_per_floor":[66,66,66,66,66,66,66,66,66,66,66,66,66,66,66,66],"relic_stats":{"Calipers":[0],"Singing Bowl":0,"counters":[7,37],"obtain_stats":[{"Calipers":0,"Singing Bowl":8,"Ninja Scroll":9,"Frozen Egg 2":14,"Ring of the Snake":0},{"Calipers":0,"Singing Bowl":4,"Ninja Scroll":4,"Frozen Egg 2":6,"Ring of the Snake":0},{"Calipers":0,"Singing Bowl":20,"Ninja Scroll":20,"Frozen Egg 2":28,"Ring of the Snake":0}],"Ring of the Snake":[14]},"card_choices":[{"not_picked":["Reflex","Flying Knee"],"picked":"Dagger Spray","floor":1},{"not_picked":["All Out Attack","PiercingWail"],"picked":"Deadly Poison","floor":2},{"not_picked":["Blur","Finisher","PiercingWail"],"picked":"SKIP","floor":3},{"not_picked":["Acrobatics","Prepared"],"picked":"Flying Knee","floor":8},{"not_picked":["Outmaneuver","Deflect"],"picked":"Backflip","floor":11},{"not_picked":["Deflect","Choke"],"picked":"PiercingWail","floor":14}],"player_experience":1605576,"relics_obtained":[{"floor":8,"key":"Singing Bowl"},{"floor":9,"key":"Ninja Scroll"},{"floor":14,"key":"Frozen Egg 2"}],"event_choices":[{"damage_healed":0,"gold_gain":75,"player_choice":"Gather Gold","damage_taken":11,"max_hp_gain":0,"max_hp_loss":0,"event_name":"World of Goop","floor":5,"gold_loss":0},{"damage_healed":16,"gold_gain":0,"player_choice":"Healed","damage_taken":0,"max_hp_gain":0,"max_hp_loss":0,"event_name":"The Cleric","floor":7,"gold_loss":35},{"damage_healed":0,"gold_gain":0,"player_choice":"Fled","damage_taken":0,"max_hp_gain":0,"max_hp_loss":0,"event_name":"Scrap Ooze","floor":13,"gold_loss":0}],"is_beta":false,"boss_relics":[],"items_purged_floors":[4],"is_endless":false,"potions_floor_spawned":[3,8],"killed_by":"Hexaghost","ascension_level":20,"potion_discard_per_floor":[[],[],[],[],[],[],[],[],[],[],[],[],[],[],[],[]]}