{"neow_bonuses_skipped_log":["UPGRADE_CARD","REMOVE_TWO","BOSS_RELIC"],"neow_costs_skipped_log":["NONE","NO_GOLD","NONE"],"potions_obtained_entropic_brew":[[],[],[],[],[],[],[],[],[],[],[],[],[],[],[],[],[],[],[],[],[],[],[],[],[]],"gold_per_floor":[214,233,508,527,132,132,157,174,174,193,193,218,238,254,254,328,328,347,26,38,218,229,229,241,241],"floor_reached":25,"playtime":1612,"items_purged":["Regret","Strike_G"],"score":434,"play_id":"b5f251d2-7993-426c-92d4-4237a107bc43","local_time":"20230316181025","score_breakdown":["Floors Climbed (25): 125","Enemies Slain (11): 22","Exordium Elites Killed (2): 20","City Elites Killed (0): 0","Bosses Slain (1): 50","Ascension (20): 217"],"is_ascension_mode":true,"potions_obtained_alchemize":[[],[],[],[],[],[],[],[],[],[],[],[],[],[],[],[],[],[],[],[],[],[],[],[],[]],"campfire_choices":[{"data":"Dash","floor":6.0,"key":"SMITH"},{"data":"Tools of the Trade","floor":11.0,"key":"SMITH"},{"data":"Calculated Gamble","floor":15.0,"key":"SMITH"},{"floor":23,"key":"REST"}],"lesson_learned_per_floor":[[],[],[],[],[],[],[],[],[],[],[],[],[],[],[],[],[],[],[],[],[],[],[],[],[]],"neow_cost":"NONE","improvable_cards":{},"seed_source_timestamp":2557690592981100,"shop_contents":[{"floor":5,"relics":["StrikeDummy","TwistedFunnel"],"cards":["Slice","Leg Sweep","Deflect","Infinite Blades","Bandage Up","Metamorphosis"],"potions":["SpeedPotion","CunningPotion"]},{"floor":19,"relics":["CaptainsWheel","Eternal Feather","Cauldron"],"cards":["All Out Attack","Sucker Punch","Catalyst","PanicButton","Secret Weapon"],"potions":["Swift Potion","BlessingOfTheForge"]}],"circlet_count":0,"master_deck":["AscendersBane","Strike_G","Strike_G","Strike_G","Strike_G","Defend_G","Defend_G","Defend_G","Defend_G","Defend_G","Survivor","Neutralize","Dash+1","Flying Knee","Flying Knee","Backstab","Tools of the Trade+1","Tactician","Underhanded Strike","Prepared","Backflip","Calculated Gamble+1","Grand Finale","Footwork","Reflex","Cloak And Dagger+1","PiercingWail","Terror"],"special_seed":0,"potion_use_per_floor":[[],[],[],[],[],[],["DuplicationPotion","Fire Potion"],[],[],[],[],["Regen Potion"],[],[],[],["FairyPotion"],[],["ColorlessPotion"],[],[],[],["Poison Potion","Block Potion"],[],[],["FearPotion"]],"relics":["Ring of the Snake","Bronze Scales","Paper Crane","Question Card","Nunchaku","HoveringKite"],"potions_floor_usage":[22,22,25],"damage_taken":[{"damage":1.0,"enemies":"Jaw Worm","floor":1.0,"turns":7.0},{"damage":0.0,"enemies":"Cultist","floor":2.0,"turns":4.0},{"damage":2.0,"enemies":"2 Louse","floor":4.0,"turns":3.0},{"damage":21.0,"enemies":"Lagavulin","floor":7.0,"turns":7.0},{"damage":3.0,"enemies":"Lots of Slimes","floor":8.0,"turns":3.0},{"damage":0.0,"enemies":"Gremlin Gang","floor":10.0,"turns":5.0},{"damage":25.0,"enemies":"3 Sentries","floor":12.0,"turns":7.0},{"damage":0.0,"enemies":"Looter","floor":13.0,"turns":2.0},{"damage":0.0,"enemies":"Large Slime","floor":14.0,"turns":5.0},{"damage":26.0,"enemies":"The Guardian","floor":16.0,"turns":17.0},{"damage":13.0,"enemies":"Spheric Guardian","floor":18.0,"turns":4.0},{"damage":0,"enemies":"3 Byrds","floor":20,"turns":3},{"damage":10,"enemies":"Cultist and Chosen","floor":22,"turns":9},{"damage":0,"enemies":"Centurion and Healer","floor":24,"turns":8},{"damage":39,"enemies":"Slavers","floor":25,"turns":4}],"seed_played":"-5983567435960976525","neow_bonus_log":{"cardsObtained":[],"cardsUpgraded":[],"cardsRemoved":[],"cardsTransformed":[],"relicsObtained":[],"maxHpGained":0,"goldGained":100,"damageTaken":0,"goldLost":0,"maxHpLost":0},"potions_obtained":[{"floor":2.0,"key":"Fire Potion"},{"floor":10.0,"key":"Regen Potion"},{"floor":13.0,"key":"FairyPotion"},{"floor":16.0,"key":"ColorlessPotion"},{"floor":20,"key":"Poison Potion"},{"floor":22,"key":"Ancient Potion"},{"floor":24,"key":"FearPotion"}],"is_trial":false,"path_per_floor":["M","M","?","M","$","R","E","M","T","M","R","E","M","M","R","B",null,"M","$","M","?","M","R","M","E"],"character_chosen":"THE_SILENT","basemod:card_modifiers":[null,null,null,null,null,null,null,null,null,null,null,null,null,null,null,null,null,null,null,null,null,null,null,null,null,null,null,null],"items_purchased":["Bronze Scales","Backstab","DuplicationPotion","Footwork","Reflex","Block Potion"],"campfire_rested":1,"item_purchase_floors":[5,5,5,19,19,19],"current_hp_per_floor":[58,58,58,56,56,56,35,32,32,32,32,22,22,22,22,15,53,40,40,40,21,11,30,30,0],"gold":241,"neow_bonus":"HUNDRED_GOLD","is_prod":false,"is_daily":false,"rewards_skipped":[],"chose_seed":false,"campfire_upgraded":3,"win_rate":0,"floor_exit_playtime":[77,114,123,176,216,235,325,369,372,448,455,568,597,717,724,976,991,1057,1072,1160,1181,1321,1325,1527],"timestamp":1679004625,"path_taken":["M","M","?","M","$","R","E","M","T","M","R","E","?","M","R","BOSS","M","$","M","?","?","R","?","E"],"build_version":"2022-12-18","purchased_purges":2,"victory":false,"max_hp_per_floor":[66,66,66,66,66,66,66,66,66,66,66,66,66,66,66,66,66,66,66,66,66,66,66,66,66],"relic_stats":{"Nunchaku":[12],"counters":[15,88],"Bronze Scales":[242],"HoveringKite":[26],"Question Card":9,"obtain_stats":[{"Nunchaku":12,"Bronze Scales":5,"HoveringKite":17,"Paper Crane":7,"Question Card":9,"Ring of the Snake":0},{"Nunchaku":7,"Bronze Scales":3,"HoveringKite":10,"Paper Crane":4,"Question Card":5,"Ring of the Snake":0},{"Nunchaku":36,"Bronze Scales":14,"HoveringKite":60,"Paper Crane":21,"Question Card":24,"Ring of the Snake":0}],"Ring of the Snake":[30]},"card_choices":[{"not_picked":["Underhanded Strike","Deflect"],"picked":"Dash","floor":1.0},{"not_picked":["Outmaneuver","Prepared"],"picked":"Flying Knee","floor":2.0},{"not_picked":["Backflip","PiercingWail"],"picked":"Flying Knee","floor":4.0},{"not_picked":["Skewer","Choke"],"picked":"Tools of the Trade","floor":7.0},{"not_picked":["Riddle With Holes","Crippling Poison"],"picked":"Tactician","floor":8.0},{"not_picked":["Cloak And Dagger","Finisher","Poisoned Stab"],"picked":"Underhanded Strike","floor":10.0},{"not_picked":["Underhanded Strike","Unload","Bane"],"picked":"Prepared","floor":12.0},{"not_picked":["Finisher","Poisoned Stab","Underhanded Strike"],"picked":"Backflip","floor":13.0},{"not_picked":["Flechettes","Setup","Bane"],"picked":"Calculated Gamble","floor":14.0},{"not_picked":["Unload","Malaise","Doppelganger"],"picked":"Grand Finale","floor":16.0},{"not_picked":["Dodge and Roll","Bane","Underhanded Strike","Cloak And Dagger"],"picked":"SKIP","floor":18.0},{"not_picked":["Expertise","Backflip","Blade Dance"],"picked":"Cloak And Dagger+1","floor":20},{"not_picked":["Outmaneuver+1","Blade Dance+1","Crippling Poison"],"picked":"PiercingWail","floor":22},{"not_picked":["Sucker Punch","Underhanded Strike","Dagger Throw"],"picked":"Terror","floor":24}],"player_experience":1589624,"relics_obtained":[{"floor":7.0,"key":"Paper Crane"},{"floor":9.0,"key":"Question Card"},{"floor":12.0,"key":"Nunchaku"}],"event_choices":[{"damage_healed":0.0,"max_hp_gain":0.0,"max_hp_loss":0.0,"gold_gain":275.0,"event_name":"Golden Shrine","player_choice":"Desecrate","floor":3.0,"gold_loss":0.0,"damage_taken":0.0,"cards_obtained":["Regret"]},{"damage_healed":0,"gold_gain":180,"player_choice":"GOLD GOLD ","damage_taken":19,"max_hp_gain":0,"max_hp_loss":0,"event_name":"Knowing Skull","floor":21,"potions_obtained":[],"gold_loss":0,"cards_obtained":[]}],"is_beta":false,"boss_relics":[{"not_picked":["Ectoplasm","Black Star"],"picked":"HoveringKite"}],"items_purged_floors":[5,19],"is_endless":false,"potions_floor_spawned":[2,10,13,16,20,22,24],"killed_by":"Slavers","ascension_level":20,"potion_discard_per_floor":[[],[],[],[],[],[],[],[],[],[],[],[],[],[],[],[],[],[],[],[],[],[],[],[],[]]}