{"neow_bonuses_skipped_log":["REMOVE_CARD","THREE_RARE_CARDS","BOSS_RELIC"],"neow_costs_skipped_log":["NONE","NO_GOLD","NONE"],"potions_obtained_entropic_brew":[[],[],[],[],[],[],[],[],[],[],[],[],[],[],[],[],[],[],[],[],[],[],[]],"gold_per_floor":[210,210,27,41,53,87,103,103,157,168,199,216,251,251,251,328,328,344,344,359,7,22,22],"floor_reached":23,"playtime":897,"items_purged":["Decay","Strike_G"],"score":426,"play_id":"687a3b4c-1401-42d9-94b8-dfa52558d21c","local_time":"20230321211852","score_breakdown":["Floors Climbed (23): 115","Enemies Slain (9): 18","Exordium Elites Killed (3): 30","City Elites Killed (0): 0","Bosses Slain (1): 50","Ascension (20): 213"],"is_ascension_mode":true,"potions_obtained_alchemize":[[],[],[],[],[],[],[],[],[],[],[],[],[],[],[],[],[],[],[],[],[],[],[]],"campfire_choices":[{"data":"Blade Dance","floor":8,"key":"SMITH"},{"floor":15,"key":"REST"}],"lesson_learned_per_floor":[[],[],[],[],[],[],[],[],[],[],[],[],[],[],[],[],[],[],[],[],[],[],[]],"neow_cost":"NONE","improvable_cards":{},"seed_source_timestamp":3001728347727900,"shop_contents":[{"floor":3,"relics":["Gremlin Horn","Potion Belt","Chemical X"],"cards":["Flying Knee","Bane","Terror","Well Laid Plans","Impatience","Transmutation"],"potions":["Explosive Potion","CunningPotion"]},{"floor":21,"relics":["Nunchaku","Question Card"],"cards":["Flechettes+1","Eviscerate+1","Blade Dance","PiercingWail","Jack Of All Trades","Secret Technique"],"potions":["Fire Potion","GamblersBrew","SkillPotion"]}],"circlet_count":0,"master_deck":["AscendersBane","Strike_G","Strike_G","Strike_G","Strike_G","Defend_G","Defend_G","Defend_G","Defend_G","Defend_G","Survivor","Neutralize","Blade Dance+1","Blade Dance","Masterful Stab","Acrobatics","Noxious Fumes+1","Bouncing Flask","Acrobatics","Corpse Explosion","Catalyst","Footwork+1","Footwork+1","Calculated Gamble"],"special_seed":0,"potion_use_per_floor":[[],[],[],[],[],["AttackPotion"],[],[],[],[],["AttackPotion","Swift Potion"],[],[],[],[],[],[],[],[],[],[],["Block Potion"],["FearPotion"]],"relics":["Ring of the Snake","Frozen Egg 2","PreservedInsect","Oddly Smooth Stone","Boot","Runic Pyramid","Molten Egg 2","ClockworkSouvenir"],"potions_floor_usage":[6,11,11,22,23],"damage_taken":[{"damage":8.0,"enemies":"Jaw Worm","floor":1.0,"turns":5.0},{"damage":1,"enemies":"Cultist","floor":4,"turns":3},{"damage":0,"enemies":"2 Louse","floor":5,"turns":2},{"damage":8,"enemies":"Gremlin Nob","floor":6,"turns":3},{"damage":0,"enemies":"Exordium Wildlife","floor":7,"turns":3},{"damage":4,"enemies":"Red Slaver","floor":10,"turns":2},{"damage":12,"enemies":"Lagavulin","floor":11,"turns":7},{"damage":0,"enemies":"2 Fungi Beasts","floor":12,"turns":2},{"damage":4,"enemies":"3 Sentries","floor":13,"turns":5},{"damage":13,"enemies":"The Guardian","floor":16,"turns":10},{"damage":12,"enemies":"Spheric Guardian","floor":18,"turns":5},{"damage":0,"enemies":"3 Byrds","floor":20,"turns":2},{"damage":6,"enemies":"Snake Plant","floor":22,"turns":5},{"damage":43,"enemies":"Book of Stabbing","floor":23,"turns":7}],"seed_played":"2230925294938370998","neow_bonus_log":{"cardsObtained":[],"cardsUpgraded":[],"cardsRemoved":[],"cardsTransformed":[],"relicsObtained":[],"maxHpGained":0,"goldGained":100,"damageTaken":0,"goldLost":0,"maxHpLost":0},"potions_obtained":[{"floor":1.0,"key":"Swift Potion"},{"floor":6,"key":"AttackPotion"},{"floor":12,"key":"FearPotion"},{"floor":18,"key":"Block Potion"}],"is_trial":false,"path_per_floor":["M","?","$","M","M","E","M","R","T","M","E","M","E","?","R","B",null,"M","?","M","$","M","E"],"character_chosen":"THE_SILENT","basemod:card_modifiers":[null,null,null,null,null,null,null,null,null,null,null,null,null,null,null,null,null,null,null,null,null,null,null,null],"items_purchased":["AttackPotion","Blade Dance","ClockworkSouvenir","Footwork+1"],"campfire_rested":1,"item_purchase_floors":[3,3,21,21],"current_hp_per_floor":[51,51,51,50,50,42,42,42,42,38,26,26,22,22,41,28,57,45,45,45,45,39,0],"gold":22,"neow_bonus":"HUNDRED_GOLD","is_prod":false,"is_daily":false,"rewards_skipped":[{"floor":5,"relics":[],"potions":["SpeedPotion"]}],"chose_seed":false,"campfire_upgraded":1,"win_rate":0,"floor_exit_playtime":[69,84,108,139,168,205,240,248,251,289,363,414,482,485,491,581,601,666,681,731,750,813],"timestamp":1679447932,"path_taken":["M","?","$","M","M","E","M","R","T","?","E","M","E","?","R","BOSS","M","?","M","$","M","E"],"build_version":"2022-12-18","purchased_purges":2,"victory":false,"max_hp_per_floor":[66,66,66,66,66,66,66,66,66,66,66,66,66,66,66,66,66,66,66,66,66,66,66],"relic_stats":{"counters":[14,61],"PreservedInsect":103,"Boot":[38],"obtain_stats":[{"Oddly Smooth Stone":11,"Molten Egg 2":19,"PreservedInsect":9,"Frozen Egg 2":6,"Boot":13,"Ring of the Snake":0,"Runic Pyramid":17,"ClockworkSouvenir":21},{"Oddly Smooth Stone":7,"Molten Egg 2":11,"PreservedInsect":5,"Frozen Egg 2":4,"Boot":9,"Ring of the Snake":0,"Runic Pyramid":10,"ClockworkSouvenir":12},{"Oddly Smooth Stone":25,"Molten Egg 2":47,"PreservedInsect":16,"Frozen Egg 2":13,"Boot":32,"Ring of the Snake":0,"Runic Pyramid":42,"ClockworkSouvenir":49}],"Ring of the Snake":[28]},"card_choices":[{"not_picked":["Expertise","Acrobatics"],"picked":"Blade Dance","floor":1.0},{"not_picked":["Calculated Gamble","Cloak And Dagger"],"picked":"Masterful Stab","floor":4},{"not_picked":["Outmaneuver","PiercingWail"],"picked":"Underhanded Strike","floor":5},{"not_picked":["Masterful Stab","Quick Slash","Dagger Throw"],"picked":"SKIP","floor":6},{"not_picked":["Deflect","Dodge and Roll"],"picked":"Acrobatics","floor":7},{"not_picked":["Dodge and Roll","Quick Slash","Outmaneuver"],"picked":"SKIP","floor":10},{"not_picked":["Slice","Expertise"],"picked":"Noxious Fumes+1","floor":11},{"not_picked":["Deflect","Outmaneuver"],"picked":"Bouncing Flask","floor":12},{"not_picked":["Glass Knife","Skewer"],"picked":"Acrobatics","floor":13},{"not_picked":["A Thousand Cuts+1","Unload"],"picked":"Corpse Explosion","floor":16},{"not_picked":["Reflex","Backflip"],"picked":"Catalyst","floor":18},{"not_picked":["Prepared","Deadly Poison"],"picked":"Footwork+1","floor":20},{"not_picked":["Setup","Cloak And Dagger"],"picked":"Calculated Gamble","floor":22}],"player_experience":1604679,"relics_obtained":[{"floor":6,"key":"Frozen Egg 2"},{"floor":9,"key":"PreservedInsect"},{"floor":11,"key":"Oddly Smooth Stone"},{"floor":13,"key":"Boot"}],"event_choices":[{"damage_healed":0.0,"max_hp_gain":0.0,"max_hp_loss":0.0,"gold_gain":0.0,"event_name":"Wheel of Change","player_choice":"Cursed","floor":2.0,"gold_loss":0.0,"damage_taken":0.0,"cards_obtained":["Decay"]},{"damage_healed":0,"gold_gain":0,"player_choice":"Ignored","damage_taken":0,"max_hp_gain":0,"max_hp_loss":0,"event_name":"Liars Game","floor":14,"gold_loss":0},{"cards_removed":["Underhanded Strike"],"damage_healed":0,"gold_gain":0,"player_choice":"Gave Card","damage_taken":0,"relics_obtained":["Molten Egg 2"],"max_hp_gain":0,"max_hp_loss":0,"event_name":"WeMeetAgain","floor":19,"gold_loss":0}],"is_beta":false,"boss_relics":[{"not_picked":["Busted Crown","SacredBark"],"picked":"Runic Pyramid"}],"items_purged_floors":[3,21],"is_endless":false,"potions_floor_spawned":[1,5,6,12,18],"killed_by":"Book of Stabbing","ascension_level":20,"potion_discard_per_floor":[[],[],[],[],[],[],[],[],[],[],[],[],[],[],[],[],[],[],[],[],[],[],[]]}