{"neow_bonuses_skipped_log":["REMOVE_CARD","HUNDRED_GOLD","BOSS_RELIC"],"neow_costs_skipped_log":["NONE","NONE","NONE"],"potions_obtained_entropic_brew":[[],[],[],[],[],[],[],[],[],[],[],[],[],[],[],[]],"gold_per_floor":[116,134,134,146,146,146,171,171,249,249,268,287,313,331,331,331],"floor_reached":16,"playtime":717,"items_purged":[],"score":224,"play_id":"d4dc1225-30f5-427f-85eb-a4604020c675","local_time":"20230316182245","score_breakdown":["Floors Climbed (16): 80","Enemies Slain (6): 12","Exordium Elites Killed (2): 20","Bosses Slain (0): 0","Ascension (20): 112"],"is_ascension_mode":true,"potions_obtained_alchemize":[[],[],[],[],[],[],[],[],[],[],[],[],[],[],[],[]],"campfire_choices":[{"data":"Blade Dance","floor":6,"key":"SMITH"},{"floor":8,"key":"REST"},{"data":"Blade Dance","floor":15,"key":"SMITH"}],"lesson_learned_per_floor":[[],[],[],[],[],[],[],[],[],[],[],[],[],[],[],[]],"neow_cost":"TEN_PERCENT_HP_LOSS","improvable_cards":{},"seed_source_timestamp":2559354108306200,"shop_contents":[],"circlet_count":0,"master_deck":["AscendersBane","Strike_G","Strike_G","Strike_G","Strike_G","Defend_G","Defend_G","Defend_G","Defend_G","Defend_G","Survivor","Neutralize","Poisoned Stab","Blade Dance+1","Blade Dance+1","Grand Finale","Footwork+1","Backflip"],"potion_use_per_floor":[[],[],[],[],[],[],["AttackPotion"],[],[],[],["EssenceOfSteel"],[],["FearPotion"],[],[],[]],"relics":["Ring of the Snake","Peace Pipe","Regal Pillow","Frozen Egg 2","Bird Faced Urn"],"potions_floor_usage":[7,11,13],"damage_taken":[{"damage":0,"enemies":"Cultist","floor":1,"turns":4},{"damage":0,"enemies":"2 Louse","floor":2,"turns":5},{"damage":0,"enemies":"Small Slimes","floor":4,"turns":2},{"damage":46,"enemies":"Gremlin Nob","floor":7,"turns":4},{"damage":14,"enemies":"Exordium Thugs","floor":11,"turns":5},{"damage":3,"enemies":"Looter","floor":12,"turns":4},{"damage":17,"enemies":"3 Sentries","floor":13,"turns":7},{"damage":0,"enemies":"Exordium Wildlife","floor":14,"turns":5},{"damage":23,"enemies":"Hexaghost","floor":16,"turns":9}],"seed_played":"519715646524780037","neow_bonus_log":{"cardsObtained":[],"cardsUpgraded":[],"cardsRemoved":[],"cardsTransformed":[],"relicsObtained":["Peace Pipe"],"maxHpGained":0,"goldGained":0,"damageTaken":0,"goldLost":0,"maxHpLost":6},"potions_obtained":[{"floor":4,"key":"AttackPotion"},{"floor":7,"key":"EssenceOfSteel"},{"floor":11,"key":"FearPotion"}],"is_trial":false,"path_per_floor":["M","M","?","M","?","R","E","R","T","?","M","M","E","M","R","B"],"character_chosen":"THE_SILENT","basemod:card_modifiers":[null,null,null,null,null,null,null,null,null,null,null,null,null,null,null,null,null,null],"items_purchased":[],"campfire_rested":1,"item_purchase_floors":[],"current_hp_per_floor":[59,59,59,59,64,64,18,52,52,52,38,35,18,20,20,0],"gold":331,"neow_bonus":"ONE_RARE_RELIC","is_prod":false,"is_daily":false,"rewards_skipped":[],"chose_seed":false,"campfire_upgraded":2,"win_rate":0,"floor_exit_playtime":[165,236,240,275,278,284,338,342,348,357,422,469,558,621,635],"timestamp":1679005365,"path_taken":["M","M","?","M","?","R","E","R","T","?","?","M","E","M","R","BOSS"],"build_version":"2022-12-18","purchased_purges":0,"victory":false,"max_hp_per_floor":[60,60,60,60,65,65,65,65,65,65,65,65,65,65,65,65],"relic_stats":{"Peace Pipe":0,"Regal Pillow":15,"counters":[9,45],"Bird Faced Urn":[4],"obtain_stats":[{"Peace Pipe":0,"Regal Pillow":7,"Bird Faced Urn":13,"Frozen Egg 2":9,"Ring of the Snake":0},{"Peace Pipe":0,"Regal Pillow":4,"Bird Faced Urn":7,"Frozen Egg 2":4,"Ring of the Snake":0},{"Peace Pipe":0,"Regal Pillow":15,"Bird Faced Urn":31,"Frozen Egg 2":15,"Ring of the Snake":0}],"Ring of the Snake":[18]},"card_choices":[{"not_picked":["Outmaneuver","Sucker Punch"],"picked":"Poisoned Stab","floor":1},{"not_picked":["Quick Slash","Dagger Throw"],"picked":"Blade Dance","floor":2},{"not_picked":["Sucker Punch","Flying Knee"],"picked":"Blade Dance","floor":4},{"not_picked":["Dagger Throw","Acrobatics"],"picked":"Grand Finale","floor":7},{"not_picked":["Deflect","Underhanded Strike"],"picked":"Footwork+1","floor":11},{"not_picked":["Underhanded Strike","Infinite Blades+1","Distraction"],"picked":"SKIP","floor":12},{"not_picked":["Choke","Dash"],"picked":"Backflip","floor":13},{"not_picked":["Outmaneuver","Distraction","Dash"],"picked":"SKIP","floor":14}],"player_experience":1591236,"relics_obtained":[{"floor":7,"key":"Regal Pillow"},{"floor":9,"key":"Frozen Egg 2"},{"floor":13,"key":"Bird Faced Urn"}],"event_choices":[{"damage_healed":0,"gold_gain":0,"player_choice":"Ignored","damage_taken":0,"max_hp_gain":0,"max_hp_loss":0,"event_name":"Liars Game","floor":3,"gold_loss":0},{"damage_healed":0,"gold_gain":0,"player_choice":"Donut","damage_taken":0,"max_hp_gain":5,"max_hp_loss":0,"event_name":"Big Fish","floor":5,"gold_loss":0},{"cards_removed":["Strike_G"],"damage_healed":0,"gold_gain":0,"player_choice":"Purged","damage_taken":0,"max_hp_gain":0,"max_hp_loss":0,"event_name":"Purifier","floor":10,"gold_loss":0}],"is_beta":false,"boss_relics":[],"items_purged_floors":[],"is_endless":false,"potions_floor_spawned":[4,7,11],"killed_by":"Hexaghost","ascension_level":20,"potion_discard_per_floor":[[],[],[],[],[],[],[],[],[],[],[],[],[],[],[],[]]}