{"neow_bonuses_skipped_log":["UPGRADE_CARD","RANDOM_COLORLESS_2","BOSS_RELIC"],"neow_costs_skipped_log":["NONE","PERCENT_DAMAGE","NONE"],"potions_obtained_entropic_brew":[[],[],[],[],[],[],[],[],[],[],[],[],[],[],[],[],[],[],[],[],[],[],[],[]],"gold_per_floor":[118,133,283,283,299,299,8,28,52,66,85,85,85,113,113,186,186,200,200,220,220,230,230,230],"floor_reached":24,"playtime":995,"items_purged":["Doubt"],"score":396,"play_id":"5acd3059-941f-4ea6-bb03-b133233ba3b8","local_time":"20230326150455","score_breakdown":["Floors Climbed (24): 120","Enemies Slain (9): 18","Exordium Elites Killed (1): 10","City Elites Killed (0): 0","Bosses Slain (1): 50","Ascension (20): 198"],"is_ascension_mode":true,"potions_obtained_alchemize":[[],[],[],[],[],[],[],[],[],[],[],[],[],[],[],[],[],[],[],[],[],[],[],[]],"campfire_choices":[{"data":"Die Die Die","floor":6.0,"key":"SMITH"},{"data":"All Out Attack","floor":12.0,"key":"SMITH"},{"floor":15,"key":"REST"},{"floor":23,"key":"REST"}],"lesson_learned_per_floor":[[],[],[],[],[],[],[],[],[],[],[],[],[],[],[],[],[],[],[],[],[],[],[],[]],"neow_cost":"NONE","improvable_cards":{},"seed_source_timestamp":80353484530800,"shop_contents":[{"floor":7,"relics":["CeramicFish","Orichalcum"],"cards":["Sucker Punch","Eviscerate","Dodge and Roll","Blur","Infinite Blades","Good Instincts","Panache"],"potions":["LiquidMemories","Dexterity Potion"]}],"circlet_count":0,"master_deck":["AscendersBane","Strike_G","Strike_G","Strike_G","Defend_G","Defend_G","Defend_G","Defend_G","Defend_G+1","Survivor","Neutralize","Poisoned Stab","Dash+1","Die Die Die+1","All Out Attack+1","PiercingWail","Dagger Throw+1","Wraith Form v2","Well Laid Plans","Acrobatics","Backstab","Escape Plan","Prepared"],"special_seed":0,"potion_use_per_floor":[[],[],[],[],[],[],[],[],[],[],[],[],[],[],[],["BlessingOfTheForge","Energy Potion"],[],[],[],[],[],["DistilledChaos"],[],["SpeedPotion"]],"relics":["Ring of the Snake","Bronze Scales","OrangePellets","Omamori","HoveringKite"],"potions_floor_usage":[16,16,22,24],"damage_taken":[{"damage":2.0,"enemies":"Jaw Worm","floor":1.0,"turns":4.0},{"damage":1.0,"enemies":"Cultist","floor":2.0,"turns":4.0},{"damage":0.0,"enemies":"2 Louse","floor":5.0,"turns":2.0},{"damage":1.0,"enemies":"Looter","floor":8.0,"turns":3.0},{"damage":0.0,"enemies":"3 Louse","floor":10.0,"turns":1.0},{"damage":7.0,"enemies":"Blue Slaver","floor":11.0,"turns":3.0},{"damage":7,"enemies":"3 Sentries","floor":14,"turns":4},{"damage":34,"enemies":"Slime Boss","floor":16,"turns":11},{"damage":6,"enemies":"3 Byrds","floor":18,"turns":3},{"damage":20,"enemies":"Shell Parasite","floor":20,"turns":4},{"damage":2,"enemies":"Centurion and Healer","floor":22,"turns":11},{"damage":36,"enemies":"Gremlin Leader","floor":24,"turns":9}],"seed_played":"-8242459251599401296","neow_bonus_log":{"cardsObtained":[],"cardsUpgraded":[],"cardsRemoved":[],"cardsTransformed":[],"relicsObtained":["Bronze Scales"],"maxHpGained":0,"goldGained":0,"damageTaken":0,"goldLost":0,"maxHpLost":0},"potions_obtained":[{"floor":8.0,"key":"Energy Potion"},{"floor":20,"key":"DistilledChaos"},{"floor":22,"key":"SpeedPotion"}],"is_trial":false,"path_per_floor":["M","M","?","?","M","R","$","M","T","M","M","R","?","E","R","B",null,"M","?","M","?","M","R","E"],"character_chosen":"THE_SILENT","basemod:card_modifiers":[null,null,null,null,null,null,null,null,null,null,null,null,null,null,null,null,null,null,null,null,null,null,null],"items_purchased":["OrangePellets","BlessingOfTheForge"],"campfire_rested":2,"item_purchase_floors":[7,7],"current_hp_per_floor":[57,56,56,56,56,56,56,55,55,55,48,48,28,21,40,6,51,45,45,25,7,5,26,0],"gold":230,"neow_bonus":"RANDOM_COMMON_RELIC","is_prod":false,"is_daily":false,"rewards_skipped":[{"floor":10,"relics":[],"potions":["SkillPotion"]},{"floor":11,"relics":[],"potions":["Weak Potion"]}],"chose_seed":false,"campfire_upgraded":2,"win_rate":0,"floor_exit_playtime":[62,91,97,113,129,140,159,182,204,219,269,275,279,341,353,492,517,574,585,650,653,800,804],"timestamp":1679857495,"blue_key_relic_skipped_log":{"floor":9,"relicID":"Strawberry"},"path_taken":["M","M","?","?","M","R","$","?","T","M","M","R","?","E","R","BOSS","M","?","M","?","M","R","E"],"build_version":"2022-12-18","purchased_purges":1,"victory":false,"max_hp_per_floor":[66,66,66,66,66,66,66,66,66,66,66,66,66,66,66,66,66,66,66,66,71,71,71,71],"relic_stats":{"OrangePellets":[2],"counters":[12,59],"Bronze Scales":[168],"HoveringKite":[15],"Omamori":0,"obtain_stats":[{"OrangePellets":7,"Bronze Scales":0,"HoveringKite":17,"Omamori":14,"Ring of the Snake":0},{"OrangePellets":3,"Bronze Scales":0,"HoveringKite":8,"Omamori":7,"Ring of the Snake":0},{"OrangePellets":10,"Bronze Scales":0,"HoveringKite":32,"Omamori":21,"Ring of the Snake":0}],"Ring of the Snake":[24]},"card_choices":[{"not_picked":["Outmaneuver","Dodge and Roll"],"picked":"Poisoned Stab","floor":1.0},{"not_picked":["Flying Knee","Backflip"],"picked":"Dash","floor":2.0},{"not_picked":["Bane","Dagger Throw"],"picked":"Die Die Die","floor":5.0},{"not_picked":["Heel Hook","Outmaneuver"],"picked":"All Out Attack","floor":8.0},{"not_picked":["Riddle With Holes","Dagger Spray"],"picked":"PiercingWail","floor":10.0},{"not_picked":["Crippling Poison","Accuracy"],"picked":"Dagger Throw","floor":11.0},{"not_picked":["Dash","Setup","Bane"],"picked":"SKIP","floor":14},{"not_picked":["A Thousand Cuts","Malaise"],"picked":"Wraith Form v2","floor":16},{"not_picked":["Bane","Skewer"],"picked":"Well Laid Plans","floor":18},{"not_picked":["Dagger Throw","Outmaneuver"],"picked":"Escape Plan","floor":20},{"not_picked":["Flechettes","Bane"],"picked":"Prepared","floor":22}],"player_experience":1614736,"relics_obtained":[{"floor":14,"key":"Omamori"}],"event_choices":[{"damage_healed":0.0,"max_hp_gain":0.0,"max_hp_loss":0.0,"gold_gain":150.0,"event_name":"Liars Game","player_choice":"AGREE","floor":3.0,"gold_loss":0.0,"damage_taken":0.0,"cards_obtained":["Doubt"]},{"damage_healed":0.0,"max_hp_gain":0.0,"max_hp_loss":0.0,"gold_gain":0.0,"event_name":"Accursed Blacksmith","player_choice":"Forge","floor":4.0,"gold_loss":0.0,"damage_taken":0.0,"cards_upgraded":["Dash"]},{"damage_healed":0.0,"max_hp_gain":0.0,"max_hp_loss":0.0,"gold_gain":0.0,"event_name":"Shining Light","player_choice":"Entered Light","floor":13.0,"gold_loss":0.0,"damage_taken":20.0,"cards_upgraded":["Defend_G","Dagger Throw"]},{"damage_healed":0,"gold_gain":0,"cards_transformed":["Strike_G","Strike_G"],"player_choice":"Became Test Subject","damage_taken":0,"max_hp_gain":0,"max_hp_loss":0,"event_name":"Drug Dealer","floor":19,"gold_loss":0,"cards_obtained":["Acrobatics","Backstab"]},{"damage_healed":0,"gold_gain":0,"player_choice":"Shed Blood","damage_taken":23,"max_hp_gain":5,"max_hp_loss":0,"event_name":"Forgotten Altar","floor":21,"gold_loss":0}],"is_beta":false,"boss_relics":[{"not_picked":["Runic Dome","Velvet Choker"],"picked":"HoveringKite"}],"items_purged_floors":[7],"is_endless":false,"potions_floor_spawned":[8,10,11,20,22],"killed_by":"Gremlin Leader","ascension_level":20,"potion_discard_per_floor":[[],[],[],[],[],[],[],[],[],[],[],[],[],[],[],[],[],[],[],[],[],[],[],[]]}