{"neow_bonuses_skipped_log":["THREE_SMALL_POTIONS","THREE_RARE_CARDS","BOSS_RELIC"],"neow_costs_skipped_log":["NONE","CURSE","NONE"],"potions_obtained_entropic_brew":[[],[],[],[],[],[],[],[],[],[],[],[],[],[],[],[]],"gold_per_floor":[113,113,163,186,209,252,252,266,291,291,335,351,370,385,385,385],"floor_reached":16,"playtime":711,"items_purged":[],"score":228,"play_id":"d672c620-d137-4625-918c-c27f9d4df7bc","local_time":"20230321210156","score_breakdown":["Floors Climbed (16): 80","Enemies Slain (7): 14","Exordium Elites Killed (2): 20","Bosses Slain (0): 0","Ascension (20): 114"],"is_ascension_mode":true,"potions_obtained_alchemize":[[],[],[],[],[],[],[],[],[],[],[],[],[],[],[],[]],"campfire_choices":[{"floor":7.0,"key":"REST"},{"data":"Poisoned Stab","floor":10.0,"key":"SMITH"},{"floor":15.0,"key":"REST"}],"lesson_learned_per_floor":[[],[],[],[],[],[],[],[],[],[],[],[],[],[],[],[]],"neow_cost":"NONE","improvable_cards":{},"seed_source_timestamp":3000883193789000,"shop_contents":[],"circlet_count":0,"master_deck":["AscendersBane","Strike_G","Strike_G","Strike_G","Strike_G","Strike_G","Defend_G","Defend_G","Defend_G","Defend_G","Defend_G","Survivor","Neutralize","Dagger Spray","Slice","Terror","Poisoned Stab+1","Choke","Masterful Stab","Leg Sweep","Acrobatics"],"special_seed":0,"potion_use_per_floor":[[],[],[],[],[],[],[],[],[],[],["PowerPotion"],[],["Fruit Juice"],[],[],["Poison Potion"]],"relics":["Ring of the Snake","Golden Idol","Orichalcum","Bag of Marbles","Bag of Preparation"],"potions_floor_usage":[16],"damage_taken":[{"damage":0.0,"enemies":"Jaw Worm","floor":1.0,"turns":6.0},{"damage":1.0,"enemies":"Small Slimes","floor":4.0,"turns":5.0},{"damage":1.0,"enemies":"Cultist","floor":5.0,"turns":4.0},{"damage":42.0,"enemies":"3 Sentries","floor":6.0,"turns":11.0},{"damage":6.0,"enemies":"Blue Slaver","floor":8.0,"turns":4.0},{"damage":19.0,"enemies":"Lagavulin","floor":11.0,"turns":6.0},{"damage":0.0,"enemies":"3 Louse","floor":12.0,"turns":2.0},{"damage":2.0,"enemies":"Lots of Slimes","floor":13.0,"turns":4.0},{"damage":0.0,"enemies":"Blue Slaver","floor":14.0,"turns":1.0},{"damage":30,"enemies":"Slime Boss","floor":16,"turns":11}],"seed_played":"-2750366298505263641","neow_bonus_log":{"cardsObtained":[],"cardsUpgraded":[],"cardsRemoved":[],"cardsTransformed":[],"relicsObtained":[],"maxHpGained":0,"goldGained":0,"damageTaken":0,"goldLost":0,"maxHpLost":0},"potions_obtained":[{"floor":5.0,"key":"FearPotion"},{"floor":6.0,"key":"PowerPotion"},{"floor":11.0,"key":"Fruit Juice"},{"floor":14.0,"key":"Poison Potion"}],"is_trial":false,"path_per_floor":["M","?","?","M","M","E","R","M","T","R","E","M","M","M","R","B"],"character_chosen":"THE_SILENT","basemod:card_modifiers":[null,null,null,null,null,null,null,null,null,null,null,null,null,null,null,null,null,null,null,null,null],"items_purchased":[],"campfire_rested":2,"item_purchase_floors":[],"current_hp_per_floor":[59,59,53,52,51,9,27,21,21,21,2,2,5,5,24,0],"gold":385,"neow_bonus":"THREE_CARDS","is_prod":false,"is_daily":false,"rewards_skipped":[],"chose_seed":false,"campfire_upgraded":1,"win_rate":0,"floor_exit_playtime":[97,104,110,158,193,302,306,349,352,366,433,475,548,581,584],"timestamp":1679446916,"path_taken":["M","?","?","M","M","E","R","M","T","R","E","M","M","?","R","BOSS"],"build_version":"2022-12-18","purchased_purges":0,"victory":false,"max_hp_per_floor":[66,60,60,60,60,60,60,60,60,60,60,60,65,65,65,65],"relic_stats":{"counters":[10,54],"Golden Idol":41,"Bag of Preparation":[8],"Orichalcum":[78],"obtain_stats":[{"Golden Idol":2,"Bag of Marbles":9,"Bag of Preparation":11,"Orichalcum":6,"Ring of the Snake":0},{"Golden Idol":1,"Bag of Marbles":5,"Bag of Preparation":6,"Orichalcum":4,"Ring of the Snake":0},{"Golden Idol":6,"Bag of Marbles":30,"Bag of Preparation":36,"Orichalcum":26,"Ring of the Snake":0}],"Ring of the Snake":[20]},"card_choices":[{"not_picked":["Distraction","Flying Knee"],"picked":"Dagger Spray","floor":0.0},{"not_picked":["Backflip","Prepared"],"picked":"Slice","floor":1.0},{"not_picked":["Choke","Accuracy"],"picked":"Terror","floor":4.0},{"not_picked":["Crippling Poison","Deflect"],"picked":"Poisoned Stab","floor":5.0},{"not_picked":["Distraction","Deadly Poison","Flying Knee"],"picked":"SKIP","floor":6.0},{"not_picked":["Deflect","Poisoned Stab"],"picked":"Choke","floor":8.0},{"not_picked":["Bane","Acrobatics"],"picked":"Masterful Stab","floor":11.0},{"not_picked":["Glass Knife","Catalyst"],"picked":"Leg Sweep","floor":12.0},{"not_picked":["Reflex","Footwork"],"picked":"Acrobatics","floor":13.0},{"not_picked":["Dodge and Roll","Poisoned Stab","Leg Sweep"],"picked":"SKIP","floor":14.0}],"player_experience":1603968,"relics_obtained":[{"floor":6.0,"key":"Orichalcum"},{"floor":9.0,"key":"Bag of Marbles"},{"floor":11.0,"key":"Bag of Preparation"}],"event_choices":[{"damage_healed":0.0,"max_hp_gain":0.0,"max_hp_loss":6.0,"gold_gain":0.0,"event_name":"Golden Idol","player_choice":"Lose Max HP","floor":2.0,"gold_loss":0.0,"damage_taken":0.0,"relics_obtained":["Golden Idol"]},{"damage_healed":0.0,"max_hp_gain":0.0,"max_hp_loss":0.0,"gold_gain":50.0,"event_name":"FaceTrader","player_choice":"Touch","floor":3.0,"gold_loss":0.0,"damage_taken":6.0}],"is_beta":false,"boss_relics":[],"items_purged_floors":[],"is_endless":false,"potions_floor_spawned":[5,6,11,14],"killed_by":"Slime Boss","ascension_level":20,"potion_discard_per_floor":[[],[],[],[],[],[],[],[],[],[],[],[],[],[],[],[]]}