{"neow_bonuses_skipped_log":["RANDOM_COLORLESS","THREE_SMALL_POTIONS","BOSS_RELIC"],"neow_costs_skipped_log":["NONE","NONE","NONE"],"potions_obtained_entropic_brew":[[],[],[],[],[],[],[],[],[],[],[],[],[],[],[],[]],"gold_per_floor":[118,138,150,150,166,166,198,198,245,215,215,245,277,291,291,291],"floor_reached":16,"playtime":825,"items_purged":[],"score":244,"play_id":"c9bbcbc8-8f3d-42ab-a6e8-aa4a708b4ea5","local_time":"20230316183654","score_breakdown":["Floors Climbed (16): 80","Enemies Slain (6): 12","Exordium Elites Killed (3): 30","Bosses Slain (0): 0","Ascension (20): 122"],"is_ascension_mode":true,"potions_obtained_alchemize":[[],[],[],[],[],[],[],[],[],[],[],[],[],[],[],[]],"campfire_choices":[{"data":"Predator","floor":6.0,"key":"SMITH"},{"floor":8.0,"key":"REST"},{"data":"Crippling Poison","floor":11.0,"key":"SMITH"},{"data":"Wraith Form v2","floor":15,"key":"SMITH"}],"lesson_learned_per_floor":[[],[],[],[],[],[],[],[],[],[],[],[],[],[],[],[]],"neow_cost":"TEN_PERCENT_HP_LOSS","improvable_cards":{},"seed_source_timestamp":2560079452205900,"shop_contents":[],"circlet_count":0,"master_deck":["AscendersBane","Strike_G","Strike_G","Strike_G","Strike_G","Defend_G","Defend_G","Defend_G","Defend_G","Defend_G","Survivor","Neutralize","Predator+1","Slice","Crippling Poison+1","Dagger Spray","Deflect","Leg Sweep","Heel Hook","Wraith Form v2+1"],"special_seed":0,"potion_use_per_floor":[[],[],[],[],[],[],["CunningPotion"],[],[],[],[],["AttackPotion"],["Strength Potion","SpeedPotion"],[],[],["LiquidMemories"]],"relics":["Ring of the Snake","WingedGreaves","Bottled Lightning","Pen Nib","Bag of Preparation","Blue Candle"],"potions_floor_usage":[12,13,13,16],"damage_taken":[{"damage":7.0,"enemies":"Jaw Worm","floor":1.0,"turns":5.0},{"damage":0.0,"enemies":"Cultist","floor":2.0,"turns":4.0},{"damage":0.0,"enemies":"Small Slimes","floor":3.0,"turns":3.0},{"damage":3.0,"enemies":"Looter","floor":5.0,"turns":4.0},{"damage":26.0,"enemies":"3 Sentries","floor":7.0,"turns":13.0},{"damage":6.0,"enemies":"Exordium Thugs","floor":10.0,"turns":4.0},{"damage":11,"enemies":"Lagavulin","floor":12,"turns":6},{"damage":2,"enemies":"Gremlin Nob","floor":13,"turns":4},{"damage":1,"enemies":"Red Slaver","floor":14,"turns":3},{"damage":16,"enemies":"The Guardian","floor":16,"turns":12}],"seed_played":"-5297653927718799520","neow_bonus_log":{"cardsObtained":[],"cardsUpgraded":[],"cardsRemoved":[],"cardsTransformed":[],"relicsObtained":["WingedGreaves"],"maxHpGained":0,"goldGained":0,"damageTaken":0,"goldLost":0,"maxHpLost":6},"potions_obtained":[{"floor":1.0,"key":"SpeedPotion"},{"floor":2.0,"key":"CunningPotion"},{"floor":7.0,"key":"AttackPotion"},{"floor":12,"key":"Strength Potion"},{"floor":14,"key":"LiquidMemories"}],"is_trial":false,"path_per_floor":["M","M","M","?","M","R","E","R","T","M","R","E","E","M","R","B"],"character_chosen":"THE_SILENT","basemod:card_modifiers":[null,null,null,null,null,null,null,null,null,null,null,null,null,null,null,null,null,null,null,null],"items_purchased":[],"campfire_rested":1,"item_purchase_floors":[],"current_hp_per_floor":[52,52,52,45,42,42,16,34,34,28,28,17,15,14,14,0],"gold":291,"neow_bonus":"ONE_RARE_RELIC","is_prod":false,"is_daily":false,"rewards_skipped":[],"chose_seed":false,"campfire_upgraded":3,"win_rate":0,"floor_exit_playtime":[65,116,153,175,214,225,357,361,401,454,465,547,602,658,666],"timestamp":1679006214,"path_taken":["M","M","M","?","M","R","E","R","T","M","R","E","E","M","R","BOSS"],"build_version":"2022-12-18","purchased_purges":0,"victory":false,"max_hp_per_floor":[60,60,60,60,60,60,60,60,60,60,60,60,60,60,60,60],"relic_stats":{"counters":[10,58],"Blue Candle":[0],"WingedGreaves":2,"Pen Nib":[4],"Bag of Preparation":[6],"Bottled Lightning":"Crippling Poison","obtain_stats":[{"Blue Candle":13,"WingedGreaves":0,"Pen Nib":9,"Bag of Preparation":12,"Bottled Lightning":7,"Ring of the Snake":0},{"Blue Candle":8,"WingedGreaves":0,"Pen Nib":5,"Bag of Preparation":7,"Bottled Lightning":5,"Ring of the Snake":0},{"Blue Candle":43,"WingedGreaves":0,"Pen Nib":29,"Bag of Preparation":39,"Bottled Lightning":29,"Ring of the Snake":0}],"Ring of the Snake":[20]},"card_choices":[{"not_picked":["Heel Hook","Concentrate"],"picked":"Predator","floor":1.0},{"not_picked":["Underhanded Strike","Poisoned Stab"],"picked":"Slice","floor":2.0},{"not_picked":["Concentrate","Calculated Gamble","Cloak And Dagger"],"picked":"SKIP","floor":3.0},{"not_picked":["Calculated Gamble","Dash"],"picked":"Crippling Poison","floor":5.0},{"not_picked":["Sucker Punch","Prepared"],"picked":"Dagger Spray","floor":7.0},{"not_picked":["Poisoned Stab","Tactician"],"picked":"Deflect","floor":10.0},{"not_picked":["Calculated Gamble","PiercingWail"],"picked":"Leg Sweep","floor":12},{"not_picked":["Leg Sweep","Predator"],"picked":"Heel Hook","floor":13},{"not_picked":["Footwork","Underhanded Strike"],"picked":"Wraith Form v2","floor":14}],"player_experience":1591953,"relics_obtained":[{"floor":7.0,"key":"Bottled Lightning"},{"floor":9.0,"key":"Pen Nib"},{"floor":12,"key":"Bag of Preparation"},{"floor":13,"key":"Blue Candle"}],"event_choices":[{"cards_removed":["Strike_G"],"damage_healed":0.0,"max_hp_gain":0.0,"max_hp_loss":0.0,"gold_gain":0.0,"event_name":"Golden Wing","player_choice":"Card Removal","floor":4.0,"gold_loss":0.0,"damage_taken":7.0}],"is_beta":false,"boss_relics":[],"items_purged_floors":[],"is_endless":false,"potions_floor_spawned":[1,2,7,12,14],"killed_by":"The Guardian","ascension_level":20,"potion_discard_per_floor":[[],[],[],[],[],[],[],[],[],[],[],[],[],[],[],[]]}