{"neow_bonuses_skipped_log":["THREE_CARDS","TEN_PERCENT_HP_BONUS","TWO_FIFTY_GOLD"],"neow_costs_skipped_log":["NONE","NONE","CURSE"],"potions_obtained_entropic_brew":[[],[],[],[],[],[],[],[],[],[],[],[],[],[],[],[],[],[],[],[],[],[]],"gold_per_floor":[115,132,142,13,27,55,55,74,100,113,113,143,143,123,123,199,199,216,233,233,233,233],"floor_reached":22,"playtime":1106,"items_purged":["Strike_G"],"score":392,"play_id":"b44ce699-0e90-42b8-823e-a0f1a61be510","local_time":"20230316193306","score_breakdown":["Floors Climbed (22): 110","Enemies Slain (8): 16","Exordium Elites Killed (2): 20","City Elites Killed (0): 0","Bosses Slain (1): 50","Ascension (20): 196"],"is_ascension_mode":true,"potions_obtained_alchemize":[[],[],[],[],[],[],[],[],[],[],[],[],[],[],[],[],[],[],[],[],[],[]],"campfire_choices":[{"data":"Poisoned Stab","floor":7,"key":"SMITH"},{"data":"Poisoned Stab","floor":15,"key":"SMITH"}],"lesson_learned_per_floor":[[],[],[],[],[],[],[],[],[],[],[],[],[],[],[],[],[],[],[],[],[],[]],"neow_cost":"NONE","improvable_cards":{},"seed_source_timestamp":2563185745373700,"shop_contents":[{"floor":4,"relics":["Omamori","FossilizedHelix","DollysMirror"],"cards":["Poisoned Stab","Quick Slash","PiercingWail","Leg Sweep","Accuracy","Bandage Up","Magnetism"],"potions":["PowerPotion","Energy Potion"]}],"circlet_count":0,"master_deck":["AscendersBane","Strike_G+1","Strike_G","Defend_G","Defend_G+1","Defend_G","Defend_G","Defend_G","Survivor","Neutralize","Dagger Throw","Poisoned Stab+1","Poisoned Stab+1","Calculated Gamble","Malaise","Corpse Explosion","Reflex","Phantasmal Killer","Deflect","Necronomicurse"],"potion_use_per_floor":[[],[],[],[],[],["PowerPotion"],[],[],[],["GhostInAJar"],[],["Regen Potion"],[],[],[],[],[],[],["Block Potion"],[],[],["FairyPotion"]],"relics":["Coffee Dripper","Regal Pillow","Boot","Dream Catcher","Velvet Choker","Necronomicon"],"potions_floor_usage":[6,10,12,19],"damage_taken":[{"damage":2,"enemies":"Jaw Worm","floor":1,"turns":6},{"damage":0,"enemies":"2 Louse","floor":2,"turns":4},{"damage":0,"enemies":"Cultist","floor":3,"turns":3},{"damage":0,"enemies":"Blue Slaver","floor":5,"turns":4},{"damage":22,"enemies":"3 Sentries","floor":6,"turns":13},{"damage":12,"enemies":"Exordium Thugs","floor":8,"turns":6},{"damage":0,"enemies":"Lots of Slimes","floor":10,"turns":4},{"damage":2,"enemies":"Lagavulin","floor":12,"turns":6},{"damage":7,"enemies":"The Guardian","floor":16,"turns":11},{"damage":12,"enemies":"Spheric Guardian","floor":18,"turns":5},{"damage":8,"enemies":"Shell Parasite","floor":19,"turns":6},{"damage":61,"enemies":"Chosen and Byrds","floor":22,"turns":5}],"seed_played":"1206134802266072689","neow_bonus_log":{"cardsObtained":[],"cardsUpgraded":[],"cardsRemoved":[],"cardsTransformed":[],"relicsObtained":["Coffee Dripper"],"maxHpGained":0,"goldGained":0,"damageTaken":0,"goldLost":0,"maxHpLost":0},"potions_obtained":[{"floor":2,"key":"ColorlessPotion"},{"floor":5,"key":"GhostInAJar"},{"floor":10,"key":"Regen Potion"},{"floor":12,"key":"Block Potion"},{"floor":14,"key":"FairyPotion"}],"is_trial":false,"path_per_floor":["M","M","M","$","M","E","R","M","T","M","?","E","?","?","R","B",null,"M","M","?","?","M"],"character_chosen":"THE_SILENT","basemod:card_modifiers":[null,null,null,null,null,null,null,null,null,null,null,null,null,null,null,null,null,null,null,null],"items_purchased":["PowerPotion"],"campfire_rested":0,"item_purchase_floors":[4],"current_hp_per_floor":[57,57,57,57,57,35,35,23,23,23,45,58,38,38,38,31,57,45,37,37,16,0],"gold":233,"neow_bonus":"BOSS_RELIC","is_prod":false,"is_daily":false,"rewards_skipped":[{"floor":18,"relics":[],"potions":["LiquidMemories"]}],"chose_seed":false,"campfire_upgraded":2,"win_rate":0,"floor_exit_playtime":[107,163,193,228,282,453,469,533,535,607,610,669,702,707,725,828,861,933,1025,1038,1049],"timestamp":1679009586,"path_taken":["M","M","M","$","M","E","R","M","T","M","?","E","?","?","R","BOSS","M","M","?","?","M"],"build_version":"2022-12-18","purchased_purges":1,"victory":false,"max_hp_per_floor":[66,66,66,66,66,66,66,66,66,66,66,66,66,66,66,66,66,66,66,66,66,66],"relic_stats":{"Regal Pillow":0,"Dream Catcher":0,"counters":[12,73],"Necronomicon":[0],"Boot":[20],"obtain_stats":[{"Regal Pillow":6,"Dream Catcher":12,"Velvet Choker":17,"Coffee Dripper":0,"Necronomicon":21,"Boot":9,"Ring of the Snake":0},{"Regal Pillow":5,"Dream Catcher":8,"Velvet Choker":9,"Coffee Dripper":0,"Necronomicon":11,"Boot":6,"Ring of the Snake":0},{"Regal Pillow":30,"Dream Catcher":46,"Velvet Choker":57,"Coffee Dripper":0,"Necronomicon":68,"Boot":36,"Ring of the Snake":0}]},"card_choices":[{"not_picked":["Cloak And Dagger","Well Laid Plans"],"picked":"Dagger Throw","floor":1},{"not_picked":["Cloak And Dagger","Prepared"],"picked":"Poisoned Stab","floor":2},{"not_picked":["Backflip","Bane"],"picked":"Poisoned Stab","floor":3},{"not_picked":["Poisoned Stab","Sucker Punch"],"picked":"Calculated Gamble","floor":5},{"not_picked":["Poisoned Stab","Dagger Spray"],"picked":"Malaise","floor":6},{"not_picked":["Dagger Spray","Tactician","Expertise"],"picked":"SKIP","floor":8},{"not_picked":["PiercingWail","Dodge and Roll","Prepared"],"picked":"SKIP","floor":10},{"not_picked":["Infinite Blades","Accuracy","Poisoned Stab"],"picked":"SKIP","floor":12},{"not_picked":["Malaise","Phantasmal Killer"],"picked":"Corpse Explosion","floor":16},{"not_picked":["Underhanded Strike","Skewer","Distraction"],"picked":"SKIP","floor":18},{"not_picked":["Blade Dance","Deflect"],"picked":"Reflex","floor":19}],"player_experience":1594883,"relics_obtained":[{"floor":6,"key":"Regal Pillow"},{"floor":9,"key":"Boot"},{"floor":12,"key":"Dream Catcher"},{"floor":21,"key":"Necronomicon"}],"event_choices":[{"damage_healed":22,"gold_gain":0,"player_choice":"Banana","damage_taken":0,"max_hp_gain":0,"max_hp_loss":0,"event_name":"Big Fish","floor":11,"gold_loss":0},{"damage_healed":0,"gold_gain":0,"player_choice":"Entered Light","damage_taken":20,"max_hp_gain":0,"max_hp_loss":0,"event_name":"Shining Light","floor":13,"gold_loss":0,"cards_upgraded":["Strike_G","Defend_G"]},{"damage_healed":0,"gold_gain":0,"player_choice":"Bought 1 Potion","damage_taken":0,"max_hp_gain":0,"max_hp_loss":0,"event_name":"The Woman in Blue","floor":14,"gold_loss":0},{"damage_healed":0,"gold_gain":0,"cards_transformed":["Strike_G","Strike_G"],"player_choice":"Became Test Subject","damage_taken":0,"max_hp_gain":0,"max_hp_loss":0,"event_name":"Drug Dealer","floor":20,"gold_loss":0,"cards_obtained":["Phantasmal Killer","Deflect"]},{"damage_healed":0,"gold_gain":0,"player_choice":"Obtained Book","damage_taken":21,"max_hp_gain":0,"max_hp_loss":0,"event_name":"Cursed Tome","floor":21,"gold_loss":0}],"is_beta":false,"boss_relics":[{"not_picked":["Fusion Hammer","Busted Crown"],"picked":"Velvet Choker"}],"items_purged_floors":[4],"is_endless":false,"potions_floor_spawned":[2,5,10,12,18],"killed_by":"Chosen and Byrds","ascension_level":20,"potion_discard_per_floor":[[],[],[],[],["ColorlessPotion"],[],[],[],[],[],[],[],[],[],[],[],[],[],[],[],[],[]]}