{"neow_bonuses_skipped_log":["ONE_RANDOM_RARE_CARD","HUNDRED_GOLD","BOSS_RELIC"],"neow_costs_skipped_log":["NONE","NONE","NONE"],"potions_obtained_entropic_brew":[[],[],[],[],[],[],[],[],[],[],[],[],[],[],[],[],[],[],[],[],[],[],[],[],[]],"gold_per_floor":[114,131,131,149,160,160,174,205,228,263,275,275,290,302,302,380,380,398,398,418,418,333,333,350,350],"floor_reached":25,"playtime":992,"items_purged":[],"score":434,"play_id":"6097011e-2f1c-4165-9755-1557a5d48a3e","local_time":"20230321203214","score_breakdown":["Floors Climbed (25): 125","Enemies Slain (11): 22","Exordium Elites Killed (2): 20","City Elites Killed (0): 0","Bosses Slain (1): 50","Ascension (20): 217"],"is_ascension_mode":true,"potions_obtained_alchemize":[[],[],[],[],[],[],[],[],[],[],[],[],[],[],[],[],[],[],[],[],[],[],[],[],[]],"campfire_choices":[{"data":"Dagger Spray","floor":6,"key":"SMITH"},{"floor":15,"key":"REST"},{"data":"Acrobatics","floor":23,"key":"SMITH"}],"lesson_learned_per_floor":[[],[],[],[],[],[],[],[],[],[],[],[],[],[],[],[],[],[],[],[],[],[],[],[],[]],"neow_cost":"TEN_PERCENT_HP_LOSS","improvable_cards":{},"seed_source_timestamp":2998845232359600,"shop_contents":[],"circlet_count":0,"master_deck":["AscendersBane","Strike_G","Strike_G","Strike_G","Defend_G","Defend_G","Defend_G","Defend_G","Survivor","Neutralize","Bouncing Flask+1","Predator","Quick Slash","Dagger Spray+1","Die Die Die","Backflip","Deflect","Acrobatics+1","Escape Plan","Tactician","Tactician+1","Dodge and Roll"],"potion_use_per_floor":[[],[],[],[],["Explosive Potion"],[],[],["Dexterity Potion"],[],[],[],[],[],[],[],["SpeedPotion"],[],[],[],[],[],[],[],["SpeedPotion"],[]],"relics":["Ring of the Snake","PreservedInsect","Bronze Scales","Art of War","Coffee Dripper","Oddly Smooth Stone"],"potions_floor_usage":[5,8,16,24],"damage_taken":[{"damage":0,"enemies":"Small Slimes","floor":1,"turns":4},{"damage":0,"enemies":"Cultist","floor":2,"turns":4},{"damage":0,"enemies":"2 Louse","floor":4,"turns":3},{"damage":3,"enemies":"Exordium Thugs","floor":5,"turns":3},{"damage":0,"enemies":"2 Fungi Beasts","floor":7,"turns":2},{"damage":20,"enemies":"Lagavulin","floor":8,"turns":7},{"damage":2,"enemies":"3 Sentries","floor":10,"turns":4},{"damage":1,"enemies":"Looter","floor":11,"turns":3},{"damage":8,"enemies":"Exordium Thugs","floor":13,"turns":4},{"damage":14,"enemies":"Gremlin Gang","floor":14,"turns":2},{"damage":21,"enemies":"The Guardian","floor":16,"turns":10},{"damage":16,"enemies":"Spheric Guardian","floor":18,"turns":5},{"damage":17,"enemies":"2 Thieves","floor":20,"turns":4},{"damage":6,"enemies":"Sentry and Sphere","floor":24,"turns":4},{"damage":10,"enemies":"Shelled Parasite and Fungi","floor":25,"turns":2}],"seed_played":"-4467982752290643990","neow_bonus_log":{"cardsObtained":["Bouncing Flask","Predator"],"cardsUpgraded":[],"cardsRemoved":[],"cardsTransformed":["Strike_G","Defend_G"],"relicsObtained":[],"maxHpGained":0,"goldGained":0,"damageTaken":0,"goldLost":0,"maxHpLost":6},"potions_obtained":[{"floor":2,"key":"Explosive Potion"},{"floor":4,"key":"Dexterity Potion"},{"floor":11,"key":"LiquidBronze"},{"floor":13,"key":"SpeedPotion"},{"floor":18,"key":"SpeedPotion"},{"floor":24,"key":"Energy Potion"}],"is_trial":false,"path_per_floor":["M","M","?","M","M","R","M","E","T","E","M","?","M","M","R","B",null,"M","?","M","?","?","R","M","M"],"character_chosen":"THE_SILENT","basemod:card_modifiers":[null,null,null,null,null,null,null,null,null,null,null,null,null,null,null,null,null,null,null,null,null,null],"items_purchased":[],"campfire_rested":1,"item_purchase_floors":[],"current_hp_per_floor":[59,59,59,59,56,56,56,36,36,34,33,33,25,11,29,8,47,31,31,14,14,14,14,8,0],"gold":350,"neow_bonus":"TRANSFORM_TWO_CARDS","is_prod":false,"is_daily":false,"rewards_skipped":[{"floor":14,"relics":[],"potions":["SneckoOil"]}],"chose_seed":false,"campfire_upgraded":2,"win_rate":0,"floor_exit_playtime":[147,183,200,230,269,275,305,372,374,435,465,481,550,596,599,731,752,823,842,893,896,899,906,965],"timestamp":1679445134,"path_taken":["M","M","?","M","?","R","?","E","T","E","M","?","M","M","R","BOSS","M","?","M","?","?","R","M","M"],"build_version":"2022-12-18","purchased_purges":0,"victory":false,"max_hp_per_floor":[60,60,60,60,60,60,60,60,60,60,60,60,60,60,60,60,60,60,60,60,60,60,60,60,60],"relic_stats":{"counters":[15,61],"Bronze Scales":[96],"PreservedInsect":32,"Art of War":[6],"obtain_stats":[{"Bronze Scales":9,"Oddly Smooth Stone":22,"PreservedInsect":8,"Art of War":10,"Coffee Dripper":17,"Ring of the Snake":0},{"Bronze Scales":6,"Oddly Smooth Stone":13,"PreservedInsect":6,"Art of War":7,"Coffee Dripper":11,"Ring of the Snake":0},{"Bronze Scales":23,"Oddly Smooth Stone":55,"PreservedInsect":23,"Art of War":27,"Coffee Dripper":46,"Ring of the Snake":0}],"Ring of the Snake":[30]},"card_choices":[{"not_picked":["Backflip","Poisoned Stab","Dodge and Roll"],"picked":"SKIP","floor":1},{"not_picked":["Backflip","Deflect"],"picked":"Quick Slash","floor":2},{"not_picked":["PiercingWail","Dagger Throw"],"picked":"Dagger Spray","floor":4},{"not_picked":["Deflect","Quick Slash","Endless Agony"],"picked":"SKIP","floor":5},{"not_picked":["Acrobatics","Outmaneuver"],"picked":"Die Die Die","floor":7},{"not_picked":["A Thousand Cuts","Dagger Spray","Slice"],"picked":"SKIP","floor":8},{"not_picked":["Concentrate","Poisoned Stab"],"picked":"Backflip","floor":10},{"not_picked":["Tactician","PiercingWail"],"picked":"Deflect","floor":11},{"not_picked":["Eviscerate","Blur"],"picked":"Acrobatics","floor":13},{"not_picked":["Reflex","Bane"],"picked":"Escape Plan","floor":14},{"not_picked":["Storm of Steel","Die Die Die","Envenom"],"picked":"SKIP","floor":16},{"not_picked":["Expertise","Outmaneuver","Cloak And Dagger"],"picked":"SKIP","floor":18},{"not_picked":["Noxious Fumes","Acrobatics","Poisoned Stab","Concentrate","Underhanded Strike","Reflex","Skewer","Leg Sweep","Dodge and Roll","Flechettes","Caltrops","Blade Dance","Choke","Slice","Setup","Backflip","Deflect","Dagger Throw","Outmaneuver"],"picked":"Tactician","floor":19},{"not_picked":["Expertise","Backflip"],"picked":"Tactician+1","floor":20},{"not_picked":["Dagger Spray","Underhanded Strike"],"picked":"Dodge and Roll","floor":24}],"player_experience":1601946,"relics_obtained":[{"floor":8,"key":"PreservedInsect"},{"floor":9,"key":"Bronze Scales"},{"floor":10,"key":"Art of War"}],"event_choices":[{"damage_healed":0,"gold_gain":0,"player_choice":"Upgraded","damage_taken":0,"max_hp_gain":0,"max_hp_loss":0,"event_name":"Upgrade Shrine","floor":3,"gold_loss":0,"cards_upgraded":["Bouncing Flask"]},{"cards_removed":["Strike_G"],"damage_healed":0,"gold_gain":0,"player_choice":"Offered Basic","damage_taken":0,"max_hp_gain":0,"max_hp_loss":0,"event_name":"Bonfire Elementals","floor":12,"gold_loss":0},{"damage_healed":0,"gold_gain":0,"player_choice":"Read","damage_taken":0,"max_hp_gain":0,"max_hp_loss":0,"event_name":"The Library","floor":19,"gold_loss":0,"cards_obtained":["Tactician"]},{"damage_healed":0,"gold_gain":0,"player_choice":"Ignored","damage_taken":0,"max_hp_gain":0,"max_hp_loss":0,"event_name":"Cursed Tome","floor":21,"gold_loss":0},{"damage_healed":0,"gold_gain":0,"player_choice":"Obtained Relic","damage_taken":0,"relics_obtained":["Oddly Smooth Stone"],"max_hp_gain":0,"max_hp_loss":0,"event_name":"Addict","floor":22,"gold_loss":85}],"is_beta":false,"boss_relics":[{"not_picked":["Black Star","Ectoplasm"],"picked":"Coffee Dripper"}],"items_purged_floors":[],"is_endless":false,"potions_floor_spawned":[2,4,11,13,14,18,24],"killed_by":"Shelled Parasite and Fungi","ascension_level":20,"potion_discard_per_floor":[[],[],[],[],[],[],[],[],[],[],[],[],[],[],[],[],[],[],[],[],[],[],[],[],[]]}