{"neow_bonuses_skipped_log":["REMOVE_CARD","THREE_SMALL_POTIONS","BOSS_RELIC"],"neow_costs_skipped_log":["NONE","NONE","NONE"],"potions_obtained_entropic_brew":[[],[],[],[],[],[],[],[],[],[],[],[],[],[],[],[],[],[],[],[],[],[],[],[],[],[],[],[],[],[],[],[],[]],"gold_per_floor":[117,97,110,129,54,54,89,89,89,114,146,172,214,226,238,329,341,372,384,138,153,68,68,88,117,165,199,199,199,213,244,244,244],"floor_reached":33,"playtime":1581,"items_purged":["Defend_G","Strike_G"],"score":671,"play_id":"6d28166c-63cf-4083-8915-8a56900fb54c","local_time":"20230321215403","score_breakdown":["Floors Climbed (33): 165","Enemies Slain (9): 18","Exordium Elites Killed (3): 30","City Elites Killed (3): 60","Bosses Slain (1): 50","Collector (1): 25","Ascension (20): 323"],"is_ascension_mode":true,"potions_obtained_alchemize":[["Weak Potion"],[],["ColorlessPotion"],["SkillPotion"],[],[],["FearPotion"],[],[],["CunningPotion"],["ColorlessPotion"],["Strength Potion"],["GamblersBrew"],[],[],["DuplicationPotion"],[],["CunningPotion"],[],[],[],[],[],["EssenceOfSteel"],["SkillPotion"],[],[],[],[],["SneckoOil"],["Dexterity Potion"],[],["Swift Potion"]],"campfire_choices":[{"data":"Predator","floor":6,"key":"SMITH"},{"data":"Storm of Steel","floor":8,"key":"SMITH"},{"data":"Accuracy","floor":15,"key":"SMITH"},{"data":"Venomology","floor":23,"key":"SMITH"},{"data":"Footwork","floor":29,"key":"SMITH"},{"data":"Terror","floor":32,"key":"SMITH"}],"lesson_learned_per_floor":[[],[],[],[],[],[],[],[],[],[],[],[],[],[],[],[],[],[],[],[],[],[],[],[],[],[],[],[],[],[],[],[],[]],"neow_cost":"PERCENT_DAMAGE","improvable_cards":{},"seed_source_timestamp":3003165602721100,"shop_contents":[{"floor":5,"relics":["Toxic Egg 2","Molten Egg 2","TwistedFunnel"],"cards":["Eviscerate","Choke","Dodge and Roll","Prepared","Wraith Form v2","Flash of Steel","Magnetism"],"potions":["Swift Potion","CunningPotion","Block Potion"]},{"floor":20,"relics":["Snake Skull","Cauldron"],"cards":["Eviscerate","Dagger Throw","Backflip","Reflex","Noxious Fumes","Mind Blast","Mayhem"],"potions":["FairyPotion","SkillPotion","DistilledChaos"]}],"circlet_count":0,"master_deck":["AscendersBane","Defend_G","Defend_G","Defend_G","Defend_G","Survivor","Neutralize+1","Venomology+1","Flying Knee","Predator+1","Quick Slash+1","Storm of Steel+1","Terror+1","Footwork+1","Accuracy+1","Die Die Die","Acrobatics","PiercingWail","PiercingWail","Bite","Bite","Bite","Bite","Bite","Deflect","Blur"],"potion_use_per_floor":[[],[],["Weak Potion"],["LiquidBronze"],[],[],["ColorlessPotion","FearPotion"],[],[],["SteroidPotion","SkillPotion"],["CunningPotion"],["Weak Potion"],["Strength Potion"],[],[],["ColorlessPotion"],[],["Regen Potion","CunningPotion"],[],[],[],[],[],["EssenceOfSteel"],["SkillPotion","DuplicationPotion"],[],["SkillPotion"],[],[],[],["LiquidMemories"],[],["Dexterity Potion","Swift Potion","Weak Potion"]],"relics":["Ring of the Snake","Pantograph","Oddly Smooth Stone","MawBank","Runic Pyramid","Omamori","Centennial Puzzle","Pear","Toy Ornithopter","Nunchaku","Whetstone"],"potions_floor_usage":[3,4,7,7,10,10,11,12,13,16,18,18,24,25,25,27,31,33,33,33],"damage_taken":[{"damage":6,"enemies":"Jaw Worm","floor":1,"turns":7},{"damage":0,"enemies":"Cultist","floor":3,"turns":4},{"damage":2,"enemies":"2 Louse","floor":4,"turns":3},{"damage":6,"enemies":"Gremlin Nob","floor":7,"turns":3},{"damage":4,"enemies":"3 Sentries","floor":10,"turns":4},{"damage":2,"enemies":"Large Slime","floor":11,"turns":4},{"damage":0,"enemies":"2 Fungi Beasts","floor":12,"turns":3},{"damage":8,"enemies":"Lagavulin","floor":13,"turns":6},{"damage":38,"enemies":"Hexaghost","floor":16,"turns":9},{"damage":9,"enemies":"3 Byrds","floor":18,"turns":6},{"damage":13,"enemies":"Shell Parasite","floor":21,"turns":2},{"damage":8,"enemies":"Snake Plant","floor":24,"turns":3},{"damage":18,"enemies":"Gremlin Leader","floor":25,"turns":4},{"damage":5,"enemies":"Slavers","floor":27,"turns":2},{"damage":27,"enemies":"Sentry and Sphere","floor":30,"turns":4},{"damage":1,"enemies":"Gremlin Leader","floor":31,"turns":5},{"damage":143,"enemies":"Champ","floor":33,"turns":37}],"green_key_taken_log":13,"seed_played":"-746480967111060943","neow_bonus_log":{"cardsObtained":[],"cardsUpgraded":[],"cardsRemoved":[],"cardsTransformed":[],"relicsObtained":[],"maxHpGained":0,"goldGained":0,"damageTaken":15,"goldLost":0,"maxHpLost":0},"potions_obtained":[{"floor":2,"key":"LiquidBronze"},{"floor":7,"key":"SteroidPotion"},{"floor":11,"key":"Weak Potion"},{"floor":16,"key":"Regen Potion"},{"floor":24,"key":"SkillPotion"},{"floor":27,"key":"Weak Potion"},{"floor":30,"key":"LiquidMemories"}],"is_trial":false,"path_per_floor":["M","?","M","M","$","R","E","R","T","E","M","M","E","?","R","B",null,"M","?","$","M","?","R","M","E","T","E","?","R","M","E","R","B"],"character_chosen":"THE_SILENT","basemod:card_modifiers":[null,null,null,null,null,null,null,null,null,null,null,null,null,null,null,null,null,null,null,null,null,null,null,null,null,null],"items_purchased":["Omamori"],"campfire_rested":0,"item_purchase_floors":[20],"current_hp_per_floor":[38,38,38,36,36,36,30,30,30,26,24,24,16,21,21,8,55,61,61,61,48,48,48,40,32,32,32,32,32,13,27,27,0],"gold":244,"neow_bonus":"THREE_RARE_CARDS","is_prod":false,"is_daily":false,"rewards_skipped":[{"floor":3,"relics":[],"potions":["SmokeBomb"]},{"floor":13,"relics":["Ninja Scroll"],"potions":[]}],"chose_seed":false,"campfire_upgraded":6,"win_rate":0,"floor_exit_playtime":[69,75,105,136,158,163,207,213,215,285,339,381,458,462,471,576,588,697,701,723,746,749,755,800,890,895,961,968,976,1040,1170,1181],"timestamp":1679450043,"path_taken":["M","?","M","M","$","R","E","R","T","E","M","?","E","?","R","BOSS","M","?","$","M","?","R","M","E","T","E","?","R","M","E","R","BOSS"],"build_version":"2022-12-18","purchased_purges":2,"victory":false,"max_hp_per_floor":[66,66,66,66,66,66,66,66,66,66,66,66,66,71,71,71,71,71,71,71,71,71,71,71,81,81,81,56,56,56,56,56,56],"relic_stats":{"Centennial Puzzle":[18],"Nunchaku":[11],"counters":[17,106],"Pantograph":50,"Omamori":0,"Whetstone":["Neutralize","Quick Slash"],"MawBank":120,"obtain_stats":[{"Centennial Puzzle":22,"Nunchaku":27,"Pear":25,"Pantograph":7,"Oddly Smooth Stone":9,"Omamori":20,"Whetstone":31,"MawBank":10,"Toy Ornithopter":26,"Ring of the Snake":0,"Runic Pyramid":17},{"Centennial Puzzle":11,"Nunchaku":14,"Pear":13,"Pantograph":4,"Oddly Smooth Stone":4,"Omamori":10,"Whetstone":16,"MawBank":5,"Toy Ornithopter":13,"Ring of the Snake":0,"Runic Pyramid":9},{"Centennial Puzzle":51,"Nunchaku":60,"Pear":58,"Pantograph":17,"Oddly Smooth Stone":17,"Omamori":49,"Whetstone":69,"MawBank":21,"Toy Ornithopter":58,"Ring of the Snake":0,"Runic Pyramid":43}],"Toy Ornithopter":24,"Ring of the Snake":[34]},"card_choices":[{"not_picked":["Malaise","Envenom"],"picked":"Venomology","floor":0},{"not_picked":["Tactician","Prepared"],"picked":"Flying Knee","floor":1},{"not_picked":["Flying Knee","Dagger Throw"],"picked":"Predator","floor":3},{"not_picked":["Dodge and Roll","Calculated Gamble"],"picked":"Quick Slash","floor":4},{"not_picked":["Poisoned Stab","Flechettes"],"picked":"Storm of Steel","floor":7},{"not_picked":["Flying Knee","Dagger Throw"],"picked":"Terror","floor":10},{"not_picked":["Deflect","Dagger Throw","Terror"],"picked":"SKIP","floor":11},{"not_picked":["Backflip","Quick Slash"],"picked":"Footwork","floor":12},{"not_picked":["Blade Dance","Venomology"],"picked":"Accuracy","floor":13},{"not_picked":["Night Terror","Storm of Steel"],"picked":"Die Die Die","floor":16},{"not_picked":["Acrobatics","Flying Knee","Prepared"],"picked":"SKIP","floor":18},{"not_picked":["Sucker Punch","Quick Slash","Flying Knee"],"picked":"SKIP","floor":21},{"not_picked":["Die Die Die","Dagger Throw"],"picked":"Acrobatics","floor":24},{"not_picked":["Concentrate","Cloak And Dagger"],"picked":"PiercingWail","floor":25},{"not_picked":["Underhanded Strike","Sucker Punch"],"picked":"PiercingWail","floor":27},{"not_picked":["Dodge and Roll","Cloak And Dagger"],"picked":"Deflect","floor":30},{"not_picked":["All Out Attack","Caltrops"],"picked":"Blur","floor":31}],"player_experience":1606005,"relics_obtained":[{"floor":7,"key":"Pantograph"},{"floor":9,"key":"Oddly Smooth Stone"},{"floor":10,"key":"MawBank"},{"floor":25,"key":"Pear"},{"floor":26,"key":"Toy Ornithopter"},{"floor":27,"key":"Nunchaku"},{"floor":31,"key":"Whetstone"}],"event_choices":[{"damage_healed":0,"gold_gain":0,"player_choice":"Bought 1 Potion","damage_taken":0,"max_hp_gain":0,"max_hp_loss":0,"event_name":"The Woman in Blue","floor":2,"gold_loss":0},{"damage_healed":0,"gold_gain":0,"player_choice":"Donut","damage_taken":0,"max_hp_gain":5,"max_hp_loss":0,"event_name":"Big Fish","floor":14,"gold_loss":0},{"damage_healed":0,"gold_gain":0,"player_choice":"Ignored","damage_taken":0,"max_hp_gain":0,"max_hp_loss":0,"event_name":"Ghosts","floor":19,"gold_loss":0},{"damage_healed":0,"gold_gain":0,"player_choice":"Obtained Relic","damage_taken":0,"relics_obtained":["Centennial Puzzle"],"max_hp_gain":0,"max_hp_loss":0,"event_name":"Addict","floor":22,"gold_loss":85},{"damage_healed":0,"gold_gain":0,"player_choice":"Became a vampire","damage_taken":0,"max_hp_gain":0,"max_hp_loss":25,"event_name":"Vampires","floor":28,"gold_loss":0,"cards_obtained":["Bite","Bite","Bite","Bite","Bite"]}],"is_beta":false,"boss_relics":[{"not_picked":["Velvet Choker","Philosopher\u0027s Stone"],"picked":"Runic Pyramid"}],"items_purged_floors":[5,20],"is_endless":false,"potions_floor_spawned":[3,7,11,16,24,27,30],"killed_by":"Champ","ascension_level":20,"potion_discard_per_floor":[[],[],[],[],[],[],[],[],[],[],[],[],[],[],[],["GamblersBrew"],[],[],[],[],[],[],[],[],[],[],[],[],[],["SneckoOil"],[],[],[]]}