{"neow_bonuses_skipped_log":["THREE_CARDS","RANDOM_COMMON_RELIC","BOSS_RELIC"],"neow_costs_skipped_log":["NONE","NONE","NONE"],"potions_obtained_entropic_brew":[[],[],[],[],[],[],[],[],[],[],[],[],[],[],[],[],[],[],[],[],[],[],[],[],[],[],[],[],[],[],[],[],[]],"gold_per_floor":[13,13,13,34,54,54,93,93,161,161,184,184,130,174,174,270,270,284,112,112,127,151,151,174,213,213,213,252,277,277,297,297,297],"floor_reached":33,"playtime":2105,"items_purged":["Strike_G"],"score":640,"play_id":"565ecd8e-41a5-4cc8-82bb-82f6935432c9","local_time":"20230316191430","score_breakdown":["Floors Climbed (33): 165","Enemies Slain (10): 20","Exordium Elites Killed (2): 20","City Elites Killed (2): 40","Bosses Slain (1): 50","Champion (1): 25","Ascension (20): 320"],"is_ascension_mode":true,"potions_obtained_alchemize":[[],[],[],[],[],[],[],[],[],[],[],[],[],[],[],[],[],[],[],[],[],[],[],[],[],[],[],[],[],[],[],[],[]],"campfire_choices":[{"data":"Bouncing Flask","floor":6.0,"key":"SMITH"},{"floor":8.0,"key":"REST"},{"data":"Glass Knife","floor":10.0,"key":"SMITH"},{"data":"Strike_G","floor":12.0,"key":"PURGE"},{"data":"Acrobatics","floor":15.0,"key":"SMITH"},{"floor":23,"key":"REST"},{"floor":27,"key":"REST"},{"data":"Wraith Form v2","floor":30,"key":"SMITH"},{"floor":32,"key":"REST"}],"lesson_learned_per_floor":[[],[],[],[],[],[],[],[],[],[],[],[],[],[],[],[],[],[],[],[],[],[],[],[],[],[],[],[],[],[],[],[],[]],"neow_cost":"NO_GOLD","improvable_cards":{},"seed_source_timestamp":2560931370073500,"shop_contents":[{"floor":19,"relics":["Pantograph","Shuriken","Lee\u0027s Waffle"],"cards":["Flechettes+1","Backflip","PiercingWail","Caltrops","Madness","Mayhem"],"potions":["Swift Potion","EssenceOfSteel"]}],"circlet_count":0,"master_deck":["AscendersBane","Strike_G","Strike_G","Strike_G","Defend_G","Defend_G","Defend_G","Defend_G","Survivor","Neutralize","Bane","Endless Agony","Bouncing Flask+1","Dagger Throw","Glass Knife+1","Sucker Punch+1","Acrobatics+1","Wraith Form v2+1","Backflip","Eviscerate+1","Reflex","Dash+1","Calculated Gamble","Acrobatics","Crippling Poison"],"special_seed":0,"potion_use_per_floor":[[],[],[],[],[],[],["DuplicationPotion"],[],[],[],[],[],[],[],[],["CunningPotion","Swift Potion"],[],["Explosive Potion"],[],[],["Block Potion"],[],[],[],["PowerPotion"],[],[],["Strength Potion","Dexterity Potion"],[],[],[],[],[]],"relics":["Ring of the Snake","Peace Pipe","Golden Idol","Centennial Puzzle","Molten Egg 2","Bottled Lightning","Cursed Key","Letter Opener","Gremlin Horn"],"potions_floor_usage":[21,25,28,28],"damage_taken":[{"damage":19.0,"enemies":"Jaw Worm","floor":1.0,"turns":8.0},{"damage":0.0,"enemies":"2 Louse","floor":4.0,"turns":2.0},{"damage":0.0,"enemies":"Cultist","floor":5.0,"turns":3.0},{"damage":27.0,"enemies":"3 Sentries","floor":7.0,"turns":7.0},{"damage":0.0,"enemies":"Exordium Wildlife","floor":11.0,"turns":4.0},{"damage":0.0,"enemies":"Gremlin Nob","floor":14.0,"turns":2.0},{"damage":22.0,"enemies":"Slime Boss","floor":16.0,"turns":9.0},{"damage":0.0,"enemies":"Chosen","floor":18.0,"turns":3.0},{"damage":5,"enemies":"2 Thieves","floor":21,"turns":3},{"damage":19,"enemies":"Snake Plant","floor":22,"turns":3},{"damage":14,"enemies":"Chosen and Byrds","floor":24,"turns":7},{"damage":8,"enemies":"Book of Stabbing","floor":25,"turns":5},{"damage":13,"enemies":"Slavers","floor":28,"turns":3},{"damage":1,"enemies":"3 Cultists","floor":29,"turns":3},{"damage":2,"enemies":"Centurion and Healer","floor":31,"turns":7},{"damage":44,"enemies":"Automaton","floor":33,"turns":8}],"seed_played":"-3339206983282232179","neow_bonus_log":{"cardsObtained":[],"cardsUpgraded":[],"cardsRemoved":[],"cardsTransformed":[],"relicsObtained":["Peace Pipe"],"maxHpGained":0,"goldGained":0,"damageTaken":0,"goldLost":99,"maxHpLost":0},"potions_obtained":[{"floor":1.0,"key":"DuplicationPotion"},{"floor":7.0,"key":"Swift Potion"},{"floor":14.0,"key":"CunningPotion"},{"floor":16.0,"key":"Explosive Potion"},{"floor":22,"key":"PowerPotion"},{"floor":24,"key":"Strength Potion"},{"floor":25,"key":"Dexterity Potion"}],"is_trial":false,"path_per_floor":["M","?","?","M","M","R","E","R","T","R","M","R","?","E","R","B",null,"M","$","?","M","M","R","M","E","T","R","E","M","R","M","R","B"],"character_chosen":"THE_SILENT","basemod:card_modifiers":[null,null,null,null,null,null,null,null,null,null,null,null,null,null,null,null,null,null,null,null,null,null,null,null,null],"items_purchased":["Eviscerate+1","Block Potion"],"campfire_rested":4,"item_purchase_floors":[19,19],"current_hp_per_floor":[40,40,40,40,40,40,13,31,31,31,31,31,31,31,31,9,47,47,47,47,42,23,41,27,19,19,37,24,23,23,21,39,0],"gold":297,"neow_bonus":"ONE_RARE_RELIC","is_prod":false,"is_daily":false,"rewards_skipped":[],"chose_seed":false,"campfire_upgraded":4,"win_rate":0,"floor_exit_playtime":[97,103,113,181,220,233,623,629,632,641,725,739,745,778,785,941,970,1058,1139,1144,1226,1298,1302,1419,1503,1520,1524,1664,1746,1754,1896,1909],"timestamp":1679008470,"path_taken":["M","?","?","M","M","R","E","R","T","R","M","R","?","E","R","BOSS","M","$","?","M","M","R","M","E","T","R","E","?","R","M","R","BOSS"],"build_version":"2022-12-18","purchased_purges":1,"victory":false,"max_hp_per_floor":[66,60,60,60,60,60,60,60,60,60,60,60,60,60,60,60,60,60,60,60,60,60,60,60,60,60,60,60,60,60,60,60,60],"relic_stats":{"Peace Pipe":1,"Centennial Puzzle":[27],"Gremlin Horn":[5,5],"counters":[16,77],"Golden Idol":90,"Bottled Lightning":"Acrobatics","Letter Opener":[50],"Cursed Key":0,"obtain_stats":[{"Peace Pipe":0,"Centennial Puzzle":7,"Gremlin Horn":28,"Golden Idol":2,"Molten Egg 2":9,"Bottled Lightning":14,"Letter Opener":25,"Cursed Key":17,"Ring of the Snake":0},{"Peace Pipe":0,"Centennial Puzzle":4,"Gremlin Horn":13,"Golden Idol":1,"Molten Egg 2":4,"Bottled Lightning":6,"Letter Opener":12,"Cursed Key":7,"Ring of the Snake":0},{"Peace Pipe":0,"Centennial Puzzle":20,"Gremlin Horn":59,"Golden Idol":8,"Molten Egg 2":20,"Bottled Lightning":26,"Letter Opener":56,"Cursed Key":35,"Ring of the Snake":0}],"Ring of the Snake":[35]},"card_choices":[{"not_picked":["Prepared","Acrobatics"],"picked":"Bane","floor":1.0},{"not_picked":["Infinite Blades","Flechettes"],"picked":"Bouncing Flask","floor":4.0},{"not_picked":["Endless Agony","Tactician"],"picked":"Dagger Throw","floor":5.0},{"not_picked":["PiercingWail","All Out Attack"],"picked":"Glass Knife","floor":7.0},{"not_picked":["Concentrate","Slice+1"],"picked":"Sucker Punch+1","floor":11.0},{"not_picked":["PiercingWail","Slice+1"],"picked":"Acrobatics","floor":14.0},{"not_picked":["Grand Finale+1","Envenom"],"picked":"Wraith Form v2","floor":16.0},{"not_picked":["Deflect","Poisoned Stab+1"],"picked":"Backflip","floor":18.0},{"not_picked":["Backflip","Flying Knee+1","Distraction"],"picked":"SKIP","floor":21},{"not_picked":["Choke+1","Sucker Punch+1"],"picked":"Reflex","floor":22},{"not_picked":["Blade Dance","Distraction+1"],"picked":"Dash+1","floor":24},{"not_picked":["Prepared","Wraith Form v2"],"picked":"Calculated Gamble","floor":25},{"not_picked":["Flying Knee+1","Dagger Spray+1"],"picked":"Acrobatics","floor":28},{"not_picked":["Outmaneuver","Flying Knee+1"],"picked":"Crippling Poison","floor":29},{"not_picked":["Deflect","Quick Slash+1","Riddle With Holes+1"],"picked":"SKIP","floor":31}],"player_experience":1592778,"relics_obtained":[{"floor":7.0,"key":"Centennial Puzzle"},{"floor":9.0,"key":"Molten Egg 2"},{"floor":14.0,"key":"Bottled Lightning"},{"floor":25,"key":"Letter Opener"},{"floor":28,"key":"Gremlin Horn"}],"event_choices":[{"damage_healed":0.0,"max_hp_gain":0.0,"max_hp_loss":6.0,"gold_gain":0.0,"event_name":"Golden Idol","player_choice":"Lose Max HP","floor":2.0,"gold_loss":0.0,"damage_taken":0.0,"relics_obtained":["Golden Idol"]},{"damage_healed":0.0,"max_hp_gain":0.0,"max_hp_loss":0.0,"gold_gain":0.0,"cards_transformed":["Defend_G"],"event_name":"Living Wall","player_choice":"Change","floor":3.0,"gold_loss":0.0,"damage_taken":0.0,"cards_obtained":["Endless Agony"]},{"damage_healed":0.0,"max_hp_gain":0.0,"max_hp_loss":0.0,"gold_gain":0.0,"event_name":"World of Goop","player_choice":"Left Gold","floor":13.0,"gold_loss":54.0,"damage_taken":0.0},{"damage_healed":0,"gold_gain":0,"player_choice":"Ignored","damage_taken":0,"max_hp_gain":0,"max_hp_loss":0,"event_name":"N\u0027loth","floor":20,"gold_loss":0}],"is_beta":false,"boss_relics":[{"not_picked":["Ectoplasm","Tiny House"],"picked":"Cursed Key"}],"items_purged_floors":[19],"is_endless":false,"potions_floor_spawned":[1,7,14,16,22,24,25],"killed_by":"Automaton","ascension_level":20,"potion_discard_per_floor":[[],[],[],[],[],[],[],[],[],[],[],[],[],[],[],[],[],[],[],[],[],[],[],[],[],[],[],[],[],[],[],[],[]]}