{"neow_bonuses_skipped_log":["TRANSFORM_CARD","RANDOM_COMMON_RELIC","BOSS_RELIC"],"neow_costs_skipped_log":["NONE","NONE","NONE"],"potions_obtained_entropic_brew":[[],[],[],[],[],[],[],[],[],[],[],[],[],[],[],[],[],[],[],[],[],[],[],[],[]],"gold_per_floor":[117,127,141,52,52,52,72,104,104,104,116,142,142,159,159,233,233,207,207,132,132,147,174,174,174],"floor_reached":25,"playtime":1030,"items_purged":[],"score":462,"play_id":"f96bdda7-32bf-4137-8ddf-5482cf301647","local_time":"20230321204932","score_breakdown":["Floors Climbed (25): 125","Enemies Slain (8): 16","Exordium Elites Killed (2): 20","City Elites Killed (1): 20","Bosses Slain (1): 50","Ascension (20): 231"],"is_ascension_mode":true,"potions_obtained_alchemize":[[],[],[],[],[],[],[],[],[],[],[],[],[],[],[],[],[],[],[],[],[],[],[],[],[]],"campfire_choices":[{"data":"Die Die Die","floor":6,"key":"SMITH"},{"floor":10,"key":"REST"},{"data":"Noxious Fumes","floor":15,"key":"SMITH"},{"data":"Wraith Form v2","floor":24,"key":"SMITH"}],"lesson_learned_per_floor":[[],[],[],[],[],[],[],[],[],[],[],[],[],[],[],[],[],[],[],[],[],[],[],[],[]],"neow_cost":"PERCENT_DAMAGE","improvable_cards":{},"seed_source_timestamp":2999845354246700,"shop_contents":[{"floor":4,"relics":["Ancient Tea Set","Frozen Egg 2","Orrery"],"cards":["Bane","Flechettes","Calculated Gamble","Blade Dance","Discovery","Mayhem"],"potions":["ColorlessPotion","Block Potion","Poison Potion"]}],"circlet_count":0,"master_deck":["AscendersBane","Survivor","Neutralize","Die Die Die+1","Dagger Spray","Leg Sweep","Noxious Fumes+1","Bane","Backflip","Backstab","Wraith Form v2+1","Masterful Stab","Underhanded Strike","Escape Plan","After Image","All Out Attack","Tactician","PiercingWail"],"potion_use_per_floor":[[],[],[],[],[],[],[],["Strength Potion"],[],[],["Block Potion"],["FearPotion"],[],[],[],["BlessingOfTheForge"],[],[],[],[],[],[],["AttackPotion"],[],[]],"relics":["Ring of the Snake","Singing Bowl","Ginger","WingedGreaves","Pandora\u0027s Box","Toy Ornithopter","Bag of Preparation"],"potions_floor_usage":[8,11,12,16,23],"damage_taken":[{"damage":1,"enemies":"2 Louse","floor":1,"turns":3},{"damage":0,"enemies":"Cultist","floor":2,"turns":3},{"damage":0,"enemies":"Jaw Worm","floor":3,"turns":8},{"damage":2,"enemies":"2 Fungi Beasts","floor":7,"turns":2},{"damage":11,"enemies":"3 Sentries","floor":8,"turns":5},{"damage":0,"enemies":"Exordium Wildlife","floor":11,"turns":4},{"damage":16,"enemies":"Gremlin Nob","floor":12,"turns":4},{"damage":0,"enemies":"Red Slaver","floor":14,"turns":6},{"damage":22,"enemies":"Hexaghost","floor":16,"turns":11},{"damage":3,"enemies":"2 Thieves","floor":18,"turns":4},{"damage":4,"enemies":"Shell Parasite","floor":22,"turns":5},{"damage":40,"enemies":"Gremlin Leader","floor":23,"turns":7},{"damage":30,"enemies":"Cultist and Chosen","floor":25,"turns":3}],"seed_played":"-8802411430307190079","neow_bonus_log":{"cardsObtained":[],"cardsUpgraded":[],"cardsRemoved":[],"cardsTransformed":[],"relicsObtained":[],"maxHpGained":0,"goldGained":0,"damageTaken":15,"goldLost":0,"maxHpLost":0},"potions_obtained":[{"floor":2,"key":"Strength Potion"},{"floor":7,"key":"FearPotion"},{"floor":8,"key":"Block Potion"},{"floor":12,"key":"BlessingOfTheForge"},{"floor":18,"key":"AttackPotion"}],"is_trial":false,"path_per_floor":["M","M","M","$","?","R","M","E","T","R","M","E","?","M","R","B",null,"M","T","?","?","M","E","R","M"],"character_chosen":"THE_SILENT","basemod:card_modifiers":[null,null,null,null,null,null,null,null,null,null,null,null,null,null,null,null,null,null],"items_purchased":["Noxious Fumes"],"campfire_rested":1,"item_purchase_floors":[4],"current_hp_per_floor":[43,43,43,43,36,36,34,25,25,45,45,31,31,31,31,9,55,52,52,52,52,50,17,17,0],"gold":174,"neow_bonus":"THREE_RARE_CARDS","is_prod":false,"is_daily":false,"rewards_skipped":[],"chose_seed":false,"campfire_upgraded":3,"win_rate":0,"floor_exit_playtime":[53,78,141,154,162,169,190,262,269,274,316,376,388,441,446,550,593,665,669,688,710,787,988,998],"timestamp":1679446172,"path_taken":["M","M","M","$","?","R","M","E","T","R","M","E","?","M","R","BOSS","M","?","?","?","?","E","R","M"],"build_version":"2022-12-18","purchased_purges":0,"victory":false,"max_hp_per_floor":[66,66,66,66,66,66,66,68,68,68,68,70,70,70,70,70,70,70,70,70,70,72,74,74,74],"relic_stats":{"Singing Bowl":8,"counters":[13,65],"Pandora\u0027s Box":["Masterful Stab","Underhanded Strike","Escape Plan","Grand Finale","After Image","Finisher","All Out Attack","Tactician"],"WingedGreaves":0,"Bag of Preparation":[2],"Ginger":[0],"obtain_stats":[{"Singing Bowl":8,"Pandora\u0027s Box":17,"WingedGreaves":12,"Bag of Preparation":23,"Ginger":9,"Toy Ornithopter":19,"Ring of the Snake":0},{"Singing Bowl":5,"Pandora\u0027s Box":9,"WingedGreaves":7,"Bag of Preparation":12,"Ginger":5,"Toy Ornithopter":10,"Ring of the Snake":0},{"Singing Bowl":21,"Pandora\u0027s Box":46,"WingedGreaves":29,"Bag of Preparation":62,"Ginger":21,"Toy Ornithopter":50,"Ring of the Snake":0}],"Toy Ornithopter":5,"Ring of the Snake":[26]},"card_choices":[{"not_picked":["Envenom","Malaise"],"picked":"Die Die Die","floor":0},{"not_picked":["Bane","Setup"],"picked":"Dagger Spray","floor":1},{"not_picked":["Flechettes","PiercingWail"],"picked":"Leg Sweep","floor":2},{"not_picked":["Bane","Crippling Poison","Outmaneuver"],"picked":"SKIP","floor":3},{"not_picked":["Venomology","Distraction"],"picked":"Bane","floor":7},{"not_picked":["Dagger Throw","Phantasmal Killer","Blade Dance"],"picked":"Singing Bowl","floor":8},{"not_picked":["Slice","Outmaneuver"],"picked":"Backflip","floor":11},{"not_picked":["Deflect","A Thousand Cuts","Dodge and Roll"],"picked":"Singing Bowl","floor":12},{"not_picked":["Escape Plan","Slice"],"picked":"Backstab","floor":14},{"not_picked":["After Image","Unload"],"picked":"Wraith Form v2","floor":16},{"not_picked":["Deadly Poison","Prepared"],"picked":"PiercingWail","floor":18},{"not_picked":["Sucker Punch","Deflect","Dagger Throw"],"picked":"Singing Bowl","floor":22},{"not_picked":["Dagger Spray","Slice","Blade Dance"],"picked":"Singing Bowl","floor":23}],"player_experience":1602938,"relics_obtained":[{"floor":8,"key":"Singing Bowl"},{"floor":9,"key":"Ginger"},{"floor":12,"key":"WingedGreaves"},{"floor":19,"key":"Toy Ornithopter"},{"floor":23,"key":"Bag of Preparation"}],"event_choices":[{"cards_removed":["Defend_G"],"damage_healed":0,"gold_gain":0,"player_choice":"Card Removal","damage_taken":7,"max_hp_gain":0,"max_hp_loss":0,"event_name":"Golden Wing","floor":5,"gold_loss":0},{"cards_removed":["Strike_G"],"damage_healed":0,"gold_gain":0,"player_choice":"Purged","damage_taken":0,"max_hp_gain":0,"max_hp_loss":0,"event_name":"Purifier","floor":13,"gold_loss":0},{"cards_removed":["Grand Finale"],"damage_healed":0,"gold_gain":0,"player_choice":"Gave Gold","damage_taken":0,"max_hp_gain":0,"max_hp_loss":0,"event_name":"Beggar","floor":20,"gold_loss":75},{"cards_removed":["Finisher"],"damage_healed":0,"gold_gain":0,"player_choice":"Elegance","damage_taken":0,"max_hp_gain":0,"max_hp_loss":0,"event_name":"Back to Basics","floor":21,"gold_loss":0}],"is_beta":false,"boss_relics":[{"not_picked":["SacredBark","Black Star"],"picked":"Pandora\u0027s Box"}],"items_purged_floors":[],"is_endless":false,"potions_floor_spawned":[2,7,8,12,18],"killed_by":"Cultist and Chosen","ascension_level":20,"potion_discard_per_floor":[[],[],[],[],[],[],[],[],[],[],[],[],[],[],[],[],[],[],[],[],[],[],[],[],[]]}