{"neow_bonuses_skipped_log":["UPGRADE_CARD","THREE_ENEMY_KILL","BOSS_RELIC"],"potions_obtained_entropic_brew":[[],[],[],[],[],[],[],[],[],[],[],[],[],[],[],[],[],[],[],[],[],[],[],[],[],[],[],[],[],[],[],[],[],[],[],[],[],[],[],[],[],[],[],[],[],[],[],[],[],[],[]],"neow_costs_skipped_log":["NONE","NONE","NONE"],"gold_per_floor":[10,24,24,24,38,38,68,68,94,124,124,124,159,159,159,255,255,274,299,299,315,340,340,375,396,396,155,199,199,237,258,258,361,361,393,393,293,318,318,318,357,357,357,400,428,461,486,509,509,509,509],"floor_reached":51,"playtime":2934,"items_purged":["Grand Finale","All Out Attack"],"score":1820,"play_id":"7919a1a3-8577-42b6-93fb-d602e02768d5","local_time":"20230403205425","falling_options_log":["Blade Dance+1","Accuracy+1"],"score_breakdown":["Floors Climbed (51): 255","Enemies Slain (15): 30","Exordium Elites Killed (3): 30","City Elites Killed (3): 60","Beyond Elites Killed (2): 60","Bosses Slain (3): 300","Champion (4): 100","Perfect (1): 50","C-c-c-combo: 25","Ascension (20): 910"],"is_ascension_mode":true,"potions_obtained_alchemize":[[],[],[],[],[],[],[],[],[],[],[],[],[],[],[],[],[],[],[],[],[],[],[],[],[],[],[],[],[],[],[],[],[],[],[],[],[],[],[],[],[],[],[],[],[],[],[],[],[],[],[]],"campfire_choices":[{"data":"Eviscerate","floor":6,"key":"SMITH"},{"data":"Neutralize","floor":8,"key":"SMITH"},{"data":"Accuracy","floor":12,"key":"SMITH"},{"data":"Acrobatics","floor":15,"key":"SMITH"},{"data":"Blade Dance","floor":23,"key":"SMITH"},{"data":"Adrenaline","floor":29,"key":"SMITH"},{"data":"Concentrate","floor":32,"key":"SMITH"},{"floor":40,"key":"RECALL"},{"floor":42,"key":"REST"},{"floor":49,"key":"REST"}],"lesson_learned_per_floor":[[],[],[],[],[],[],[],[],[],[],[],[],[],[],[],[],[],[],[],[],[],[],[],[],[],[],[],[],[],[],[],[],[],[],[],[],[],[],[],[],[],[],[],[],[],[],[],[],[],[],[]],"neow_cost":"NO_GOLD","improvable_cards":{},"seed_source_timestamp":235293062381700,"shop_contents":[{"floor":27,"relics":["Toy Ornithopter","Dream Catcher"],"cards":["Dagger Spray","Endless Agony","PiercingWail","Concentrate","Accuracy","Deep Breath","Sadistic Nature"],"potions":["CunningPotion","SteroidPotion","Weak Potion"]},{"floor":37,"relics":["StoneCalendar","Meat on the Bone","HandDrill"],"cards":["Dagger Spray","Slice","Backflip","Cloak And Dagger","Accuracy","Dramatic Entrance","Chrysalis"],"potions":["ColorlessPotion","DistilledChaos","Fruit Juice"]}],"circlet_count":0,"master_deck":["AscendersBane","Survivor","Blade Dance+1","Eviscerate+1","Acrobatics+1","Accuracy+1","Night Terror","Phantasmal Killer","Adrenaline+1","Doppelganger","Storm of Steel","Escape Plan","Blade Dance+1","Reflex","Acrobatics","Concentrate+1","Storm of Steel","Acrobatics","Outmaneuver+1","Blur+1"],"potion_use_per_floor":[[],[],[],[],[],[],[],[],[],[],[],[],[],[],[],[],[],[],[],[],[],[],[],[],[],[],[],[],[],[],[],[],["CultistPotion"],[],[],[],[],[],[],[],[],[],[],[],[],[],[],[],[],["Energy Potion"],["GamblersBrew"]],"relics":["Ring of the Snake","Dead Branch","Lantern","Bag of Marbles","Mummified Hand","Golden Idol","Ancient Tea Set","Pandora\u0027s Box","Omamori","Letter Opener","Lee\u0027s Waffle","Singing Bowl","CeramicFish","Fusion Hammer","HornCleat"],"potions_floor_usage":[33,50,51],"damage_taken":[{"damage":7,"enemies":"Cultist","floor":1,"turns":4},{"damage":0,"enemies":"Small Slimes","floor":2,"turns":4},{"damage":0,"enemies":"2 Louse","floor":5,"turns":3},{"damage":11,"enemies":"Lagavulin","floor":7,"turns":7},{"damage":3,"enemies":"3 Sentries","floor":10,"turns":5},{"damage":0,"enemies":"Lagavulin","floor":13,"turns":5},{"damage":13,"enemies":"Hexaghost","floor":16,"turns":8},{"damage":0,"enemies":"2 Thieves","floor":18,"turns":1},{"damage":0,"enemies":"Chosen","floor":19,"turns":2},{"damage":0,"enemies":"Shelled Parasite and Fungi","floor":21,"turns":1},{"damage":0,"enemies":"Snake Plant","floor":22,"turns":2},{"damage":10,"enemies":"Gremlin Leader","floor":24,"turns":2},{"damage":0,"enemies":"Cultist and Chosen","floor":25,"turns":2},{"damage":1,"enemies":"Book of Stabbing","floor":28,"turns":2},{"damage":0,"enemies":"Gremlin Leader","floor":30,"turns":1},{"damage":0,"enemies":"Sentry and Sphere","floor":31,"turns":1},{"damage":0,"enemies":"Champ","floor":33,"turns":3},{"damage":4,"enemies":"3 Shapes","floor":35,"turns":2},{"damage":0,"enemies":"Orb Walker","floor":38,"turns":1},{"damage":0,"enemies":"Giant Head","floor":41,"turns":1},{"damage":0,"enemies":"Reptomancer","floor":44,"turns":1},{"damage":0,"enemies":"4 Shapes","floor":45,"turns":2},{"damage":0,"enemies":"Sphere and 2 Shapes","floor":46,"turns":2},{"damage":0,"enemies":"Maw","floor":47,"turns":2},{"damage":0,"enemies":"Spire Growth","floor":48,"turns":2},{"damage":7,"enemies":"Donu and Deca","floor":50,"turns":5},{"damage":89,"enemies":"Time Eater","floor":51,"turns":4}],"green_key_taken_log":41,"seed_played":"-8596109752934047699","neow_bonus_log":{"cardsObtained":[],"cardsUpgraded":[],"cardsRemoved":[],"cardsTransformed":[],"relicsObtained":["Dead Branch"],"maxHpGained":0,"goldGained":0,"damageTaken":0,"goldLost":99,"maxHpLost":0},"potions_obtained":[{"floor":2,"key":"GamblersBrew"},{"floor":5,"key":"Weak Potion"},{"floor":18,"key":"CultistPotion"},{"floor":33,"key":"Weak Potion"},{"floor":45,"key":"Energy Potion"}],"is_trial":false,"path_per_floor":["M","M","?","?","M","R","E","R","T","E","?","R","E","?","R","B",null,"M","M","?","M","M","R","E","M","T","$","E","R","E","M","R","B",null,"M","?","$","M","?","R","E","R","T","E","M","M","M","M","R","B","B"],"character_chosen":"THE_SILENT","basemod:card_modifiers":[null,null,null,null,null,null,null,null,null,null,null,null,null,null,null,null,null,null,null,null],"items_purchased":["Lee\u0027s Waffle"],"campfire_rested":2,"item_purchase_floors":[27],"current_hp_per_floor":[52,52,52,52,52,52,41,41,41,38,38,38,38,31,31,18,50,50,50,55,55,55,55,45,45,45,67,68,68,70,72,72,72,73,69,69,69,71,71,71,73,77,77,79,79,79,81,83,83,76,0],"gold":509,"neow_bonus":"ONE_RARE_RELIC","is_prod":false,"is_daily":false,"rewards_skipped":[{"floor":22,"relics":[],"potions":["Fire Potion"]},{"floor":28,"relics":[],"potions":["Energy Potion"]},{"floor":31,"relics":[],"potions":["Ancient Potion"]},{"floor":39,"relics":[],"potions":["FairyPotion","SpeedPotion"]},{"floor":41,"relics":["Bottled Tornado"],"potions":[]},{"floor":44,"relics":[],"potions":["DistilledChaos"]},{"floor":46,"relics":[],"potions":["DuplicationPotion"]},{"floor":48,"relics":[],"potions":["SkillPotion"]}],"chose_seed":false,"campfire_upgraded":7,"win_rate":0,"floor_exit_playtime":[44,95,100,105,146,155,240,246,249,325,329,336,398,407,413,558,588,645,703,725,775,820,827,913,999,1001,1051,1175,1186,1270,1345,1357,1529,1551,1663,1675,1706,1778,1782,1788,1861,1866,1869,1934,2047,2132,2213,2290,2292,2730],"timestamp":1680569665,"blue_key_relic_skipped_log":{"floor":43,"relicID":"Sundial"},"path_taken":["M","M","?","?","M","R","E","R","T","E","?","R","E","?","R","BOSS","M","M","?","M","?","R","E","M","T","$","E","R","E","M","R","BOSS","M","?","$","M","?","R","E","R","T","E","M","?","M","M","R","BOSS","BOSS"],"build_version":"2022-12-18","purchased_purges":2,"victory":false,"max_hp_per_floor":[66,66,66,66,66,66,66,66,66,66,60,60,60,60,60,60,60,60,60,60,60,60,60,60,60,60,67,69,69,71,73,73,73,73,73,73,73,75,75,75,77,77,77,79,79,79,81,83,83,83,83],"relic_stats":{"Lee\u0027s Waffle":22,"Singing Bowl":16,"counters":[27,75],"Golden Idol":159,"Dead Branch":[350],"CeramicFish":36,"Omamori":0,"Letter Opener":[460],"Ancient Tea Set":[14],"Mummified Hand":[49],"Pandora\u0027s Box":["Phantasmal Killer","Adrenaline","Flying Knee","Doppelganger","All Out Attack","Storm of Steel","Grand Finale","Escape Plan","Blade Dance"],"obtain_stats":[{"Lantern":7,"Lee\u0027s Waffle":27,"Singing Bowl":28,"Golden Idol":11,"Dead Branch":0,"CeramicFish":30,"Omamori":24,"Letter Opener":26,"Ancient Tea Set":13,"HornCleat":44,"Mummified Hand":10,"Pandora\u0027s Box":17,"Fusion Hammer":34,"Bag of Marbles":9,"Ring of the Snake":0},{"Lantern":4,"Lee\u0027s Waffle":13,"Singing Bowl":14,"Golden Idol":5,"Dead Branch":0,"CeramicFish":15,"Omamori":12,"Letter Opener":13,"Ancient Tea Set":6,"HornCleat":21,"Mummified Hand":5,"Pandora\u0027s Box":7,"Fusion Hammer":17,"Bag of Marbles":4,"Ring of the Snake":0},{"Lantern":18,"Lee\u0027s Waffle":46,"Singing Bowl":48,"Golden Idol":23,"Dead Branch":0,"CeramicFish":49,"Omamori":44,"Letter Opener":46,"Ancient Tea Set":28,"HornCleat":58,"Mummified Hand":23,"Pandora\u0027s Box":36,"Fusion Hammer":53,"Bag of Marbles":18,"Ring of the Snake":0}],"Ring of the Snake":[54]},"card_choices":[{"not_picked":["Deflect","Setup"],"picked":"Blade Dance","floor":1},{"not_picked":["Dagger Spray","Prepared","Poisoned Stab"],"picked":"SKIP","floor":2},{"not_picked":["Blur","Prepared"],"picked":"Eviscerate","floor":5},{"not_picked":["Underhanded Strike","Catalyst"],"picked":"Acrobatics","floor":7},{"not_picked":["Quick Slash","Grand Finale"],"picked":"Accuracy","floor":10},{"not_picked":["Dodge and Roll","Flechettes","Distraction"],"picked":"SKIP","floor":13},{"not_picked":["Venomology","Doppelganger"],"picked":"Night Terror","floor":16},{"not_picked":["Choke","Cloak And Dagger","Sucker Punch"],"picked":"SKIP","floor":18},{"not_picked":["Dash","Dagger Throw","Bane"],"picked":"SKIP","floor":19},{"not_picked":["Quick Slash","Deadly Poison"],"picked":"Reflex","floor":21},{"not_picked":["All Out Attack+1","Poisoned Stab"],"picked":"Acrobatics","floor":22},{"not_picked":["Leg Sweep+1","Tactician"],"picked":"Concentrate","floor":24},{"not_picked":["Backflip","Dagger Throw","Underhanded Strike"],"picked":"SKIP","floor":25},{"not_picked":["Malaise","Quick Slash+1","Bane"],"picked":"Singing Bowl","floor":28},{"not_picked":["Underhanded Strike","Blur","Quick Slash"],"picked":"Singing Bowl","floor":30},{"not_picked":["Crippling Poison","Heel Hook","Dodge and Roll+1"],"picked":"Singing Bowl","floor":31},{"not_picked":["Envenom","A Thousand Cuts"],"picked":"Storm of Steel","floor":33},{"not_picked":["Underhanded Strike","Dodge and Roll"],"picked":"Acrobatics","floor":35},{"not_picked":["Deadly Poison","Backflip","Doppelganger"],"picked":"Singing Bowl","floor":38},{"not_picked":["Bane+1","Deadly Poison","Underhanded Strike"],"picked":"Singing Bowl","floor":41},{"not_picked":["Backflip+1","Dodge and Roll+1","Eviscerate"],"picked":"Singing Bowl","floor":44},{"not_picked":["All Out Attack+1","Cloak And Dagger"],"picked":"Outmaneuver+1","floor":45},{"not_picked":["Leg Sweep","Crippling Poison"],"picked":"Blur+1","floor":46},{"not_picked":["Dash+1","Dagger Spray","Flying Knee+1"],"picked":"Singing Bowl","floor":47},{"not_picked":["Dagger Throw","Riddle With Holes","Dagger Spray"],"picked":"Singing Bowl","floor":48}],"player_experience":1641122,"relics_obtained":[{"floor":7,"key":"Lantern"},{"floor":9,"key":"Bag of Marbles"},{"floor":10,"key":"Mummified Hand"},{"floor":13,"key":"Ancient Tea Set"},{"floor":24,"key":"Omamori"},{"floor":26,"key":"Letter Opener"},{"floor":28,"key":"Singing Bowl"},{"floor":30,"key":"CeramicFish"},{"floor":44,"key":"HornCleat"}],"event_choices":[{"damage_healed":0,"gold_gain":0,"player_choice":"Grow","damage_taken":0,"max_hp_gain":0,"max_hp_loss":0,"event_name":"Living Wall","floor":3,"gold_loss":0,"cards_upgraded":["Blade Dance"]},{"damage_healed":0,"gold_gain":0,"player_choice":"Ignored","damage_taken":0,"max_hp_gain":0,"max_hp_loss":0,"event_name":"Liars Game","floor":4,"gold_loss":0},{"damage_healed":0,"gold_gain":0,"player_choice":"Lose Max HP","damage_taken":0,"relics_obtained":["Golden Idol"],"max_hp_gain":0,"max_hp_loss":6,"event_name":"Golden Idol","floor":11,"gold_loss":0},{"cards_removed":["Strike_G"],"damage_healed":0,"gold_gain":0,"player_choice":"Card Removal","damage_taken":7,"max_hp_gain":0,"max_hp_loss":0,"event_name":"Golden Wing","floor":14,"gold_loss":0},{"cards_removed":["Flying Knee"],"damage_healed":5,"gold_gain":0,"player_choice":"Offered Common","damage_taken":0,"max_hp_gain":0,"max_hp_loss":0,"event_name":"Bonfire Elementals","floor":20,"gold_loss":0},{"cards_removed":["Flying Knee"],"damage_healed":5,"gold_gain":0,"player_choice":"Offered Special","damage_taken":0,"max_hp_gain":0,"max_hp_loss":0,"event_name":"Bonfire Elementals","floor":20,"gold_loss":0},{"cards_removed":["Neutralize"],"damage_healed":0,"gold_gain":0,"player_choice":"Removed Attack","damage_taken":0,"max_hp_gain":0,"max_hp_loss":0,"event_name":"Falling","floor":36,"gold_loss":0},{"damage_healed":0,"gold_gain":0,"player_choice":"Got Potions","damage_taken":0,"max_hp_gain":0,"max_hp_loss":0,"event_name":"Lab","floor":39,"gold_loss":0}],"is_beta":false,"boss_relics":[{"not_picked":["Calling Bell","Ectoplasm"],"picked":"Pandora\u0027s Box"},{"not_picked":["Empty Cage","SacredBark"],"picked":"Fusion Hammer"}],"items_purged_floors":[27,37],"is_endless":false,"potions_floor_spawned":[2,5,18,22,28,31,33,44,45,46,48],"killed_by":"Time Eater","ascension_level":20,"potion_discard_per_floor":[[],[],[],[],[],[],[],[],[],[],[],[],[],[],[],[],[],["Weak Potion"],[],[],[],[],[],[],[],[],[],[],[],[],[],[],[],[],[],[],[],[],[],[],[],[],[],[],["Weak Potion"],[],[],[],[],[],[]]}