{"potions_obtained_entropic_brew":[[],[],[],[],[],[],[],[],[],[],[],[],[],[],[],[],[],[],[],[],[],[],[],[],[],[],[],[],[],[],[],[],[],[],[],[],["Block Potion","SkillPotion"],[],[],[],[],[],[],[],[],[],[],[],[],[],[],[],[],[],[],[],[]],"gold_per_floor":[111,130,147,147,147,182,212,239,239,264,264,300,32,64,64,145,145,166,166,175,195,29,29,65,87,87,87,104,132,132,132,132,212,212,232,256,280,304,204,204,239,249,249,267,267,308,335,379,379,379,379,379,379,0,29,29],"floor_reached":57,"playtime":5272,"items_purged":["Decay","Flying Knee","Slice"],"score":3046,"play_id":"8496fd56-3b36-425e-92ab-9b20e23df44e","local_time":"20230403154658","daily_mods":["SealedDeck","Diverse"],"falling_options_log":["Reprogram+1","Echo Form"],"score_breakdown":["Floors Climbed (57): 285","Enemies Slain (14): 28","Exordium Elites Killed (5): 50","City Elites Killed (1): 20","Beyond Elites Killed (3): 90","Bosses Slain (5): 750","Champion (5): 125","Overkill: 25","C-c-c-combo: 25","Ascension (20): 1398","Heartbreaker: 250"],"is_ascension_mode":true,"potions_obtained_alchemize":[[],[],[],[],[],[],[],[],[],[],[],[],[],[],[],[],[],[],[],[],[],[],[],[],[],[],[],[],[],[],[],[],[],[],[],[],[],[],[],[],[],[],[],[],[],[],[],[],[],[],[],[],[],[],[],[],[]],"campfire_choices":[{"data":"Beam Cell","floor":11.0,"key":"SMITH"},{"data":"Genetic Algorithm","floor":15.0,"key":"SMITH"},{"data":"Discovery","floor":23.0,"key":"SMITH"},{"data":"Scrawl","floor":30.0,"key":"SMITH"},{"data":"True Grit","floor":32.0,"key":"SMITH"},{"data":"Genetic Algorithm","floor":40,"key":"SMITH"},{"floor":49,"key":"RECALL"},{"data":"Night Terror","floor":53,"key":"SMITH"}],"lesson_learned_per_floor":[[],[],[],[],[],[],[],[],[],[],[],[],[],[],[],[],[],[],[],[],[],[],[],[],[],[],[],[],[],[],[],[],[],[],[],[],[],[],[],[],[],[],[],[],[],[],[],["Slice"],[],["Rebound"],["Echo Form"],[],[],[],["Turbo"],[],[]],"neow_cost":"","improvable_cards":{"Genetic Algorithm+1":[85,43]},"seed_source_timestamp":0,"shop_contents":[{"floor":4,"relics":["InkBottle","Strawberry","Medical Kit"],"cards":["Clash","Brilliance","Warcry","Evaluate","Nirvana","Forethought","Mayhem"],"potions":["Ancient Potion","Poison Potion","ColorlessPotion"]},{"floor":13,"relics":["FossilizedHelix","TheAbacus"],"cards":["Blood for Blood","Compile Driver","Prepared","Backflip","Study","Panacea","Violence"],"potions":["Poison Potion","AttackPotion","PowerPotion"]},{"floor":22,"relics":["Snake Skull","Orichalcum","Orrery"],"cards":["BowlingBash","Pommel Strike","Fusion","Halt","Hello World","Mayhem"],"potions":["LiquidMemories","SteroidPotion","EntropicBrew"]},{"floor":31,"relics":["WingedGreaves","Centennial Puzzle","DollysMirror"],"cards":["Cleave","Wallop","Pray","Swivel","Static Discharge","Jack Of All Trades","Violence"],"potions":["Ancient Potion","SteroidPotion","SkillPotion"]},{"floor":39,"relics":["Pen Nib","Shuriken","HandDrill"],"cards":["Dropkick","Consecrate","Evaluate","Redo","Fire Breathing","Trip","Metamorphosis"],"potions":["LiquidBronze","SkillPotion","Regen Potion"]},{"floor":54,"relics":["Pantograph","Lee\u0027s Waffle"],"cards":["Cleave","Wild Strike","Evaluate","Prostrate","Combust","Enlightenment","Sadistic Nature"],"potions":["AttackPotion","Fruit Juice"]}],"circlet_count":0,"master_deck":["AscendersBane","Doom and Gloom+1","True Grit+1","ThirdEye","Melter","Wallop","Slice+1","Leap+1","Backflip","Rebound+1","CutThroughFate","Backflip","Echo Form+1","Genetic Algorithm+1","Scrawl+1","Blur","Discovery+1","Acrobatics","Reprogram+1","Deflect","Night Terror+1","Fusion+1","Coolheaded+1","Turbo+1","Genetic Algorithm+1","Backflip+1","Madness","Madness+1","LessonLearned","Aggregate","Acrobatics"],"special_seed":0,"potion_use_per_floor":[[],[],[],[],[],["BlessingOfTheForge"],[],["Dexterity Potion"],[],[],[],[],[],[],[],[],[],[],[],[],[],[],[],[],[],[],[],[],[],[],[],[],[],[],[],["Swift Potion"],["EntropicBrew","Block Potion"],[],[],[],[],["SkillPotion"],[],[],[],[],[],[],[],["GhostInAJar"],["Block Potion"],[],[],[],[],["LiquidMemories","BlessingOfTheForge"],[]],"relics":["Ring of the Snake","Gremlin Horn","Torii","Unceasing Top","StoneCalendar","CeramicFish","Mummified Hand","Anchor","Philosopher\u0027s Stone","Nunchaku","Ancient Tea Set","Ornamental Fan","Coffee Dripper","Oddly Smooth Stone","Toy Ornithopter","Boot","War Paint","Paper Crane"],"potions_floor_usage":[42,50,51,56,56],"damage_taken":[{"damage":0.0,"enemies":"2 Louse","floor":1.0,"turns":2.0},{"damage":0.0,"enemies":"Small Slimes","floor":2.0,"turns":2.0},{"damage":0.0,"enemies":"Jaw Worm","floor":3.0,"turns":3.0},{"damage":4.0,"enemies":"Lagavulin","floor":6.0,"turns":5.0},{"damage":11.0,"enemies":"3 Sentries","floor":8.0,"turns":4.0},{"damage":8.0,"enemies":"Gremlin Nob","floor":10.0,"turns":3.0},{"damage":0.0,"enemies":"Lagavulin","floor":12.0,"turns":5.0},{"damage":8.0,"enemies":"Gremlin Nob","floor":14.0,"turns":3.0},{"damage":1.0,"enemies":"Hexaghost","floor":16.0,"turns":7.0},{"damage":8.0,"enemies":"Shell Parasite","floor":18.0,"turns":5.0},{"damage":1.0,"enemies":"2 Thieves","floor":21.0,"turns":4.0},{"damage":1.0,"enemies":"Gremlin Leader","floor":24.0,"turns":5.0},{"damage":1.0,"enemies":"Cultist and Chosen","floor":25.0,"turns":4.0},{"damage":0.0,"enemies":"Sentry and Sphere","floor":28.0,"turns":4.0},{"damage":0.0,"enemies":"Shelled Parasite and Fungi","floor":29.0,"turns":3.0},{"damage":1.0,"enemies":"Champ","floor":33.0,"turns":11.0},{"damage":0.0,"enemies":"3 Darklings","floor":35.0,"turns":5.0},{"damage":0.0,"enemies":"Orb Walker","floor":36.0,"turns":5.0},{"damage":7.0,"enemies":"Transient","floor":37.0,"turns":6.0},{"damage":0.0,"enemies":"4 Shapes","floor":38.0,"turns":4.0},{"damage":0,"enemies":"Reptomancer","floor":41,"turns":4},{"damage":0,"enemies":"Sphere and 2 Shapes","floor":42,"turns":7},{"damage":0,"enemies":"Giant Head","floor":46,"turns":8},{"damage":0,"enemies":"Transient","floor":47,"turns":6},{"damage":0,"enemies":"Reptomancer","floor":48,"turns":6},{"damage":23,"enemies":"Time Eater","floor":50,"turns":25},{"damage":18,"enemies":"Donu and Deca","floor":51,"turns":15},{"damage":0,"enemies":"Shield and Spear","floor":55,"turns":10},{"damage":59,"enemies":"The Heart","floor":56,"turns":11}],"green_key_taken_log":41,"seed_played":"-903168133707946004","potions_obtained":[{"floor":1.0,"key":"BlessingOfTheForge"},{"floor":2.0,"key":"EntropicBrew"},{"floor":6.0,"key":"Dexterity Potion"},{"floor":24.0,"key":"SmokeBomb"},{"floor":28.0,"key":"Swift Potion"},{"floor":37.0,"key":"EssenceOfSteel"},{"floor":46,"key":"SmokeBomb"},{"floor":47,"key":"GhostInAJar"},{"floor":48,"key":"Block Potion"},{"floor":55,"key":"BlessingOfTheForge"}],"is_trial":true,"path_per_floor":["M","M","M","$","?","E","?","E","T","E","R","E","$","E","R","B",null,"M","?","?","M","$","R","E","M","T","T","M","M","R","$","R","B",null,"M","M","M","M","$","R","E","M","T","?","?","E","M","E","R","B","B",null,"R","$","E","B",null],"character_chosen":"THE_SILENT","basemod:card_modifiers":[null,null,null,null,null,null,null,null,null,null,null,null,null,null,null,null,null,null,null,null,null,null,null,null,null,null,null,null,null,null,null],"items_purchased":["Mummified Hand","Discovery","LiquidMemories","War Paint"],"campfire_rested":0,"item_purchase_floors":[13,22,54,54],"current_hp_per_floor":[59,59,59,59,59,55,55,44,44,36,36,36,36,28,28,27,56,48,48,48,47,47,47,46,45,45,45,45,45,45,45,45,44,61,61,61,54,54,54,54,54,54,54,42,42,42,42,42,42,24,11,52,52,52,52,3],"gold":29,"neow_bonus":"","is_prod":false,"is_daily":false,"rewards_skipped":[{"floor":10,"relics":["Bottled Flame"],"potions":[]},{"floor":33,"relics":[],"potions":["Energy Potion"]},{"floor":41,"relics":[],"potions":["Weak Potion"]}],"chose_seed":false,"campfire_upgraded":7,"win_rate":0,"floor_exit_playtime":[104,137,186,202,214,290,297,347,350,419,426,472,482,516,525,597,629,713,717,721,791,817,823,939,1020,1023,1025,1079,1144,1152,1187,1198,1393,1404,1562,1666,1823,1907,1935,1940,2075,2213,2216,2226,2232,2510,2689,2971,2975,3675,4211,4315,4326,4369,4774,5272],"timestamp":1680551218,"blue_key_relic_skipped_log":{"floor":43,"relicID":"Question Card"},"path_taken":["M","M","M","$","?","E","?","E","T","E","R","E","$","E","R","BOSS","M","?","?","M","$","R","E","M","T","?","M","M","R","$","R","BOSS","M","M","M","M","$","R","E","M","T","?","?","E","M","E","R","BOSS","BOSS","R","$","E","BOSS"],"build_version":"2022-12-18","purchased_purges":3,"victory":true,"max_hp_per_floor":[66,66,66,66,66,66,66,66,66,66,66,66,66,66,66,66,66,66,66,66,66,66,66,66,66,66,66,66,66,66,66,66,66,66,66,66,66,66,66,66,66,66,66,66,66,66,66,66,66,66,66,66,66,66,66,66],"relic_stats":{"Gremlin Horn":[31,33],"Torii":23,"counters":[29,182],"CeramicFish":171,"StoneCalendar":[345],"War Paint":["Madness","Leap"],"Ancient Tea Set":[8],"Boot":[6],"Nunchaku":[27],"Mummified Hand":[107],"Ornamental Fan":[176],"obtain_stats":[{"Gremlin Horn":6,"Torii":7,"CeramicFish":12,"Oddly Smooth Stone":41,"StoneCalendar":9,"War Paint":54,"Paper Crane":55,"Ancient Tea Set":26,"Boot":48,"Anchor":14,"Nunchaku":24,"Mummified Hand":13,"Ornamental Fan":27,"Philosopher\u0027s Stone":17,"Coffee Dripper":34,"Unceasing Top":8,"Toy Ornithopter":46,"Ring of the Snake":0},{"Gremlin Horn":4,"Torii":4,"CeramicFish":7,"Oddly Smooth Stone":21,"StoneCalendar":5,"War Paint":27,"Paper Crane":28,"Ancient Tea Set":13,"Boot":25,"Anchor":8,"Nunchaku":12,"Mummified Hand":7,"Ornamental Fan":13,"Philosopher\u0027s Stone":9,"Coffee Dripper":16,"Unceasing Top":5,"Toy Ornithopter":23,"Ring of the Snake":0},{"Gremlin Horn":12,"Torii":12,"CeramicFish":24,"Oddly Smooth Stone":94,"StoneCalendar":16,"War Paint":161,"Paper Crane":171,"Ancient Tea Set":52,"Boot":121,"Anchor":27,"Nunchaku":48,"Mummified Hand":24,"Ornamental Fan":52,"Philosopher\u0027s Stone":34,"Coffee Dripper":70,"Unceasing Top":16,"Toy Ornithopter":109,"Ring of the Snake":0}],"Unceasing Top":[15],"Toy Ornithopter":20,"Ring of the Snake":[58]},"card_choices":[{"not_picked":["Bloodletting","CutThroughFate"],"picked":"Backflip","floor":1.0},{"not_picked":["Clothesline","Feel No Pain"],"picked":"Rebound","floor":2.0},{"not_picked":["Rebound","ClearTheMind"],"picked":"CutThroughFate","floor":3.0},{"not_picked":["Stack","InnerPeace"],"picked":"Backflip","floor":6.0},{"not_picked":["Quick Slash","ThirdEye"],"picked":"Echo Form","floor":8.0},{"not_picked":["JustLucky","Leap","Cloak And Dagger"],"picked":"SKIP","floor":10.0},{"not_picked":["Heavy Blade","FollowUp"],"picked":"Genetic Algorithm","floor":12.0},{"not_picked":["Bloodletting","Masterful Stab","Prostrate"],"picked":"SKIP","floor":14.0},{"not_picked":["Judgement","Brutality"],"picked":"Scrawl","floor":16.0},{"not_picked":["Leap","Sucker Punch"],"picked":"Blur","floor":18.0},{"not_picked":["Steam Power","Sword Boomerang","Heavy Blade"],"picked":"SKIP","floor":21.0},{"not_picked":["Establishment","WaveOfTheHand"],"picked":"Acrobatics","floor":24.0},{"not_picked":["Quick Slash","CrushJoints+1"],"picked":"Reprogram+1","floor":25.0},{"not_picked":["Sword Boomerang","Rebound","Hemokinesis"],"picked":"SKIP","floor":28.0},{"not_picked":["Predator","Clothesline"],"picked":"Deflect","floor":29.0},{"not_picked":["Limit Break","Alpha"],"picked":"Night Terror","floor":33.0},{"not_picked":["Deadly Poison","Ball Lightning"],"picked":"Fusion+1","floor":35.0},{"not_picked":["Sever Soul","EmptyFist+1"],"picked":"Coolheaded+1","floor":36.0},{"not_picked":["Blizzard","Nirvana"],"picked":"Turbo","floor":37.0},{"not_picked":["Havoc+1","Twin Strike"],"picked":"Genetic Algorithm","floor":38.0},{"not_picked":["Escape Plan","WaveOfTheHand"],"picked":"Backflip+1","floor":41},{"not_picked":["Study","Go for the Eyes","Stack"],"picked":"SKIP","floor":42},{"not_picked":["Feel No Pain+1","Blood for Blood"],"picked":"LessonLearned","floor":46},{"not_picked":["Heavy Blade","Cloak And Dagger"],"picked":"Aggregate","floor":47},{"not_picked":["Sword Boomerang","PathToVictory"],"picked":"Acrobatics","floor":48},{"not_picked":["Prepared","Establishment","Cold Snap"],"picked":"SKIP","floor":55}],"player_experience":1620789,"relics_obtained":[{"floor":6.0,"key":"Gremlin Horn"},{"floor":8.0,"key":"Unceasing Top"},{"floor":9.0,"key":"StoneCalendar"},{"floor":12.0,"key":"CeramicFish"},{"floor":14.0,"key":"Anchor"},{"floor":24.0,"key":"Nunchaku"},{"floor":26.0,"key":"Ancient Tea Set"},{"floor":27.0,"key":"Ornamental Fan"},{"floor":41,"key":"Oddly Smooth Stone"},{"floor":46,"key":"Toy Ornithopter"},{"floor":48,"key":"Boot"},{"floor":55,"key":"Paper Crane"}],"event_choices":[{"damage_healed":0.0,"max_hp_gain":0.0,"max_hp_loss":0.0,"gold_gain":0.0,"event_name":"Living Wall","player_choice":"Grow","floor":5.0,"gold_loss":0.0,"damage_taken":0.0,"cards_upgraded":["Doom and Gloom"]},{"damage_healed":0.0,"max_hp_gain":0.0,"max_hp_loss":0.0,"gold_gain":30.0,"event_name":"Dead Adventurer","player_choice":"Searched \u00273\u0027 times","floor":7.0,"gold_loss":0.0,"damage_taken":0.0,"relics_obtained":["Torii"]},{"damage_healed":0.0,"max_hp_gain":0.0,"max_hp_loss":0.0,"gold_gain":0.0,"event_name":"Vampires","player_choice":"Ignored","floor":19.0,"gold_loss":0.0,"damage_taken":0.0},{"damage_healed":0.0,"max_hp_gain":0.0,"max_hp_loss":0.0,"gold_gain":0.0,"event_name":"Forgotten Altar","player_choice":"Smashed Altar","floor":20.0,"gold_loss":0.0,"damage_taken":0.0,"cards_obtained":["Decay"]},{"damage_healed":0,"gold_gain":0,"player_choice":"Embrace Madness","damage_taken":12,"max_hp_gain":0,"max_hp_loss":0,"event_name":"Winding Halls","floor":44,"gold_loss":0,"cards_obtained":["Madness","Madness"]},{"cards_removed":["Beam Cell"],"damage_healed":0,"gold_gain":0,"player_choice":"Removed Attack","damage_taken":0,"max_hp_gain":0,"max_hp_loss":0,"event_name":"Falling","floor":45,"gold_loss":0}],"is_beta":false,"boss_relics":[{"not_picked":["SacredBark","Tiny House"],"picked":"Philosopher\u0027s Stone"},{"not_picked":["SlaversCollar","Ring of the Serpent"],"picked":"Coffee Dripper"}],"items_purged_floors":[22,39,54],"is_endless":false,"potions_floor_spawned":[1,2,6,24,28,33,37,41,46,47,48,55],"ascension_level":20,"potion_discard_per_floor":[[],[],[],[],[],[],[],[],[],[],[],[],[],[],[],[],[],[],[],[],[],[],[],[],[],[],[],["SmokeBomb"],[],[],[],[],[],[],[],[],[],[],[],[],[],[],[],[],[],[],["SmokeBomb"],["EssenceOfSteel"],[],[],[],[],[],[],[],[],[]]}