{"neow_bonuses_skipped_log":["REMOVE_CARD","THREE_ENEMY_KILL","BOSS_RELIC"],"potions_obtained_entropic_brew":[[],[],[],[],[],[],[],[],[],[],[],[],[],[],[],[],[],[],[],[],[],[],[],[]],"neow_costs_skipped_log":["NONE","NONE","NONE"],"gold_per_floor":[19,34,34,51,126,126,153,153,202,202,213,248,265,275,275,351,351,370,389,304,321,49,49,49],"floor_reached":24,"playtime":1094,"items_purged":[],"score":441,"play_id":"77443903-65c4-4081-a4ac-37e09c69109c","local_time":"20230408145757","score_breakdown":["Floors Climbed (24): 120","Enemies Slain (9): 18","Exordium Elites Killed (2): 20","City Elites Killed (0): 0","Bosses Slain (1): 50","Well Fed: 25","Ascension (20): 208"],"is_ascension_mode":true,"potions_obtained_alchemize":[[],[],[],[],[],[],[],[],[],[],[],[],[],[],[],[],[],[],[],[],[],[],[],[]],"campfire_choices":[{"data":"Unload","floor":6,"key":"SMITH"},{"data":"Doppelganger","floor":8,"key":"SMITH"},{"data":"Acrobatics","floor":15,"key":"SMITH"},{"data":"Tools of the Trade","floor":23,"key":"SMITH"}],"lesson_learned_per_floor":[[],[],[],[],[],[],[],[],[],[],[],[],[],[],[],[],[],[],[],[],[],[],[],[]],"neow_cost":"NO_GOLD","improvable_cards":{},"seed_source_timestamp":647751762999800,"shop_contents":[{"floor":22,"relics":["War Paint","Strange Spoon"],"cards":["Poisoned Stab","Choke","Distraction","Cloak And Dagger","Envenom","Trip","Magnetism"],"potions":["ColorlessPotion","Poison Potion","AttackPotion"]}],"circlet_count":0,"master_deck":["AscendersBane","Strike_G","Strike_G","Strike_G","Strike_G","Defend_G","Defend_G","Defend_G","Survivor","Neutralize","Unload+1","Backflip","Blade Dance+1","Crippling Poison","Reflex","Doppelganger+1","Blade Dance","Acrobatics+1","Underhanded Strike","Tools of the Trade+1","Reflex","Deflect","Backflip"],"potion_use_per_floor":[[],[],[],[],[],[],["AttackPotion"],[],[],[],["SkillPotion"],["Poison Potion"],[],[],[],["FairyPotion"],[],[],["EssenceOfSteel"],[],[],[],[],[]],"relics":["Ring of the Serpent","Toy Ornithopter","Strawberry","Lantern","Mango","Bottled Tornado"],"potions_floor_usage":[7,11,12,19],"damage_taken":[{"damage":0,"enemies":"Jaw Worm","floor":1,"turns":4},{"damage":0,"enemies":"Small Slimes","floor":2,"turns":3},{"damage":0,"enemies":"Cultist","floor":4,"turns":2},{"damage":2,"enemies":"Gremlin Nob","floor":7,"turns":3},{"damage":0,"enemies":"Gremlin Gang","floor":11,"turns":1},{"damage":28,"enemies":"3 Sentries","floor":12,"turns":9},{"damage":0,"enemies":"3 Louse","floor":13,"turns":3},{"damage":0,"enemies":"Blue Slaver","floor":14,"turns":3},{"damage":45,"enemies":"Slime Boss","floor":16,"turns":10},{"damage":20,"enemies":"Spheric Guardian","floor":18,"turns":4},{"damage":3,"enemies":"Shell Parasite","floor":19,"turns":4},{"damage":13,"enemies":"3 Cultists","floor":21,"turns":5},{"damage":50,"enemies":"Slavers","floor":24,"turns":3}],"green_key_taken_log":12,"seed_played":"-766533432633157907","neow_bonus_log":{"cardsObtained":["Unload","Backflip"],"cardsUpgraded":[],"cardsRemoved":[],"cardsTransformed":["Defend_G","Defend_G"],"relicsObtained":[],"maxHpGained":0,"goldGained":0,"damageTaken":0,"goldLost":99,"maxHpLost":0},"potions_obtained":[{"floor":1,"key":"SkillPotion"},{"floor":4,"key":"AttackPotion"},{"floor":7,"key":"Poison Potion"},{"floor":12,"key":"FairyPotion"},{"floor":18,"key":"EssenceOfSteel"}],"is_trial":false,"path_per_floor":["M","M","?","M","?","R","E","R","T","?","M","E","M","M","R","B",null,"M","M","?","M","$","R","E"],"character_chosen":"THE_SILENT","basemod:card_modifiers":[null,null,null,null,null,null,null,null,null,null,null,null,null,null,null,null,null,null,null,null,null,null,null],"items_purchased":["Bottled Tornado"],"campfire_rested":0,"item_purchase_floors":[22],"current_hp_per_floor":[59,59,59,59,48,48,46,46,53,53,58,35,35,35,35,21,60,40,42,56,43,43,43,0],"gold":49,"neow_bonus":"TRANSFORM_TWO_CARDS","is_prod":false,"is_daily":false,"rewards_skipped":[],"chose_seed":false,"campfire_upgraded":4,"win_rate":0,"floor_exit_playtime":[62,101,120,148,153,161,217,223,229,237,271,387,443,488,494,678,702,781,906,909,997,1014,1021],"timestamp":1680980277,"path_taken":["M","M","?","M","?","R","E","R","T","?","M","E","?","?","R","BOSS","M","M","?","M","$","R","E"],"build_version":"2022-12-18","purchased_purges":0,"victory":false,"max_hp_per_floor":[66,66,66,66,66,66,66,66,73,73,73,73,73,73,73,73,73,73,73,87,87,87,87,87],"relic_stats":{"counters":[13,54],"Bottled Tornado":"Tools of the Trade","obtain_stats":[{"Lantern":12,"Strawberry":9,"Mango":20,"Bottled Tornado":22,"Toy Ornithopter":7,"Ring of the Serpent":17,"Ring of the Snake":0},{"Lantern":6,"Strawberry":4,"Mango":11,"Bottled Tornado":12,"Toy Ornithopter":4,"Ring of the Serpent":9,"Ring of the Snake":0},{"Lantern":22,"Strawberry":12,"Mango":46,"Bottled Tornado":51,"Toy Ornithopter":12,"Ring of the Serpent":38,"Ring of the Snake":0}],"Toy Ornithopter":15},"card_choices":[{"not_picked":["Choke","Sucker Punch"],"picked":"Blade Dance","floor":1},{"not_picked":["Acrobatics","Prepared"],"picked":"Crippling Poison","floor":2},{"not_picked":["Heel Hook","Storm of Steel"],"picked":"Reflex","floor":4},{"not_picked":["Well Laid Plans","Flying Knee"],"picked":"Doppelganger","floor":7},{"not_picked":["Prepared","Calculated Gamble"],"picked":"Blade Dance","floor":11},{"not_picked":["Flechettes","Quick Slash"],"picked":"Acrobatics","floor":12},{"not_picked":["Prepared","Heel Hook","Bane"],"picked":"SKIP","floor":13},{"not_picked":["Dagger Spray","Dodge and Roll"],"picked":"Underhanded Strike","floor":14},{"not_picked":["Unload","Wraith Form v2"],"picked":"Tools of the Trade","floor":16},{"not_picked":["Bane+1","Dodge and Roll"],"picked":"Reflex","floor":18},{"not_picked":["Endless Agony","Finisher"],"picked":"Deflect","floor":19},{"not_picked":["Dagger Spray","Caltrops"],"picked":"Backflip","floor":21}],"player_experience":1650543,"relics_obtained":[{"floor":7,"key":"Toy Ornithopter"},{"floor":9,"key":"Strawberry"},{"floor":12,"key":"Lantern"}],"event_choices":[{"damage_healed":0,"gold_gain":0,"player_choice":"Grow","damage_taken":0,"max_hp_gain":0,"max_hp_loss":0,"event_name":"Living Wall","floor":3,"gold_loss":0,"cards_upgraded":["Blade Dance"]},{"damage_healed":0,"gold_gain":75,"player_choice":"Gather Gold","damage_taken":11,"max_hp_gain":0,"max_hp_loss":0,"event_name":"World of Goop","floor":5,"gold_loss":0},{"cards_removed":["Strike_G"],"damage_healed":0,"gold_gain":0,"player_choice":"Purged","damage_taken":0,"max_hp_gain":0,"max_hp_loss":0,"event_name":"Purifier","floor":10,"gold_loss":0},{"damage_healed":0,"gold_gain":0,"player_choice":"Obtained Relic","damage_taken":0,"relics_obtained":["Mango"],"max_hp_gain":0,"max_hp_loss":0,"event_name":"Addict","floor":20,"gold_loss":85}],"is_beta":false,"boss_relics":[{"not_picked":["Ectoplasm","Black Star"],"picked":"Ring of the Serpent"}],"items_purged_floors":[],"is_endless":false,"potions_floor_spawned":[1,4,7,12,18],"killed_by":"Slavers","ascension_level":20,"potion_discard_per_floor":[[],[],[],[],[],[],[],[],[],[],[],[],[],[],[],[],[],[],[],[],[],[],[],[]]}