{"potions_obtained_entropic_brew":[[],[],[],[],[],[],[],[],[],[],[],[],[],[],[],[],[],[],[],[],[],[],[],[],[],[],[],[],[],[],[],[],[],[],[],[],[],[],[],[],[],[],[],[],[],[],[],[],[],[],[],[],[],[],[],[],[]],"gold_per_floor":[117,117,42,52,52,52,78,78,78,113,131,142,158,158,158,229,229,242,242,257,270,300,300,330,330,355,386,486,497,507,229,229,300,300,317,329,329,106,122,122,136,167,192,221,85,115,115,140,140,140,140,140,140,2,37,37],"floor_reached":57,"playtime":4544,"items_purged":["Dagger Spray","WreathOfFlame","Perseverance+1"],"score":3136,"play_id":"2ee4390a-3660-4549-9f52-3f7b1335d0dc","local_time":"20230403181938","daily_mods":["SealedDeck","Diverse"],"falling_options_log":["Setup+1"],"score_breakdown":["Floors Climbed (57): 285","Enemies Slain (14): 28","Exordium Elites Killed (2): 20","City Elites Killed (2): 40","Beyond Elites Killed (4): 120","Bosses Slain (5): 750","I Like Shiny: 50","Champion (4): 100","Perfect (1): 50","C-c-c-combo: 25","Ascension (20): 1418","Heartbreaker: 250"],"is_ascension_mode":true,"potions_obtained_alchemize":[[],[],[],[],[],[],[],[],[],[],[],[],[],[],[],[],[],[],[],[],[],[],[],[],[],[],[],[],[],[],[],[],[],[],[],[],[],[],[],[],[],[],[],[],[],[],[],[],[],[],[],[],[],[],[],[],[]],"campfire_choices":[{"floor":6.0,"key":"REST"},{"data":"Conclude","floor":8.0,"key":"SMITH"},{"data":"Bouncing Flask","floor":15.0,"key":"SMITH"},{"data":"Beam Cell","floor":23.0,"key":"SMITH"},{"data":"Acrobatics","floor":25.0,"key":"SMITH"},{"floor":32.0,"key":"REST"},{"data":"CutThroughFate","floor":40.0,"key":"SMITH"},{"floor":49,"key":"RECALL"},{"data":"Echo Form","floor":53,"key":"SMITH"}],"lesson_learned_per_floor":[[],[],[],[],[],[],[],[],[],[],[],[],[],[],[],[],[],[],[],[],[],[],[],[],[],[],[],[],[],[],[],[],[],[],[],[],[],[],[],[],[],[],[],[],[],[],[],[],[],[],[],[],[],[],[],[],[]],"neow_cost":"","improvable_cards":{"Genetic Algorithm+1":[68,55,25]},"seed_source_timestamp":0,"shop_contents":[{"floor":31,"relics":["Juzu Bracelet","Strawberry","Strange Spoon"],"cards":["Rip and Tear","WheelKick","Fire Breathing","Bandage Up+1","The Bomb+1"],"potions":["Strength Potion","Ancient Potion","BlessingOfTheForge"]},{"floor":38,"relics":["Orichalcum","HandDrill"],"cards":["Rip and Tear","Slice","ClearTheMind+1","Cloak And Dagger+1","Storm","Blind+1","Chrysalis+1"],"potions":["SkillPotion","CunningPotion","Fire Potion"]},{"floor":45,"relics":["Shuriken","Blood Vial","Chemical X"],"cards":["Compile Driver","Sweeping Beam","Deadly Poison+1","Crescendo+1","PanicButton+1","Magnetism"],"potions":["Fire Potion","Energy Potion","CunningPotion"]},{"floor":54,"relics":["Akabeko","Vajra","Orrery"],"cards":["Dropkick","Uppercut","Shrug It Off+1","Accuracy","Purity+1","HandOfGreed"],"potions":["Fruit Juice","DistilledChaos"]}],"circlet_count":0,"master_deck":["AscendersBane","Genetic Algorithm+1","CutThroughFate+1","Beam Cell+1","Shrug It Off+1","Acrobatics+1","Conclude+1","Evaluate","Bouncing Flask+1","CrushJoints","Acrobatics+1","Scrawl+1","Setup+1","Backflip+1","ConjureBlade+1","Acrobatics+1","Double Energy+1","Hologram+1","Genetic Algorithm+1","Warcry+1","Burst+1","Turbo+1","Night Terror+1","Genetic Algorithm+1","Calculated Gamble+1","Fusion+1","Echo Form+1","Dark Embrace","Malaise+1","Madness+1","Discovery+1","Deep Breath+1","Concentrate+1","Aggregate+1"],"special_seed":0,"potion_use_per_floor":[[],[],[],[],[],[],[],[],[],[],[],[],["DistilledChaos"],[],[],[],[],[],[],[],[],[],[],[],[],[],[],[],[],[],[],[],[],[],[],[],[],[],[],[],[],[],[],[],[],[],[],[],[],["Weak Potion"],["GamblersBrew"],[],[],[],[],["Swift Potion","AttackPotion"],[]],"relics":["Ring of the Snake","Dream Catcher","Omamori","Mercury Hourglass","Toxic Egg 2","War Paint","Philosopher\u0027s Stone","MutagenicStrength","Red Mask","Anchor","Art of War","Smiling Mask","FossilizedHelix","Darkstone Periapt","Black Star","Lantern","Bronze Scales","Potion Belt","Toy Ornithopter","Bag of Marbles","Girya","Snake Skull","Ancient Tea Set","HornCleat","Tough Bandages"],"potions_floor_usage":[50,51,56,56],"damage_taken":[{"damage":0.0,"enemies":"Small Slimes","floor":1.0,"turns":2.0},{"damage":4.0,"enemies":"2 Louse","floor":4.0,"turns":2.0},{"damage":16.0,"enemies":"3 Sentries","floor":7.0,"turns":5.0},{"damage":3.0,"enemies":"Gremlin Nob","floor":10.0,"turns":3.0},{"damage":0.0,"enemies":"Jaw Worm","floor":11.0,"turns":2.0},{"damage":3.0,"enemies":"Looter","floor":12.0,"turns":2.0},{"damage":0.0,"enemies":"Exordium Thugs","floor":13.0,"turns":3.0},{"damage":13.0,"enemies":"Hexaghost","floor":16.0,"turns":5.0},{"damage":0.0,"enemies":"3 Byrds","floor":18.0,"turns":3.0},{"damage":0.0,"enemies":"Spheric Guardian","floor":20.0,"turns":2.0},{"damage":0.0,"enemies":"Centurion and Healer","floor":21.0,"turns":4.0},{"damage":0.0,"enemies":"Masked Bandits","floor":22.0,"turns":2.0},{"damage":8.0,"enemies":"Gremlin Leader","floor":24.0,"turns":5.0},{"damage":18.0,"enemies":"Book of Stabbing","floor":27.0,"turns":4.0},{"damage":0.0,"enemies":"Colosseum Slavers","floor":28.0,"turns":3.0},{"damage":0.0,"enemies":"Colosseum Nobs","floor":28.0,"turns":4.0},{"damage":0.0,"enemies":"Cultist and Chosen","floor":29.0,"turns":2.0},{"damage":0.0,"enemies":"Snake Plant","floor":30.0,"turns":2.0},{"damage":0.0,"enemies":"Champ","floor":33.0,"turns":4.0},{"damage":0.0,"enemies":"3 Shapes","floor":35.0,"turns":6.0},{"damage":0.0,"enemies":"Orb Walker","floor":36.0,"turns":3.0},{"damage":0.0,"enemies":"3 Darklings","floor":39.0,"turns":3.0},{"damage":0.0,"enemies":"Transient","floor":41.0,"turns":6.0},{"damage":0.0,"enemies":"Reptomancer","floor":42.0,"turns":2.0},{"damage":0.0,"enemies":"Giant Head","floor":44.0,"turns":3.0},{"damage":0.0,"enemies":"Reptomancer","floor":46.0,"turns":3.0},{"damage":0,"enemies":"Giant Head","floor":48,"turns":3},{"damage":21,"enemies":"Time Eater","floor":50,"turns":6},{"damage":5,"enemies":"Donu and Deca","floor":51,"turns":5},{"damage":6,"enemies":"Shield and Spear","floor":55,"turns":4},{"damage":56,"enemies":"The Heart","floor":56,"turns":8}],"green_key_taken_log":42,"seed_played":"-1051496941022987485","potions_obtained":[{"floor":4.0,"key":"LiquidBronze"},{"floor":7.0,"key":"DistilledChaos"},{"floor":10.0,"key":"SteroidPotion"},{"floor":16.0,"key":"CunningPotion"},{"floor":18.0,"key":"GamblersBrew"},{"floor":27.0,"key":"AttackPotion"},{"floor":46.0,"key":"Weak Potion"}],"is_trial":true,"path_per_floor":["M","?","?","M","?","R","E","R","T","E","M","M","M","?","R","B",null,"M","?","M","M","?","R","E","R","T","E","?","M","M","$","R","B",null,"M","M","?","$","M","R","M","E","T","E","$","E","?","E","R","B","B",null,"R","$","E","B",null],"character_chosen":"THE_SILENT","basemod:card_modifiers":[null,null,null,null,null,null,null,null,null,null,null,null,null,null,null,null,null,null,null,null,null,null,null,null,null,null,null,null,null,null,null,null,null,null],"items_purchased":["Burst+1","Turbo+1","Lantern","Dark Embrace","Aggregate+1","Swift Potion"],"campfire_rested":2,"item_purchase_floors":[31,31,38,45,54,54],"current_hp_per_floor":[59,54,54,50,30,49,33,33,33,30,30,27,27,27,27,14,53,53,53,53,53,53,53,45,45,45,27,27,27,27,27,46,46,61,61,61,61,61,61,61,61,61,61,61,61,61,51,51,51,35,35,58,58,58,52,6],"gold":37,"neow_bonus":"","is_prod":false,"is_daily":false,"rewards_skipped":[{"floor":12,"relics":[],"potions":["SneckoOil"]},{"floor":20,"relics":[],"potions":["EssenceOfSteel"]},{"floor":29,"relics":[],"potions":["Dexterity Potion"]},{"floor":36,"relics":[],"potions":["EssenceOfSteel"]},{"floor":39,"relics":[],"potions":["DistilledChaos"]},{"floor":41,"relics":[],"potions":["SteroidPotion"]},{"floor":55,"relics":["Bottled Flame"],"potions":[]}],"chose_seed":false,"campfire_upgraded":6,"win_rate":0,"floor_exit_playtime":[112,116,130,166,171,181,251,258,260,302,333,360,447,468,474,571,587,653,658,695,747,809,824,951,958,961,1070,1247,1300,1346,1395,1402,1484,1496,1655,1731,1738,1761,1887,1895,2195,2448,2797,2877,2897,3015,3028,3187,3191,3383,3578,3589,3599,3608,3880,4544],"timestamp":1680560378,"blue_key_relic_skipped_log":{"floor":43,"relicID":"Boot"},"path_taken":["M","?","?","M","?","R","E","R","T","E","?","M","M","?","R","BOSS","M","?","M","M","?","R","E","R","T","E","?","M","M","$","R","BOSS","M","M","?","$","M","R","M","E","T","E","$","E","?","E","R","BOSS","BOSS","R","$","E","BOSS"],"build_version":"2022-12-18","purchased_purges":3,"victory":true,"max_hp_per_floor":[66,66,66,66,66,66,66,66,66,66,66,66,66,66,66,66,66,66,66,66,66,66,66,66,66,66,66,66,66,66,66,66,66,66,66,66,66,66,66,66,66,66,66,66,66,66,66,66,66,66,66,66,66,66,66,66],"relic_stats":{"Darkstone Periapt":0,"Girya":0,"counters":[31,110],"Snake Skull":[8],"Omamori":0,"War Paint":["Acrobatics","Shrug It Off"],"Smiling Mask":150,"Ancient Tea Set":[4],"Mercury Hourglass":[416],"Dream Catcher":2,"Tough Bandages":[141],"Bronze Scales":[189],"Art of War":[13],"Black Star":5,"obtain_stats":[{"Darkstone Periapt":28,"Lantern":38,"Snake Skull":46,"Smiling Mask":27,"Ancient Tea Set":48,"Dream Catcher":2,"Tough Bandages":55,"HornCleat":48,"Philosopher\u0027s Stone":17,"Red Mask":22,"Toxic Egg 2":10,"Ring of the Snake":0,"Potion Belt":42,"Girya":46,"Omamori":7,"War Paint":14,"Mercury Hourglass":9,"Anchor":24,"MutagenicStrength":19,"Bronze Scales":42,"Art of War":26,"Black Star":34,"Bag of Marbles":44,"FossilizedHelix":28,"Toy Ornithopter":44},{"Darkstone Periapt":16,"Lantern":21,"Snake Skull":26,"Smiling Mask":14,"Ancient Tea Set":27,"Dream Catcher":1,"Tough Bandages":30,"HornCleat":27,"Philosopher\u0027s Stone":8,"Red Mask":12,"Toxic Egg 2":4,"Ring of the Snake":0,"Potion Belt":24,"Girya":26,"Omamori":3,"War Paint":7,"Mercury Hourglass":3,"Anchor":13,"MutagenicStrength":9,"Bronze Scales":24,"Art of War":13,"Black Star":19,"Bag of Marbles":25,"FossilizedHelix":16,"Toy Ornithopter":25},{"Darkstone Periapt":50,"Lantern":67,"Snake Skull":84,"Smiling Mask":43,"Ancient Tea Set":87,"Dream Catcher":2,"Tough Bandages":102,"HornCleat":87,"Philosopher\u0027s Stone":24,"Red Mask":34,"Toxic Egg 2":12,"Ring of the Snake":0,"Potion Belt":78,"Girya":84,"Omamori":9,"War Paint":19,"Mercury Hourglass":9,"Anchor":39,"MutagenicStrength":27,"Bronze Scales":78,"Art of War":39,"Black Star":58,"Bag of Marbles":81,"FossilizedHelix":50,"Toy Ornithopter":81}],"FossilizedHelix":[72],"Toy Ornithopter":20,"Ring of the Snake":[62]},"card_choices":[{"not_picked":["Blizzard","Deadly Poison"],"picked":"Bouncing Flask","floor":1.0},{"not_picked":["Prepared","Poisoned Stab"],"picked":"CrushJoints","floor":4.0},{"not_picked":["Wireheading","FlurryOfBlows"],"picked":"WreathOfFlame","floor":6.0},{"not_picked":["Auto Shields","Pummel"],"picked":"Acrobatics","floor":7.0},{"not_picked":["Entrench+1","Deadly Poison+1"],"picked":"Scrawl+1","floor":10.0},{"not_picked":["Weave","Leap+1"],"picked":"Setup+1","floor":11.0},{"not_picked":["Wireheading","Pommel Strike"],"picked":"Backflip+1","floor":12.0},{"not_picked":["EmptyFist","Gash","Dual Wield+1"],"picked":"SKIP","floor":13.0},{"not_picked":["Limit Break+1","Fission+1"],"picked":"ConjureBlade+1","floor":16.0},{"not_picked":["Sweeping Beam","Sucker Punch"],"picked":"Perseverance+1","floor":18.0},{"not_picked":["Steam+1","Fire Breathing"],"picked":"Acrobatics+1","floor":20.0},{"not_picked":["Clash","Prepared+1"],"picked":"Double Energy+1","floor":21.0},{"not_picked":["FollowUp","Adaptation+1"],"picked":"Hologram+1","floor":22.0},{"not_picked":["Force Field+1","Twin Strike+1"],"picked":"Genetic Algorithm+1","floor":24.0},{"not_picked":["Flex+1","MasterReality"],"picked":"Warcry+1","floor":27.0},{"not_picked":["Anger","Gash","Armaments+1"],"picked":"SKIP","floor":28.0},{"not_picked":["WaveOfTheHand+1","Coolheaded+1","Skewer+1"],"picked":"SKIP","floor":29.0},{"not_picked":["Havoc+1","Pummel","Glacier+1"],"picked":"SKIP","floor":30.0},{"not_picked":["Glass Knife","Multi-Cast+1"],"picked":"Night Terror+1","floor":33.0},{"not_picked":["FlyingSleeves","CutThroughFate+1","FollowUp"],"picked":"SKIP","floor":35.0},{"not_picked":["Halt+1","FlyingSleeves"],"picked":"Genetic Algorithm+1","floor":36.0},{"not_picked":["Protect+1","Double Energy+1"],"picked":"Calculated Gamble+1","floor":39.0},{"not_picked":["ThirdEye+1","Swivel+1"],"picked":"Fusion+1","floor":41.0},{"not_picked":["FollowUp+1","FlurryOfBlows","ReachHeaven"],"picked":"SKIP","floor":42.0},{"not_picked":["Pommel Strike+1","Fire Breathing"],"picked":"Echo Form","floor":44.0},{"not_picked":["Iron Wave","Underhanded Strike"],"picked":"Malaise+1","floor":46.0},{"not_picked":["Metamorphosis+1","Flash of Steel"],"picked":"Madness+1","floor":47},{"not_picked":["Mind Blast","Dramatic Entrance"],"picked":"Discovery+1","floor":47},{"not_picked":["Dramatic Entrance","Dark Shackles+1"],"picked":"Deep Breath+1","floor":47},{"not_picked":["Havoc+1","Bullet Time+1"],"picked":"Concentrate+1","floor":48},{"not_picked":["Masterful Stab","Chaos+1","EmptyBody+1"],"picked":"SKIP","floor":55}],"player_experience":1630334,"relics_obtained":[{"floor":7.0,"key":"Omamori"},{"floor":9.0,"key":"Mercury Hourglass"},{"floor":10.0,"key":"Toxic Egg 2"},{"floor":22.0,"key":"Red Mask"},{"floor":24.0,"key":"Anchor"},{"floor":26.0,"key":"Art of War"},{"floor":27.0,"key":"Smiling Mask"},{"floor":28.0,"key":"FossilizedHelix"},{"floor":28.0,"key":"Darkstone Periapt"},{"floor":42.0,"key":"Bronze Scales"},{"floor":42.0,"key":"Potion Belt"},{"floor":44.0,"key":"Toy Ornithopter"},{"floor":44.0,"key":"Bag of Marbles"},{"floor":46.0,"key":"Girya"},{"floor":46.0,"key":"Snake Skull"},{"floor":48,"key":"Ancient Tea Set"},{"floor":48,"key":"HornCleat"},{"floor":55,"key":"Tough Bandages"}],"event_choices":[{"damage_healed":0.0,"max_hp_gain":0.0,"max_hp_loss":0.0,"gold_gain":0.0,"event_name":"Scrap Ooze","player_choice":"Success","floor":2.0,"gold_loss":0.0,"damage_taken":5.0,"relics_obtained":["Dream Catcher"]},{"cards_removed":["Cold Snap"],"damage_healed":0.0,"max_hp_gain":0.0,"max_hp_loss":0.0,"gold_gain":0.0,"event_name":"The Cleric","player_choice":"Card Removal","floor":3.0,"gold_loss":75.0,"damage_taken":0.0},{"damage_healed":0.0,"max_hp_gain":0.0,"max_hp_loss":0.0,"gold_gain":0.0,"event_name":"Shining Light","player_choice":"Entered Light","floor":5.0,"gold_loss":0.0,"damage_taken":20.0,"cards_upgraded":["Melter","Genetic Algorithm"]},{"damage_healed":0.0,"max_hp_gain":0.0,"max_hp_loss":0.0,"gold_gain":0.0,"event_name":"WeMeetAgain","player_choice":"Gave Potion","floor":14.0,"gold_loss":0.0,"damage_taken":0.0,"relics_obtained":["War Paint"]},{"damage_healed":0.0,"max_hp_gain":0.0,"max_hp_loss":0.0,"gold_gain":0.0,"event_name":"Drug Dealer","player_choice":"Inject Mutagens","floor":19.0,"gold_loss":0.0,"damage_taken":0.0,"relics_obtained":["MutagenicStrength"]},{"damage_healed":0.0,"max_hp_gain":0.0,"max_hp_loss":0.0,"gold_gain":0.0,"event_name":"Masked Bandits","player_choice":"Fought Bandits","floor":22.0,"gold_loss":0.0,"damage_taken":0.0},{"damage_healed":0.0,"max_hp_gain":0.0,"max_hp_loss":0.0,"gold_gain":0.0,"event_name":"Colosseum","player_choice":"Fight","floor":28.0,"gold_loss":0.0,"damage_taken":0.0},{"damage_healed":0.0,"max_hp_gain":0.0,"max_hp_loss":0.0,"gold_gain":0.0,"event_name":"Colosseum","player_choice":"Fought Nobs","floor":28.0,"gold_loss":0.0,"damage_taken":0.0},{"cards_removed":["Melter"],"damage_healed":0.0,"max_hp_gain":0.0,"max_hp_loss":0.0,"gold_gain":0.0,"event_name":"Falling","player_choice":"Removed Attack","floor":37.0,"gold_loss":0.0,"damage_taken":0.0},{"damage_healed":0,"gold_gain":0,"player_choice":"Memory 3","damage_taken":10,"max_hp_gain":0,"max_hp_loss":0,"event_name":"SensoryStone","floor":47,"gold_loss":0}],"is_beta":false,"boss_relics":[{"not_picked":["Snecko Eye","Ectoplasm"],"picked":"Philosopher\u0027s Stone"},{"not_picked":["WristBlade","SacredBark"],"picked":"Black Star"}],"items_purged_floors":[31,38,45],"is_endless":false,"potions_floor_spawned":[4,7,10,12,16,18,20,27,28,29,36,39,41,46],"ascension_level":20,"potion_discard_per_floor":[[],[],[],[],[],[],[],[],[],["LiquidBronze"],[],[],[],[],[],[],[],[],[],[],[],[],[],[],[],[],["CunningPotion"],[],[],[],[],[],[],[],[],[],[],[],[],[],[],[],[],[],[],[],[],[],[],[],[],[],[],[],[],[],[]]}