{"neow_bonuses_skipped_log":["REMOVE_CARD","RANDOM_COMMON_RELIC","BOSS_RELIC"],"potions_obtained_entropic_brew":[[],[],[],[],[],[],[],[],[],[],[],[],[],[],[],[],[],[],[],[],[],[],[],[],[],[],[],[],[],[],[],[],[],[],[],[],[],[],[],[],[],[],[],[],[],[],[],[],[],[],[],[],[],[],[],[]],"neow_costs_skipped_log":["NONE","NONE","NONE"],"gold_per_floor":[11,29,42,57,76,76,102,102,125,155,155,205,205,223,223,298,298,316,129,148,348,358,358,358,393,393,413,429,429,462,20,20,98,98,112,128,128,148,198,218,249,264,264,295,295,306,323,323,323,323,323,323,323,9,44,44],"floor_reached":56,"playtime":2891,"items_purged":["Strike_G"],"score":2072,"play_id":"f0cdfcfb-1831-4d2a-98eb-cbfef40f5843","local_time":"20230408172124","score_breakdown":["Floors Climbed (56): 280","Enemies Slain (18): 36","Exordium Elites Killed (2): 20","City Elites Killed (2): 40","Beyond Elites Killed (2): 60","Bosses Slain (4): 500","Money Money (1037): 25","Librarian: 25","Champion (3): 75","Ascension (20): 1011"],"is_ascension_mode":true,"potions_obtained_alchemize":[[],[],[],[],[],[],[],[],[],[],[],[],[],[],[],[],[],[],[],[],[],[],[],[],[],[],[],[],[],[],[],[],[],[],[],[],[],[],[],[],[],[],[],[],[],[],[],[],[],[],[],[],[],[],[],[]],"campfire_choices":[{"data":"Terror","floor":6,"key":"SMITH"},{"data":"Tools of the Trade","floor":8,"key":"SMITH"},{"data":"Acrobatics","floor":11,"key":"SMITH"},{"data":"Underhanded Strike","floor":13,"key":"SMITH"},{"data":"Finisher","floor":15,"key":"SMITH"},{"floor":23,"key":"REST"},{"floor":32,"key":"REST"},{"floor":45,"key":"REST"},{"floor":49,"key":"RECALL"},{"floor":53,"key":"REST"}],"lesson_learned_per_floor":[[],[],[],[],[],[],[],[],[],[],[],[],[],[],[],[],[],[],[],[],[],[],[],[],[],[],[],[],[],[],[],[],[],[],[],[],[],[],[],[],[],[],[],[],[],[],[],[],[],[],[],[],[],[],[],[]],"neow_cost":"NO_GOLD","improvable_cards":{},"seed_source_timestamp":654560827173700,"shop_contents":[{"floor":19,"relics":["Eternal Feather","Frozen Egg 2","PrismaticShard"],"cards":["Underhanded Strike","Dagger Throw","Distraction","Accuracy","Bandage Up","Mayhem"],"potions":["Weak Potion","Energy Potion"]},{"floor":31,"relics":["Whetstone"],"cards":["Die Die Die","Sucker Punch","Setup","Expertise","Noxious Fumes","Jack Of All Trades","The Bomb"],"potions":["ColorlessPotion","Swift Potion","Dexterity Potion"]},{"floor":54,"relics":["Shuriken","Oddly Smooth Stone"],"cards":["Flying Knee+1","Die Die Die+1","Calculated Gamble","Leg Sweep","Madness","Magnetism"],"potions":["EssenceOfSteel","Fruit Juice"]}],"circlet_count":0,"master_deck":["AscendersBane","Defend_G+1","Defend_G+1","Defend_G+1","Defend_G+1","Survivor","Neutralize","Finisher+1","Tools of the Trade+1","Terror+1","Flying Knee","Backflip","Dagger Throw","Underhanded Strike+1","Masterful Stab","Acrobatics+1","Escape Plan","Corpse Explosion","Reflex","Blade Dance","Well Laid Plans","Wraith Form v2+1","Tactician","Dodge and Roll+1","Adrenaline","Phantasmal Killer+1","Cloak And Dagger+1","Caltrops+1","Deflect","Underhanded Strike+1","Blade Dance","Finisher+1","Well Laid Plans","Expertise+1","Concentrate+1","Footwork"],"potion_use_per_floor":[[],[],[],[],[],[],["SteroidPotion"],[],[],[],[],[],[],[],[],["SteroidPotion"],[],[],[],[],[],[],[],[],["SteroidPotion"],[],[],["Poison Potion"],[],["Strength Potion"],[],[],["SteroidPotion"],[],[],[],[],[],[],[],["Block Potion","SteroidPotion"],["Weak Potion"],[],["SkillPotion"],[],[],[],[],[],["Fruit Juice"],[],[],[],[],["Energy Potion","FairyPotion"],["Ancient Potion","Dexterity Potion"]],"relics":["Ring of the Snake","Pantograph","Potion Belt","Strawberry","Fusion Hammer","Lantern","Kunai","ClockworkSouvenir","Astrolabe","Molten Egg 2","Sundial","Mercury Hourglass","OrangePellets","Bag of Preparation"],"potions_floor_usage":[7,16,25,28,30,33,41,41,42,44,50,55,56,56],"damage_taken":[{"damage":7,"enemies":"Jaw Worm","floor":1,"turns":5},{"damage":0,"enemies":"Cultist","floor":2,"turns":4},{"damage":8,"enemies":"Small Slimes","floor":3,"turns":5},{"damage":16,"enemies":"Gremlin Gang","floor":4,"turns":8},{"damage":0,"enemies":"Blue Slaver","floor":5,"turns":6},{"damage":0,"enemies":"Gremlin Nob","floor":7,"turns":2},{"damage":0,"enemies":"3 Sentries","floor":10,"turns":7},{"damage":8,"enemies":"Large Slime","floor":14,"turns":3},{"damage":31,"enemies":"Hexaghost","floor":16,"turns":5},{"damage":0,"enemies":"Chosen","floor":18,"turns":2},{"damage":3,"enemies":"Shell Parasite","floor":20,"turns":3},{"damage":13,"enemies":"Snake Plant","floor":22,"turns":3},{"damage":7,"enemies":"Slavers","floor":25,"turns":2},{"damage":3,"enemies":"Snecko","floor":27,"turns":5},{"damage":0,"enemies":"Shelled Parasite and Fungi","floor":28,"turns":2},{"damage":6,"enemies":"Book of Stabbing","floor":30,"turns":4},{"damage":34,"enemies":"Automaton","floor":33,"turns":12},{"damage":0,"enemies":"Orb Walker","floor":35,"turns":3},{"damage":0,"enemies":"3 Darklings","floor":36,"turns":2},{"damage":6,"enemies":"Maw","floor":38,"turns":6},{"damage":7,"enemies":"Spire Growth","floor":40,"turns":5},{"damage":22,"enemies":"Reptomancer","floor":41,"turns":5},{"damage":6,"enemies":"Transient","floor":42,"turns":6},{"damage":0,"enemies":"Nemesis","floor":44,"turns":3},{"damage":0,"enemies":"Maw","floor":46,"turns":3},{"damage":3,"enemies":"3 Darklings","floor":47,"turns":2},{"damage":61,"enemies":"Time Eater","floor":50,"turns":10},{"damage":30,"enemies":"Donu and Deca","floor":51,"turns":12},{"damage":104,"enemies":"Shield and Spear","floor":55,"turns":7},{"damage":51,"enemies":"The Heart","floor":56,"turns":6}],"green_key_taken_log":41,"seed_played":"667702066658641393","neow_bonus_log":{"cardsObtained":["Finisher","Tools of the Trade"],"cardsUpgraded":[],"cardsRemoved":[],"cardsTransformed":["Strike_G","Defend_G"],"relicsObtained":[],"maxHpGained":0,"goldGained":0,"damageTaken":0,"goldLost":99,"maxHpLost":0},"potions_obtained":[{"floor":2,"key":"SteroidPotion"},{"floor":5,"key":"SteroidPotion"},{"floor":10,"key":"FairyPotion"},{"floor":16,"key":"Strength Potion"},{"floor":25,"key":"Poison Potion"},{"floor":30,"key":"SteroidPotion"},{"floor":33,"key":"SteroidPotion"},{"floor":35,"key":"Ancient Potion"},{"floor":37,"key":"Block Potion"},{"floor":41,"key":"Weak Potion"},{"floor":42,"key":"SkillPotion"},{"floor":44,"key":"Fruit Juice"},{"floor":46,"key":"Dexterity Potion"}],"is_trial":false,"path_per_floor":["M","M","M","M","M","R","E","R","T","E","R","?","R","M","R","B",null,"M","$","M","?","M","R","?","E","T","M","M","?","E","$","R","B",null,"M","M","?","M","?","M","E","M","T","E","R","M","M","?","R","B","B",null,"R","$","E","B"],"character_chosen":"THE_SILENT","basemod:card_modifiers":[null,null,null,null,null,null,null,null,null,null,null,null,null,null,null,null,null,null,null,null,null,null,null,null,null,null,null,null,null,null,null,null,null,null,null,null],"items_purchased":["SteroidPotion","Blade Dance","Kunai","ClockworkSouvenir","Footwork","OrangePellets","Energy Potion"],"campfire_rested":4,"item_purchase_floors":[19,19,31,31,54,54,54],"current_hp_per_floor":[52,52,44,28,28,28,28,28,28,35,35,35,35,27,27,21,60,60,60,57,57,44,65,65,58,58,55,55,34,28,28,51,42,69,69,69,69,63,63,56,34,28,28,28,51,51,48,48,48,17,12,65,83,83,24,0],"gold":44,"neow_bonus":"TRANSFORM_TWO_CARDS","is_prod":false,"is_daily":false,"rewards_skipped":[{"floor":30,"relics":["Ninja Scroll"],"potions":[]},{"floor":37,"relics":[],"potions":["SneckoOil"]}],"chose_seed":false,"campfire_upgraded":5,"win_rate":0,"floor_exit_playtime":[59,104,155,252,312,326,353,360,362,446,463,466,476,522,530,602,616,642,669,714,722,756,764,768,799,802,873,917,921,980,998,1002,1278,1302,1354,1409,1415,1519,1522,1608,1722,1817,1822,1902,1906,1962,1995,2002,2006,2302,2573,2584,2587,2599,2766],"timestamp":1680988884,"blue_key_relic_skipped_log":{"floor":26,"relicID":"Blue Candle"},"path_taken":["M","M","M","M","M","R","E","R","T","E","R","?","R","?","R","BOSS","M","$","M","?","?","R","?","E","T","M","M","?","E","?","R","BOSS","M","M","?","?","?","M","E","?","T","E","R","M","M","?","R","BOSS","BOSS","R","$","E","BOSS"],"build_version":"2022-12-18","purchased_purges":1,"victory":false,"max_hp_per_floor":[66,66,66,66,66,66,66,66,66,73,73,73,73,73,73,73,73,73,73,73,73,73,73,73,73,73,73,73,78,78,78,78,78,78,78,78,78,78,78,78,78,78,78,78,78,78,78,78,78,83,83,83,83,83,83,83],"relic_stats":{"OrangePellets":[4],"counters":[30,147],"Sundial":[4],"Pantograph":125,"Astrolabe":["Phantasmal Killer","Cloak And Dagger","Caltrops"],"Bag of Preparation":[2],"Kunai":[73],"obtain_stats":[{"Potion Belt":9,"Lantern":25,"Astrolabe":34,"Bag of Preparation":55,"ClockworkSouvenir":31,"Mercury Hourglass":44,"OrangePellets":54,"Sundial":43,"Pantograph":7,"Strawberry":10,"Molten Egg 2":41,"Fusion Hammer":17,"Kunai":31,"Ring of the Snake":0},{"Potion Belt":6,"Lantern":13,"Astrolabe":17,"Bag of Preparation":29,"ClockworkSouvenir":16,"Mercury Hourglass":24,"OrangePellets":28,"Sundial":23,"Pantograph":6,"Strawberry":7,"Molten Egg 2":22,"Fusion Hammer":9,"Kunai":16,"Ring of the Snake":0},{"Potion Belt":30,"Lantern":55,"Astrolabe":78,"Bag of Preparation":141,"ClockworkSouvenir":66,"Mercury Hourglass":108,"OrangePellets":134,"Sundial":105,"Pantograph":30,"Strawberry":37,"Molten Egg 2":99,"Fusion Hammer":45,"Kunai":66,"Ring of the Snake":0}],"Ring of the Snake":[60],"Mercury Hourglass":[120]},"card_choices":[{"not_picked":["Dagger Throw","Poisoned Stab"],"picked":"Terror","floor":1},{"not_picked":["Reflex","Riddle With Holes"],"picked":"Flying Knee","floor":2},{"not_picked":["Deadly Poison","Prepared"],"picked":"Backflip","floor":3},{"not_picked":["Backflip","Distraction"],"picked":"Dagger Throw","floor":4},{"not_picked":["Terror","Unload"],"picked":"Underhanded Strike","floor":5},{"not_picked":["Backflip","Noxious Fumes"],"picked":"Masterful Stab","floor":7},{"not_picked":["Footwork","Slice"],"picked":"Acrobatics","floor":10},{"not_picked":["Riddle With Holes","Envenom"],"picked":"Escape Plan","floor":14},{"not_picked":["Venomology","Doppelganger"],"picked":"Corpse Explosion","floor":16},{"not_picked":["Skewer","Quick Slash"],"picked":"Reflex","floor":18},{"not_picked":["Dagger Spray","Noxious Fumes","Slice"],"picked":"SKIP","floor":20},{"not_picked":["PiercingWail+1","Slice"],"picked":"Well Laid Plans","floor":22},{"not_picked":["Flying Knee","Calculated Gamble"],"picked":"Wraith Form v2","floor":25},{"not_picked":["Skewer","Deflect"],"picked":"Tactician","floor":27},{"not_picked":["Leg Sweep","Terror","Quick Slash"],"picked":"SKIP","floor":28},{"not_picked":["Escape Plan","Dagger Spray"],"picked":"Dodge and Roll+1","floor":30},{"not_picked":["Burst","Malaise"],"picked":"Adrenaline","floor":33},{"not_picked":["Noxious Fumes","Endless Agony"],"picked":"Deflect","floor":35},{"not_picked":["Dagger Spray+1","PiercingWail","Outmaneuver"],"picked":"SKIP","floor":36},{"not_picked":["Choke","Flechettes"],"picked":"Underhanded Strike+1","floor":38},{"not_picked":["Sucker Punch","Slice"],"picked":"Blade Dance","floor":40},{"not_picked":["Prepared","Corpse Explosion"],"picked":"Finisher+1","floor":41},{"not_picked":["Leg Sweep","Sucker Punch+1","Choke+1"],"picked":"SKIP","floor":42},{"not_picked":["Underhanded Strike+1","Poisoned Stab+1"],"picked":"Well Laid Plans","floor":44},{"not_picked":["Blur","Dodge and Roll+1"],"picked":"Expertise+1","floor":46},{"not_picked":["Bouncing Flask","PiercingWail+1"],"picked":"Concentrate+1","floor":47},{"not_picked":["Underhanded Strike+1","Prepared","Well Laid Plans"],"picked":"SKIP","floor":55}],"player_experience":1657164,"relics_obtained":[{"floor":7,"key":"Pantograph"},{"floor":9,"key":"Potion Belt"},{"floor":10,"key":"Strawberry"},{"floor":25,"key":"Lantern"},{"floor":41,"key":"Molten Egg 2"},{"floor":43,"key":"Sundial"},{"floor":44,"key":"Mercury Hourglass"},{"floor":55,"key":"Bag of Preparation"}],"event_choices":[{"damage_healed":0,"gold_gain":50,"player_choice":"Pray","damage_taken":0,"max_hp_gain":0,"max_hp_loss":0,"event_name":"Golden Shrine","floor":12,"gold_loss":0},{"damage_healed":0,"gold_gain":250,"player_choice":"Bet on Owner","damage_taken":0,"max_hp_gain":0,"max_hp_loss":0,"event_name":"The Joust","floor":21,"gold_loss":50},{"damage_healed":0,"gold_gain":0,"player_choice":"Simplicity","damage_taken":0,"max_hp_gain":0,"max_hp_loss":0,"event_name":"Back to Basics","floor":24,"gold_loss":0,"cards_upgraded":["Strike_G","Strike_G","Strike_G","Defend_G","Defend_G","Defend_G","Defend_G"]},{"damage_healed":0,"gold_gain":0,"player_choice":"Shed Blood","damage_taken":26,"max_hp_gain":5,"max_hp_loss":0,"event_name":"Forgotten Altar","floor":29,"gold_loss":0},{"damage_healed":0,"gold_gain":0,"player_choice":"Got Potions","damage_taken":0,"max_hp_gain":0,"max_hp_loss":0,"event_name":"Lab","floor":37,"gold_loss":0},{"damage_healed":0,"gold_gain":50,"player_choice":"Pray","damage_taken":0,"max_hp_gain":0,"max_hp_loss":0,"event_name":"Golden Shrine","floor":39,"gold_loss":0},{"damage_healed":0,"gold_gain":0,"player_choice":"Forge","damage_taken":0,"max_hp_gain":0,"max_hp_loss":0,"event_name":"Accursed Blacksmith","floor":48,"gold_loss":0,"cards_upgraded":["Wraith Form v2"]}],"is_beta":false,"boss_relics":[{"not_picked":["Calling Bell","Cursed Key"],"picked":"Fusion Hammer"},{"not_picked":["Snecko Eye","Runic Dome"],"picked":"Astrolabe"}],"items_purged_floors":[19],"is_endless":false,"potions_floor_spawned":[2,5,10,16,25,30,33,35,41,42,44,46],"killed_by":"The Heart","ascension_level":20,"potion_discard_per_floor":[[],[],[],[],[],[],[],[],[],[],[],[],[],[],[],[],[],[],[],[],[],[],[],[],[],[],[],[],[],[],[],[],[],[],[],[],[],[],[],[],[],[],[],[],[],[],[],[],[],[],[],[],[],[],[],[]]}