{"neow_bonuses_skipped_log":["TRANSFORM_CARD","TRANSFORM_TWO_CARDS","BOSS_RELIC"],"potions_obtained_entropic_brew":[[],[],[],[],[],[],[],[],[],[],[],[],[],[],[],[],[],[],[],[],[],[],[],[],[],[],[],[],[],[],[],[],[],[],[],[],[],[],[],[],[],[],[],[],[]],"neow_costs_skipped_log":["NONE","PERCENT_DAMAGE","NONE"],"gold_per_floor":[209,221,20,95,112,112,112,147,170,170,184,184,198,226,226,305,355,369,369,369,388,399,399,13,47,47,57,72,72,72,105,105,182,182,194,213,113,113,129,129,158,168,192,23,23],"floor_reached":45,"playtime":2346,"items_purged":["Defend_G","Bite"],"score":1086,"play_id":"9a57a52b-2774-4a54-bdcb-7113713c8384","local_time":"20230403200520","score_breakdown":["Floors Climbed (45): 225","Enemies Slain (14): 28","Exordium Elites Killed (2): 20","City Elites Killed (2): 40","Beyond Elites Killed (1): 30","Bosses Slain (2): 150","Perfect (1): 50","Ascension (20): 543"],"is_ascension_mode":true,"potions_obtained_alchemize":[[],[],[],[],[],[],[],[],[],[],[],[],[],[],[],[],[],[],[],[],[],[],[],[],[],[],[],[],[],[],[],[],[],[],[],[],[],[],[],[],[],[],[],[],[]],"campfire_choices":[{"data":"Blade Dance","floor":6.0,"key":"SMITH"},{"floor":10.0,"key":"REST"},{"data":"Accuracy","floor":15.0,"key":"SMITH"},{"data":"Cloak And Dagger","floor":23,"key":"SMITH"},{"data":"Wraith Form v2","floor":30,"key":"SMITH"},{"data":"Accuracy","floor":32,"key":"SMITH"},{"data":"Calculated Gamble","floor":40,"key":"SMITH"}],"lesson_learned_per_floor":[[],[],[],[],[],[],[],[],[],[],[],[],[],[],[],[],[],[],[],[],[],[],[],[],[],[],[],[],[],[],[],[],[],[],[],[],[],[],[],[],[],[],[],[],[]],"neow_cost":"NONE","improvable_cards":{},"seed_source_timestamp":232914101143900,"shop_contents":[{"floor":3,"relics":["Mummified Hand","Chemical X"],"cards":["Flying Knee","Slice","Backflip","Distraction","Mind Blast","Panache"],"potions":["LiquidBronze","Strength Potion","Ancient Potion"]},{"floor":24,"relics":["Strawberry","Blue Candle","Frozen Eye"],"cards":["Dagger Throw","Die Die Die","Dodge and Roll","Malaise","Dramatic Entrance"],"potions":["Strength Potion","Weak Potion"]},{"floor":37,"relics":["Regal Pillow","Nunchaku","ClockworkSouvenir"],"cards":["Flying Knee","Riddle With Holes","Cloak And Dagger","Blur","Noxious Fumes","Forethought","Metamorphosis"],"potions":["Energy Potion","CunningPotion","Fire Potion"]},{"floor":44,"relics":["Kunai","MealTicket"],"cards":["Backstab","Bane","Dodge and Roll","Backflip","Noxious Fumes","Purity","Apotheosis"],"potions":["LiquidBronze","SteroidPotion","FearPotion"]}],"circlet_count":0,"master_deck":["AscendersBane","Defend_G","Defend_G","Defend_G","Defend_G","Survivor","Neutralize","Blade Dance+1","Cloak And Dagger+1","Well Laid Plans","Accuracy+1","Terror","Cloak And Dagger","Masterful Stab+1","After Image","Blade Dance","Calculated Gamble+1","Bite","Bite","Bite","Prepared","PiercingWail","Accuracy+1","Master of Strategy","Wraith Form v2+1","Backflip","Prepared","Grand Finale+1","Accuracy+1"],"special_seed":0,"potion_use_per_floor":[[],[],[],[],[],[],[],["Swift Potion"],[],[],[],[],[],["Strength Potion"],[],[],[],[],[],[],["Block Potion"],["EssenceOfSteel"],[],[],["EssenceOfSteel","Weak Potion"],[],[],[],[],[],["SkillPotion"],[],["SteroidPotion"],[],[],[],[],[],[],[],["SkillPotion"],[],[],[],["Weak Potion"]],"relics":["Ring of the Snake","Lantern","Orichalcum","Dream Catcher","Pantograph","Tiny House","Blood Vial","Sundial","Boot","Coffee Dripper","Whetstone","Toolbox"],"potions_floor_usage":[21,22,25,25,31,33,41,45],"damage_taken":[{"damage":3.0,"enemies":"Small Slimes","floor":1.0,"turns":5.0},{"damage":0.0,"enemies":"2 Louse","floor":2.0,"turns":4.0},{"damage":2.0,"enemies":"Jaw Worm","floor":5.0,"turns":5.0},{"damage":19.0,"enemies":"Lagavulin","floor":8.0,"turns":6.0},{"damage":14.0,"enemies":"3 Louse","floor":11.0,"turns":3.0},{"damage":10.0,"enemies":"Exordium Thugs","floor":13.0,"turns":6.0},{"damage":6.0,"enemies":"3 Sentries","floor":14.0,"turns":5.0},{"damage":37.0,"enemies":"Hexaghost","floor":16.0,"turns":10.0},{"damage":2.0,"enemies":"3 Byrds","floor":18.0,"turns":5.0},{"damage":6,"enemies":"2 Thieves","floor":21,"turns":4},{"damage":9,"enemies":"Snecko","floor":22,"turns":5},{"damage":11,"enemies":"Book of Stabbing","floor":25,"turns":5},{"damage":1,"enemies":"Shelled Parasite and Fungi","floor":27,"turns":4},{"damage":0,"enemies":"Snake Plant","floor":28,"turns":4},{"damage":8,"enemies":"Slavers","floor":31,"turns":8},{"damage":0,"enemies":"Collector","floor":33,"turns":9},{"damage":0,"enemies":"3 Shapes","floor":35,"turns":6},{"damage":0,"enemies":"3 Darklings","floor":36,"turns":4},{"damage":5,"enemies":"4 Shapes","floor":39,"turns":8},{"damage":8,"enemies":"Giant Head","floor":41,"turns":7},{"damage":2,"enemies":"Transient","floor":42,"turns":6},{"damage":58,"enemies":"Reptomancer","floor":45,"turns":3}],"green_key_taken_log":41,"seed_played":"-7635750842394940167","neow_bonus_log":{"cardsObtained":[],"cardsUpgraded":[],"cardsRemoved":[],"cardsTransformed":[],"relicsObtained":[],"maxHpGained":0,"goldGained":100,"damageTaken":0,"goldLost":0,"maxHpLost":0},"potions_obtained":[{"floor":5.0,"key":"Swift Potion"},{"floor":11.0,"key":"Strength Potion"},{"floor":16.0,"key":"EssenceOfSteel"},{"floor":17.0,"key":"Block Potion"},{"floor":21,"key":"EssenceOfSteel"},{"floor":25,"key":"SteroidPotion"},{"floor":28,"key":"SkillPotion"},{"floor":31,"key":"SteroidPotion"},{"floor":33,"key":"FearPotion"},{"floor":38,"key":"SkillPotion"},{"floor":41,"key":"Weak Potion"}],"is_trial":false,"path_per_floor":["M","M","$","?","M","R","?","E","T","R","M","?","M","E","R","B",null,"M","?","?","M","M","R","$","E","T","M","M","?","R","E","R","B",null,"M","M","$","?","M","R","E","M","T","$","E"],"character_chosen":"THE_SILENT","basemod:card_modifiers":[null,null,null,null,null,null,null,null,null,null,null,null,null,null,null,null,null,null,null,null,null,null,null,null,null,null,null,null,null],"items_purchased":["Well Laid Plans","Lantern","Accuracy","Master of Strategy","Weak Potion","Toolbox"],"campfire_rested":1,"item_purchase_floors":[3,3,24,24,24,44],"current_hp_per_floor":[56,56,56,45,43,43,43,24,24,43,29,29,19,13,13,1,55,53,49,49,45,42,42,42,33,33,38,42,42,42,42,42,49,49,49,49,49,49,48,48,49,49,49,49,0],"gold":23,"neow_bonus":"HUNDRED_GOLD","is_prod":false,"is_daily":false,"rewards_skipped":[{"floor":38,"relics":[],"potions":["Weak Potion"]},{"floor":39,"relics":[],"potions":["SneckoOil"]}],"chose_seed":false,"campfire_upgraded":6,"win_rate":0,"floor_exit_playtime":[57,116,130,135,190,201,204,276,279,286,343,347,424,510,519,627,646,721,728,735,827,908,918,949,1034,1038,1149,1230,1240,1254,1377,1389,1546,1576,1682,1780,1798,1815,1940,1953,2136,2256,2260,2273],"timestamp":1680566720,"blue_key_relic_skipped_log":{"floor":43,"relicID":"Snake Skull"},"path_taken":["M","M","$","?","M","R","?","E","T","R","M","?","M","E","R","BOSS","M","?","?","M","M","R","$","E","T","?","?","?","R","E","R","BOSS","M","M","$","?","?","R","E","M","T","$","E"],"build_version":"2022-12-18","purchased_purges":2,"victory":false,"max_hp_per_floor":[66,66,66,66,66,66,66,66,66,66,66,66,66,66,66,66,71,71,49,49,49,49,49,49,49,49,49,49,49,49,49,49,49,49,49,49,49,49,49,49,49,49,49,49,49],"relic_stats":{"Blood Vial":9,"Dream Catcher":1,"counters":[22,122],"Sundial":[6],"Pantograph":30,"Whetstone":["Masterful Stab","Grand Finale"],"Orichalcum":[78],"Boot":[28],"obtain_stats":[{"Blood Vial":25,"Lantern":3,"Dream Catcher":9,"Tiny House":17,"Sundial":26,"Pantograph":14,"Toolbox":44,"Coffee Dripper":34,"Whetstone":41,"Orichalcum":8,"Boot":31,"Ring of the Snake":0},{"Blood Vial":12,"Lantern":2,"Dream Catcher":4,"Tiny House":8,"Sundial":12,"Pantograph":7,"Toolbox":21,"Coffee Dripper":16,"Whetstone":20,"Orichalcum":4,"Boot":15,"Ring of the Snake":0},{"Blood Vial":63,"Lantern":9,"Dream Catcher":20,"Tiny House":44,"Sundial":63,"Pantograph":34,"Toolbox":119,"Coffee Dripper":88,"Whetstone":113,"Orichalcum":20,"Boot":79,"Ring of the Snake":0}],"Ring of the Snake":[44]},"card_choices":[{"not_picked":["Quick Slash","Setup"],"picked":"Blade Dance","floor":1.0},{"not_picked":["Acrobatics","Endless Agony"],"picked":"Cloak And Dagger","floor":2.0},{"not_picked":["Well Laid Plans","Deflect"],"picked":"Accuracy","floor":5.0},{"not_picked":["Poisoned Stab","Setup","Riddle With Holes"],"picked":"SKIP","floor":8.0},{"not_picked":["Riddle With Holes","Catalyst"],"picked":"Terror","floor":10.0},{"not_picked":["Dagger Spray","Deadly Poison"],"picked":"Cloak And Dagger","floor":11.0},{"not_picked":["Flying Knee","Concentrate"],"picked":"Masterful Stab","floor":13.0},{"not_picked":["Underhanded Strike","Unload","Cloak And Dagger"],"picked":"SKIP","floor":14.0},{"not_picked":["Bullet Time","Corpse Explosion"],"picked":"After Image","floor":16.0},{"not_picked":["Terror","Outmaneuver"],"picked":"Blade Dance","floor":17.0},{"not_picked":["Slice","Deflect"],"picked":"Calculated Gamble","floor":18},{"not_picked":["Flechettes","Dodge and Roll"],"picked":"Prepared","floor":21},{"not_picked":["Quick Slash","Flying Knee"],"picked":"PiercingWail","floor":22},{"not_picked":["Dodge and Roll","Riddle With Holes"],"picked":"Wraith Form v2","floor":25},{"not_picked":["Setup","Underhanded Strike"],"picked":"Backflip","floor":27},{"not_picked":["Finisher+1","Riddle With Holes"],"picked":"Prepared","floor":28},{"not_picked":["PiercingWail","Riddle With Holes","Flying Knee"],"picked":"SKIP","floor":31},{"not_picked":["Die Die Die","Unload"],"picked":"Grand Finale","floor":33},{"not_picked":["Prepared","Sucker Punch+1","Flying Knee"],"picked":"SKIP","floor":35},{"not_picked":["Dagger Spray","Flechettes","Corpse Explosion"],"picked":"SKIP","floor":36},{"not_picked":["PiercingWail","Concentrate+1","Calculated Gamble"],"picked":"SKIP","floor":39},{"not_picked":["Cloak And Dagger","After Image"],"picked":"Accuracy+1","floor":41},{"not_picked":["Flechettes","Quick Slash","Setup"],"picked":"SKIP","floor":42}],"player_experience":1638776,"relics_obtained":[{"floor":8.0,"key":"Orichalcum"},{"floor":9.0,"key":"Dream Catcher"},{"floor":14.0,"key":"Pantograph"},{"floor":25,"key":"Blood Vial"},{"floor":26,"key":"Sundial"},{"floor":31,"key":"Boot"},{"floor":41,"key":"Whetstone"}],"event_choices":[{"damage_healed":0.0,"max_hp_gain":0.0,"max_hp_loss":0.0,"gold_gain":75.0,"event_name":"World of Goop","player_choice":"Gather Gold","floor":4.0,"gold_loss":0.0,"damage_taken":11.0},{"damage_healed":0.0,"max_hp_gain":0.0,"max_hp_loss":0.0,"gold_gain":0.0,"event_name":"Liars Game","player_choice":"Ignored","floor":7.0,"gold_loss":0.0,"damage_taken":0.0},{"damage_healed":0.0,"max_hp_gain":0.0,"max_hp_loss":0.0,"gold_gain":0.0,"event_name":"Scrap Ooze","player_choice":"Fled","floor":12.0,"gold_loss":0.0,"damage_taken":0.0},{"damage_healed":0,"gold_gain":0,"player_choice":"Became a vampire","damage_taken":0,"max_hp_gain":0,"max_hp_loss":22,"event_name":"Vampires","floor":19,"gold_loss":0,"cards_obtained":["Bite","Bite","Bite","Bite","Bite"]},{"cards_removed":["Bite"],"damage_healed":5,"gold_gain":0,"player_choice":"Offered Special","damage_taken":0,"max_hp_gain":0,"max_hp_loss":0,"event_name":"Bonfire Elementals","floor":20,"gold_loss":0},{"damage_healed":0,"gold_gain":0,"player_choice":"Ignored","damage_taken":0,"max_hp_gain":0,"max_hp_loss":0,"event_name":"Cursed Tome","floor":29,"gold_loss":0},{"damage_healed":0,"gold_gain":0,"player_choice":"Got Potions","damage_taken":0,"max_hp_gain":0,"max_hp_loss":0,"event_name":"Lab","floor":38,"gold_loss":0}],"is_beta":false,"boss_relics":[{"not_picked":["Ectoplasm","SacredBark"],"picked":"Tiny House"},{"not_picked":["Pandora\u0027s Box","Runic Pyramid"],"picked":"Coffee Dripper"}],"items_purged_floors":[24,37],"is_endless":false,"potions_floor_spawned":[5,11,16,21,25,28,31,33,39,41],"killed_by":"Reptomancer","ascension_level":20,"potion_discard_per_floor":[[],[],[],[],[],[],[],[],[],[],[],[],[],[],[],[],[],[],[],[],[],[],[],[],[],[],[],[],[],[],[],[],[],[],[],[],[],["FearPotion"],[],[],[],[],[],[],[]]}