{"neow_bonuses_skipped_log":["THREE_ENEMY_KILL","TWENTY_PERCENT_HP_BONUS","BOSS_RELIC"],"potions_obtained_entropic_brew":[[],[],[],[],[],[],[],[],[],[],[],[],[],[],[],[],[],[],[],[],[],[],[],[],[],[],[],[],[],[]],"neow_costs_skipped_log":["NONE","PERCENT_DAMAGE","NONE"],"gold_per_floor":[113,129,145,52,71,71,102,119,119,139,169,169,184,149,149,227,227,245,245,261,273,113,142,0,0,0,0,0,19,19],"floor_reached":30,"playtime":1136,"items_purged":["Strike_G"],"score":524,"play_id":"cf8cecd3-004c-4c4a-b329-174ab852fabc","local_time":"20230408155915","score_breakdown":["Floors Climbed (30): 150","Enemies Slain (11): 22","Exordium Elites Killed (2): 20","City Elites Killed (1): 20","Bosses Slain (1): 50","Ascension (20): 262"],"is_ascension_mode":true,"potions_obtained_alchemize":[[],[],[],[],[],[],[],[],[],[],[],[],[],[],[],[],[],[],[],[],[],[],[],[],[],[],[],[],[],[]],"campfire_choices":[{"data":"Blade Dance","floor":6.0,"key":"SMITH"},{"data":"Noxious Fumes","floor":15.0,"key":"SMITH"},{"floor":25,"key":"REST"},{"floor":27,"key":"REST"}],"lesson_learned_per_floor":[[],[],[],[],[],[],[],[],[],[],[],[],[],[],[],[],[],[],[],[],[],[],[],[],[],[],[],[],[],[]],"neow_cost":"NONE","improvable_cards":{},"seed_source_timestamp":651315601016100,"shop_contents":[{"floor":4,"relics":["Bird Faced Urn","PreservedInsect","Toolbox"],"cards":["Choke","Bullet Time","Caltrops","Finesse","Secret Weapon"],"potions":["BlessingOfTheForge","LiquidMemories","Ancient Potion"]},{"floor":22,"relics":["Blood Vial","Gremlin Horn","PrismaticShard"],"cards":["Masterful Stab","Quick Slash","Terror","Concentrate","Infinite Blades","Panacea","Secret Weapon"],"potions":["Block Potion","Dexterity Potion","Weak Potion"]}],"circlet_count":0,"master_deck":["AscendersBane","Strike_G","Strike_G","Strike_G","Defend_G","Defend_G","Defend_G","Defend_G","Defend_G","Survivor","Neutralize","Dagger Throw","Dagger Throw","Deflect","All Out Attack","Blade Dance+1","Deadly Poison","Accuracy","Noxious Fumes+1","Blade Dance","Deflect","Phantasmal Killer","After Image","Escape Plan","Expertise","Backflip","Leg Sweep","Acrobatics","Footwork"],"special_seed":0,"potion_use_per_floor":[[],[],[],[],[],[],[],[],[],[],["Energy Potion","EssenceOfSteel"],[],[],[],[],["SteroidPotion","Fruit Juice"],[],[],[],[],[],[],["LiquidMemories","CunningPotion"],[],[],[],[],[],[],[]],"relics":["Ring of the Snake","StrikeDummy","The Courier","Letter Opener","Fusion Hammer","Paper Crane","Singing Bowl"],"potions_floor_usage":[23,23],"damage_taken":[{"damage":6.0,"enemies":"Cultist","floor":1.0,"turns":6.0},{"damage":0.0,"enemies":"2 Louse","floor":2.0,"turns":5.0},{"damage":1.0,"enemies":"Jaw Worm","floor":3.0,"turns":4.0},{"damage":0.0,"enemies":"Blue Slaver","floor":5.0,"turns":5.0},{"damage":32.0,"enemies":"Gremlin Nob","floor":7.0,"turns":4.0},{"damage":0.0,"enemies":"Large Slime","floor":8.0,"turns":5.0},{"damage":2.0,"enemies":"Exordium Thugs","floor":10.0,"turns":4.0},{"damage":4.0,"enemies":"3 Sentries","floor":11.0,"turns":6.0},{"damage":0.0,"enemies":"2 Fungi Beasts","floor":13.0,"turns":1.0},{"damage":30.0,"enemies":"The Guardian","floor":16.0,"turns":10.0},{"damage":19.0,"enemies":"Spheric Guardian","floor":18.0,"turns":4.0},{"damage":16.0,"enemies":"Shell Parasite","floor":20.0,"turns":5.0},{"damage":13.0,"enemies":"Centurion and Healer","floor":21.0,"turns":5.0},{"damage":4,"enemies":"Slavers","floor":23,"turns":4},{"damage":10,"enemies":"Snecko","floor":29,"turns":6},{"damage":46,"enemies":"Gremlin Leader","floor":30,"turns":5}],"seed_played":"8295383203058810111","neow_bonus_log":{"cardsObtained":[],"cardsUpgraded":[],"cardsRemoved":["Strike_G"],"cardsTransformed":[],"relicsObtained":[],"maxHpGained":0,"goldGained":0,"damageTaken":0,"goldLost":0,"maxHpLost":0},"potions_obtained":[{"floor":7.0,"key":"EssenceOfSteel"},{"floor":10.0,"key":"Energy Potion"},{"floor":11.0,"key":"Fruit Juice"},{"floor":13.0,"key":"SteroidPotion"},{"floor":16.0,"key":"CunningPotion"},{"floor":18.0,"key":"AttackPotion"},{"floor":21.0,"key":"LiquidMemories"}],"is_trial":false,"path_per_floor":["M","M","M","$","M","R","E","M","T","M","E","?","M","?","R","B",null,"M","?","M","M","$","E","?","R","T","R","?","M","E"],"character_chosen":"THE_SILENT","basemod:card_modifiers":[null,null,null,null,null,null,null,null,null,null,null,null,null,null,null,null,null,null,null,null,null,null,null,null,null,null,null,null,null],"items_purchased":["All Out Attack","Blade Dance","Backflip","Leg Sweep"],"campfire_rested":2,"item_purchase_floors":[4,4,22,22],"current_hp_per_floor":[53,53,52,52,52,52,20,20,20,18,14,14,14,30,30,5,55,36,36,20,7,7,3,3,24,24,45,45,35,0],"gold":19,"neow_bonus":"REMOVE_CARD","is_prod":false,"is_daily":false,"rewards_skipped":[],"chose_seed":false,"campfire_upgraded":2,"win_rate":0,"floor_exit_playtime":[81,126,164,221,266,273,308,370,372,411,498,502,527,531,538,637,651,690,698,762,840,865,943,949,953,959,963,967,1039],"timestamp":1680983955,"path_taken":["M","M","?","$","M","R","E","M","T","M","E","?","M","?","R","BOSS","M","?","M","M","$","E","?","R","T","R","?","M","E"],"build_version":"2022-12-18","purchased_purges":1,"victory":false,"max_hp_per_floor":[66,66,66,66,66,66,66,66,66,66,66,66,66,66,66,71,71,71,71,71,71,71,71,71,71,71,71,71,71,71],"relic_stats":{"Singing Bowl":0,"counters":[16,79],"The Courier":40,"Letter Opener":[105],"obtain_stats":[{"Singing Bowl":26,"The Courier":9,"Fusion Hammer":17,"Letter Opener":11,"Paper Crane":23,"StrikeDummy":7,"Ring of the Snake":0},{"Singing Bowl":14,"The Courier":6,"Fusion Hammer":10,"Letter Opener":8,"Paper Crane":14,"StrikeDummy":5,"Ring of the Snake":0},{"Singing Bowl":68,"The Courier":29,"Fusion Hammer":50,"Letter Opener":39,"Paper Crane":68,"StrikeDummy":24,"Ring of the Snake":0}],"Ring of the Snake":[32]},"card_choices":[{"not_picked":["Slice","Noxious Fumes"],"picked":"Dagger Throw","floor":1.0},{"not_picked":["Flying Knee","Poisoned Stab"],"picked":"Dagger Throw","floor":2.0},{"not_picked":["Bane","Dodge and Roll"],"picked":"Deflect","floor":3.0},{"not_picked":["Bane","Poisoned Stab"],"picked":"Deadly Poison","floor":5.0},{"not_picked":["Quick Slash","Choke"],"picked":"Accuracy","floor":7.0},{"not_picked":["Predator","Dagger Throw"],"picked":"Noxious Fumes","floor":8.0},{"not_picked":["Calculated Gamble","Deadly Poison"],"picked":"Blade Dance","floor":10.0},{"not_picked":["Quick Slash","Poisoned Stab"],"picked":"Deflect","floor":11.0},{"not_picked":["Dagger Spray","Setup"],"picked":"Phantasmal Killer","floor":13.0},{"not_picked":["Unload","Grand Finale"],"picked":"After Image","floor":16.0},{"not_picked":["Slice+1","Backstab"],"picked":"Escape Plan","floor":18.0},{"not_picked":["Heel Hook+1","Masterful Stab","Dagger Throw+1"],"picked":"SKIP","floor":20.0},{"not_picked":["Dash","Outmaneuver"],"picked":"Expertise","floor":21.0},{"not_picked":["Underhanded Strike","Prepared"],"picked":"Acrobatics","floor":23},{"not_picked":["Crippling Poison","Catalyst+1"],"picked":"Footwork","floor":29}],"player_experience":1654029,"relics_obtained":[{"floor":7.0,"key":"StrikeDummy"},{"floor":9.0,"key":"The Courier"},{"floor":11.0,"key":"Letter Opener"},{"floor":23,"key":"Paper Crane"},{"floor":26,"key":"Singing Bowl"}],"event_choices":[{"damage_healed":0.0,"max_hp_gain":0.0,"max_hp_loss":0.0,"gold_gain":0.0,"event_name":"Scrap Ooze","player_choice":"Fled","floor":12.0,"gold_loss":0.0,"damage_taken":0.0},{"damage_healed":16.0,"max_hp_gain":0.0,"max_hp_loss":0.0,"gold_gain":0.0,"event_name":"The Cleric","player_choice":"Healed","floor":14.0,"gold_loss":35.0,"damage_taken":0.0},{"damage_healed":0.0,"max_hp_gain":0.0,"max_hp_loss":0.0,"gold_gain":0.0,"event_name":"Cursed Tome","player_choice":"Ignored","floor":19.0,"gold_loss":0.0,"damage_taken":0.0},{"damage_healed":0,"gold_gain":0,"player_choice":"Paid Fearfully","damage_taken":0,"max_hp_gain":0,"max_hp_loss":0,"event_name":"Masked Bandits","floor":24,"gold_loss":142}],"is_beta":false,"boss_relics":[{"not_picked":["Busted Crown","SacredBark"],"picked":"Fusion Hammer"}],"items_purged_floors":[22],"is_endless":false,"potions_floor_spawned":[7,10,11,13,16,18,21],"killed_by":"Gremlin Leader","ascension_level":20,"potion_discard_per_floor":[[],[],[],[],[],[],[],[],[],[],[],[],[],[],[],[],[],[],[],[],["AttackPotion"],[],[],[],[],[],[],[],[],[]]}