{"neow_bonuses_skipped_log":["THREE_CARDS","HUNDRED_GOLD","BOSS_RELIC"],"potions_obtained_entropic_brew":[[],[],[],[],[],[],[],[],[],[],[],[],[],[],[],[],[],[],[],[],[],[],[],[],[]],"neow_costs_skipped_log":["NONE","NONE","NONE"],"gold_per_floor":[14,25,25,45,45,45,45,70,70,80,90,123,137,137,137,216,216,236,236,236,246,265,265,285,285],"floor_reached":25,"playtime":953,"items_purged":[],"score":430,"play_id":"6bc88c37-b8e4-486d-bf1c-54467efb1d4c","local_time":"20230408161531","score_breakdown":["Floors Climbed (25): 125","Enemies Slain (10): 20","Exordium Elites Killed (2): 20","City Elites Killed (0): 0","Bosses Slain (1): 50","Ascension (20): 215"],"is_ascension_mode":true,"potions_obtained_alchemize":[[],[],[],[],[],[],[],[],[],[],[],[],[],[],[],[],[],[],[],[],[],[],[],[],[]],"campfire_choices":[{"data":"Blade Dance","floor":6,"key":"SMITH"},{"data":"Noxious Fumes","floor":15,"key":"SMITH"},{"data":"Wraith Form v2","floor":23,"key":"SMITH"}],"lesson_learned_per_floor":[[],[],[],[],[],[],[],[],[],[],[],[],[],[],[],[],[],[],[],[],[],[],[],[],[]],"neow_cost":"NO_GOLD","improvable_cards":{},"seed_source_timestamp":652546747583000,"shop_contents":[{"floor":7,"relics":["Snake Skull","Potion Belt","Sling"],"cards":["Eviscerate","Predator","Expertise","Cloak And Dagger","Footwork","Blind","The Bomb"],"potions":["AttackPotion","Energy Potion","Regen Potion"]}],"circlet_count":0,"master_deck":["AscendersBane","Strike_G","Strike_G","Strike_G","Strike_G","Defend_G","Defend_G","Defend_G+1","Defend_G","Survivor+1","Neutralize","Dash+1","Blade Dance+1","Noxious Fumes+1","Crippling Poison","Acrobatics","Bane","Acrobatics","Wraith Form v2+1","Burst","Predator","Outmaneuver"],"potion_use_per_floor":[[],[],[],[],[],[],[],["Fire Potion"],[],[],[],["Poison Potion"],[],[],[],["Strength Potion"],[],[],[],[],[],[],[],["SkillPotion"],["CultistPotion"]],"relics":["Ring of the Snake","Bottled Tornado","Bag of Marbles","War Paint","HoveringKite","Paper Crane"],"potions_floor_usage":[8,12,16,24,25],"damage_taken":[{"damage":0,"enemies":"Small Slimes","floor":1,"turns":5},{"damage":0,"enemies":"2 Louse","floor":2,"turns":4},{"damage":0,"enemies":"Jaw Worm","floor":4,"turns":3},{"damage":10,"enemies":"3 Sentries","floor":8,"turns":6},{"damage":0,"enemies":"Looter","floor":10,"turns":3},{"damage":0,"enemies":"Exordium Wildlife","floor":11,"turns":3},{"damage":12,"enemies":"Lagavulin","floor":12,"turns":5},{"damage":0,"enemies":"Exordium Thugs","floor":13,"turns":4},{"damage":19,"enemies":"Hexaghost","floor":16,"turns":8},{"damage":0,"enemies":"3 Byrds","floor":18,"turns":4},{"damage":6,"enemies":"Shell Parasite","floor":21,"turns":6},{"damage":0,"enemies":"Snecko","floor":22,"turns":6},{"damage":13,"enemies":"3 Cultists","floor":24,"turns":6},{"damage":40,"enemies":"Book of Stabbing","floor":25,"turns":5}],"seed_played":"-2238862308708857071","neow_bonus_log":{"cardsObtained":[],"cardsUpgraded":[],"cardsRemoved":["Strike_G","Defend_G"],"cardsTransformed":[],"relicsObtained":[],"maxHpGained":0,"goldGained":0,"damageTaken":0,"goldLost":99,"maxHpLost":0},"potions_obtained":[{"floor":1,"key":"Fire Potion"},{"floor":4,"key":"Poison Potion"},{"floor":10,"key":"Strength Potion"},{"floor":13,"key":"CultistPotion"},{"floor":21,"key":"EssenceOfSteel"},{"floor":22,"key":"SkillPotion"}],"is_trial":false,"path_per_floor":["M","M","?","M","?","R","$","E","T","M","M","E","M","?","R","B",null,"M","?","T","M","M","R","M","E"],"character_chosen":"THE_SILENT","basemod:card_modifiers":[null,null,null,null,null,null,null,null,null,null,null,null,null,null,null,null,null,null,null,null,null,null],"items_purchased":[],"campfire_rested":0,"item_purchase_floors":[],"current_hp_per_floor":[59,59,59,59,59,59,59,49,49,49,49,37,37,37,37,18,54,54,54,54,48,48,48,35,0],"gold":285,"neow_bonus":"REMOVE_TWO","is_prod":false,"is_daily":false,"rewards_skipped":[],"chose_seed":false,"campfire_upgraded":3,"win_rate":0,"floor_exit_playtime":[48,86,94,125,130,136,145,216,220,248,294,357,402,405,411,506,522,603,620,624,701,782,788,891],"timestamp":1680984931,"path_taken":["M","M","?","M","?","R","?","E","T","M","M","E","M","?","R","BOSS","M","?","?","?","M","R","M","E"],"build_version":"2022-12-18","purchased_purges":0,"victory":false,"max_hp_per_floor":[66,66,66,66,66,66,66,66,66,66,66,66,66,66,66,66,66,66,66,66,66,66,66,66,66],"relic_stats":{"counters":[14,68],"HoveringKite":[11],"Bottled Tornado":"Noxious Fumes","War Paint":["Defend_G","Survivor"],"obtain_stats":[{"HoveringKite":17,"Bag of Marbles":9,"Bottled Tornado":8,"War Paint":12,"Paper Crane":20,"Ring of the Snake":0},{"HoveringKite":9,"Bag of Marbles":4,"Bottled Tornado":4,"War Paint":7,"Paper Crane":10,"Ring of the Snake":0},{"HoveringKite":41,"Bag of Marbles":18,"Bottled Tornado":18,"War Paint":29,"Paper Crane":45,"Ring of the Snake":0}],"Ring of the Snake":[28]},"card_choices":[{"not_picked":["Backstab","Dodge and Roll"],"picked":"Dash","floor":1},{"not_picked":["Dodge and Roll","All Out Attack"],"picked":"Blade Dance","floor":2},{"not_picked":["Slice","Prepared"],"picked":"Noxious Fumes","floor":4},{"not_picked":["Blade Dance","Prepared"],"picked":"Crippling Poison","floor":8},{"not_picked":["Heel Hook","PiercingWail"],"picked":"Acrobatics","floor":10},{"not_picked":["Reflex","Flying Knee"],"picked":"Bane","floor":11},{"not_picked":["Cloak And Dagger","Noxious Fumes"],"picked":"Acrobatics","floor":12},{"not_picked":["Reflex","Bane"],"picked":"Wraith Form v2","floor":13},{"not_picked":["Unload","Venomology"],"picked":"Burst","floor":16},{"not_picked":["Distraction","Setup"],"picked":"Predator","floor":18},{"not_picked":["Cloak And Dagger","Masterful Stab"],"picked":"Outmaneuver","floor":21},{"not_picked":["Sucker Punch","Poisoned Stab","Dodge and Roll"],"picked":"SKIP","floor":22},{"not_picked":["Sucker Punch","Outmaneuver","Quick Slash"],"picked":"SKIP","floor":24}],"player_experience":1655165,"relics_obtained":[{"floor":8,"key":"Bottled Tornado"},{"floor":9,"key":"Bag of Marbles"},{"floor":12,"key":"War Paint"},{"floor":20,"key":"Paper Crane"}],"event_choices":[{"damage_healed":0,"gold_gain":0,"player_choice":"Grow","damage_taken":0,"max_hp_gain":0,"max_hp_loss":0,"event_name":"Living Wall","floor":3,"gold_loss":0,"cards_upgraded":["Dash"]},{"damage_healed":0,"gold_gain":0,"player_choice":"Leave","damage_taken":0,"max_hp_gain":0,"max_hp_loss":0,"event_name":"The Cleric","floor":5,"gold_loss":0},{"damage_healed":0,"gold_gain":0,"player_choice":"Ignored","damage_taken":0,"max_hp_gain":0,"max_hp_loss":0,"event_name":"Liars Game","floor":14,"gold_loss":0},{"damage_healed":0,"gold_gain":0,"player_choice":"Ignored","damage_taken":0,"max_hp_gain":0,"max_hp_loss":0,"event_name":"Ghosts","floor":19,"gold_loss":0}],"is_beta":false,"boss_relics":[{"not_picked":["Snecko Eye","Sozu"],"picked":"HoveringKite"}],"items_purged_floors":[],"is_endless":false,"potions_floor_spawned":[1,4,10,13,21,22],"killed_by":"Book of Stabbing","ascension_level":20,"potion_discard_per_floor":[[],[],[],[],[],[],[],[],[],[],[],[],[],[],[],[],[],[],[],[],[],["EssenceOfSteel"],[],[],[]]}