{"neow_bonuses_skipped_log":["THREE_SMALL_POTIONS","REMOVE_TWO","BOSS_RELIC"],"potions_obtained_entropic_brew":[[],[],[],[],[],[],[],[],[],[],[],[]],"neow_costs_skipped_log":["NONE","PERCENT_DAMAGE","NONE"],"gold_per_floor":[118,128,128,128,138,138,170,188,188,188,188,188],"floor_reached":12,"playtime":365,"items_purged":[],"score":156,"play_id":"d3051339-8dd4-4026-be5a-320957cc3f12","local_time":"20230408131924","score_breakdown":["Floors Climbed (12): 60","Enemies Slain (4): 8","Exordium Elites Killed (1): 10","Bosses Slain (0): 0","Ascension (20): 78"],"is_ascension_mode":true,"potions_obtained_alchemize":[[],[],[],[],[],[],[],[],[],[],[],[]],"campfire_choices":[{"data":"Noxious Fumes","floor":6.0,"key":"SMITH"},{"floor":10.0,"key":"REST"}],"lesson_learned_per_floor":[[],[],[],[],[],[],[],[],[],[],[],[]],"neow_cost":"NONE","improvable_cards":{},"seed_source_timestamp":0,"shop_contents":[],"circlet_count":0,"master_deck":["AscendersBane","Strike_G","Strike_G","Strike_G","Strike_G","Defend_G","Defend_G","Defend_G","Defend_G","Survivor","Neutralize","Finesse","All Out Attack","Flying Knee","Footwork","Noxious Fumes+1","Escape Plan","Sucker Punch"],"special_seed":0,"potion_use_per_floor":[[],[],[],[],[],[],["Fire Potion"],[],[],[],[],[]],"relics":["Ring of the Snake","Juzu Bracelet","Pear"],"potions_floor_usage":[],"damage_taken":[{"damage":2.0,"enemies":"2 Louse","floor":1.0,"turns":5.0},{"damage":0.0,"enemies":"Jaw Worm","floor":2.0,"turns":5.0},{"damage":5.0,"enemies":"Small Slimes","floor":5.0,"turns":4.0},{"damage":32.0,"enemies":"Gremlin Nob","floor":7.0,"turns":4.0},{"damage":2.0,"enemies":"2 Fungi Beasts","floor":8.0,"turns":3.0},{"damage":0,"enemies":"Large Slime","floor":12,"turns":1}],"seed_played":"-538474656997433070","neow_bonus_log":{"cardsObtained":[],"cardsUpgraded":[],"cardsRemoved":[],"cardsTransformed":[],"relicsObtained":[],"maxHpGained":0,"goldGained":0,"damageTaken":0,"goldLost":0,"maxHpLost":0},"potions_obtained":[{"floor":2.0,"key":"Fire Potion"},{"floor":7.0,"key":"DistilledChaos"}],"is_trial":false,"path_per_floor":["M","M","?","?","M","R","E","M","T","R","?","M"],"character_chosen":"THE_SILENT","basemod:card_modifiers":[null,null,null,null,null,null,null,null,null,null,null,null,null,null,null,null,null,null],"items_purchased":[],"campfire_rested":1,"item_purchase_floors":[],"current_hp_per_floor":[57,57,57,57,52,52,20,18,28,50,43,43],"gold":188,"neow_bonus":"RANDOM_COLORLESS","is_prod":false,"is_daily":false,"rewards_skipped":[],"chose_seed":false,"campfire_upgraded":1,"win_rate":0,"floor_exit_playtime":[104,175,185,194,233,248,290,333,336,340,363],"timestamp":1680974364,"path_taken":["M","M","?","?","M","R","E","M","T","R","?","M"],"build_version":"2022-12-18","purchased_purges":0,"victory":false,"max_hp_per_floor":[66,66,66,66,66,66,66,66,76,76,76,76],"relic_stats":{"counters":[6,22],"Juzu Bracelet":0,"obtain_stats":[{"Pear":9,"Juzu Bracelet":7,"Ring of the Snake":0},{"Pear":5,"Juzu Bracelet":4,"Ring of the Snake":0},{"Pear":21,"Juzu Bracelet":18,"Ring of the Snake":0}],"Ring of the Snake":[10]},"card_choices":[{"not_picked":["Panacea","Deep Breath"],"picked":"Finesse","floor":0.0},{"not_picked":["Infinite Blades","Noxious Fumes"],"picked":"All Out Attack","floor":1.0},{"not_picked":["Well Laid Plans","Accuracy"],"picked":"Flying Knee","floor":2.0},{"not_picked":["Prepared","Outmaneuver"],"picked":"Noxious Fumes","floor":5.0},{"not_picked":["Flying Knee","Deadly Poison"],"picked":"Escape Plan","floor":7.0},{"not_picked":["Flying Knee","Distraction"],"picked":"Sucker Punch","floor":8.0}],"player_experience":1645567,"relics_obtained":[{"floor":7.0,"key":"Juzu Bracelet"},{"floor":9.0,"key":"Pear"}],"event_choices":[{"damage_healed":0.0,"max_hp_gain":0.0,"max_hp_loss":0.0,"gold_gain":0.0,"event_name":"Liars Game","player_choice":"Ignored","floor":3.0,"gold_loss":0.0,"damage_taken":0.0},{"damage_healed":0.0,"max_hp_gain":0.0,"max_hp_loss":0.0,"gold_gain":0.0,"cards_transformed":["Defend_G"],"event_name":"Living Wall","player_choice":"Change","floor":4.0,"gold_loss":0.0,"damage_taken":0.0,"cards_obtained":["Footwork"]},{"cards_removed":["Strike_G"],"damage_healed":0.0,"max_hp_gain":0.0,"max_hp_loss":0.0,"gold_gain":0.0,"event_name":"Golden Wing","player_choice":"Card Removal","floor":11.0,"gold_loss":0.0,"damage_taken":7.0}],"is_beta":false,"boss_relics":[],"items_purged_floors":[],"is_endless":false,"potions_floor_spawned":[2,7],"killed_by":"Large Slime","ascension_level":20,"potion_discard_per_floor":[[],[],[],[],[],[],[],[],[],[],[],[]]}