{"neow_bonuses_skipped_log":["REMOVE_CARD","THREE_SMALL_POTIONS","BOSS_RELIC"],"potions_obtained_entropic_brew":[[],[],[],[],[],[],[],[],[],[],[],[],[],[],[],[]],"neow_costs_skipped_log":["NONE","NONE","NONE"],"gold_per_floor":[15,31,31,51,126,126,126,165,165,165,188,226,21,21,21,21],"floor_reached":16,"playtime":481,"items_purged":["Strike_G"],"score":216,"play_id":"76ca9f40-456f-4495-9f4f-32ca63c94223","local_time":"20230408172934","score_breakdown":["Floors Climbed (16): 80","Enemies Slain (4): 8","Exordium Elites Killed (2): 20","Bosses Slain (0): 0","Ascension (20): 108"],"is_ascension_mode":true,"potions_obtained_alchemize":[[],[],[],[],[],[],[],[],[],[],[],[],[],[],[],[]],"campfire_choices":[{"data":"Predator","floor":6,"key":"SMITH"},{"data":"Neutralize","floor":10,"key":"SMITH"},{"data":"Calculated Gamble","floor":15,"key":"SMITH"}],"lesson_learned_per_floor":[[],[],[],[],[],[],[],[],[],[],[],[],[],[],[],[]],"neow_cost":"NO_GOLD","improvable_cards":{},"seed_source_timestamp":657462318060100,"shop_contents":[{"floor":13,"relics":["Question Card","Orichalcum","TwistedFunnel"],"cards":["Underhanded Strike","Dagger Throw","PiercingWail","Prepared","Mind Blast","Transmutation"],"potions":["Strength Potion","Poison Potion"]}],"circlet_count":0,"master_deck":["AscendersBane","Strike_G+1","Strike_G","Strike_G","Strike_G","Defend_G","Defend_G","Defend_G","Defend_G","Defend_G","Survivor","Neutralize+1","Corpse Explosion","Dagger Throw+1","Choke","Predator+1","Cloak And Dagger","Leg Sweep","Calculated Gamble+1","Footwork"],"potion_use_per_floor":[[],[],[],[],[],[],[],["DistilledChaos"],[],[],[],["Energy Potion"],[],[],[],["Energy Potion"]],"relics":["Ring of the Snake","Golden Idol","Whetstone","InkBottle","Dream Catcher","Art of War","NlothsMask"],"potions_floor_usage":[8,12,16],"damage_taken":[{"damage":0,"enemies":"2 Louse","floor":1,"turns":2},{"damage":3,"enemies":"Small Slimes","floor":2,"turns":4},{"damage":1,"enemies":"Jaw Worm","floor":4,"turns":4},{"damage":7,"enemies":"3 Sentries","floor":8,"turns":3},{"damage":7,"enemies":"Exordium Thugs","floor":11,"turns":4},{"damage":7,"enemies":"Lagavulin","floor":12,"turns":5},{"damage":26,"enemies":"Hexaghost","floor":16,"turns":11}],"seed_played":"-5302918908977448679","neow_bonus_log":{"cardsObtained":[],"cardsUpgraded":[],"cardsRemoved":[],"cardsTransformed":[],"relicsObtained":[],"maxHpGained":0,"goldGained":0,"damageTaken":0,"goldLost":99,"maxHpLost":0},"potions_obtained":[{"floor":2,"key":"DistilledChaos"},{"floor":11,"key":"Energy Potion"}],"is_trial":false,"path_per_floor":["M","M","?","M","?","R","T","E","T","R","M","E","$","?","R","B"],"character_chosen":"THE_SILENT","basemod:card_modifiers":[null,null,null,null,null,null,null,null,null,null,null,null,null,null,null,null,null,null,null,null],"items_purchased":["Footwork","Energy Potion"],"campfire_rested":0,"item_purchase_floors":[13,13],"current_hp_per_floor":[59,56,56,55,44,44,44,37,37,37,30,23,23,23,23,0],"gold":21,"neow_bonus":"THREE_RARE_CARDS","is_prod":false,"is_daily":false,"rewards_skipped":[],"chose_seed":false,"campfire_upgraded":3,"win_rate":0,"floor_exit_playtime":[63,99,103,133,136,145,148,197,199,212,268,328,349,354,366],"timestamp":1680989374,"path_taken":["M","M","?","M","?","R","?","E","T","R","?","E","?","?","R","BOSS"],"build_version":"2022-12-18","purchased_purges":1,"victory":false,"max_hp_per_floor":[66,66,60,60,60,60,60,60,60,60,60,60,60,60,60,60],"relic_stats":{"Dream Catcher":0,"counters":[7,33],"Golden Idol":25,"Art of War":[0],"Whetstone":["Strike_G","Dagger Throw"],"obtain_stats":[{"Dream Catcher":9,"Golden Idol":3,"Art of War":12,"Whetstone":7,"InkBottle":8,"Ring of the Snake":0,"NlothsMask":14},{"Dream Catcher":4,"Golden Idol":2,"Art of War":6,"Whetstone":3,"InkBottle":4,"Ring of the Snake":0,"NlothsMask":6},{"Dream Catcher":13,"Golden Idol":6,"Art of War":22,"Whetstone":10,"InkBottle":13,"Ring of the Snake":0,"NlothsMask":22}],"InkBottle":[6],"Ring of the Snake":[14]},"card_choices":[{"not_picked":["Night Terror","Wraith Form v2"],"picked":"Corpse Explosion","floor":0},{"not_picked":["Outmaneuver","Prepared"],"picked":"Dagger Throw","floor":1},{"not_picked":["Dodge and Roll","Prepared"],"picked":"Choke","floor":2},{"not_picked":["Quick Slash","Expertise"],"picked":"Predator","floor":4},{"not_picked":["Well Laid Plans","Bouncing Flask"],"picked":"Cloak And Dagger","floor":8},{"not_picked":["Flechettes","Terror"],"picked":"Leg Sweep","floor":11},{"not_picked":["Endless Agony","Underhanded Strike"],"picked":"Calculated Gamble","floor":12}],"player_experience":1660055,"relics_obtained":[{"floor":7,"key":"Whetstone"},{"floor":8,"key":"InkBottle"},{"floor":9,"key":"Dream Catcher"},{"floor":12,"key":"Art of War"}],"event_choices":[{"damage_healed":0,"gold_gain":0,"player_choice":"Lose Max HP","damage_taken":0,"relics_obtained":["Golden Idol"],"max_hp_gain":0,"max_hp_loss":6,"event_name":"Golden Idol","floor":3,"gold_loss":0},{"damage_healed":0,"gold_gain":75,"player_choice":"Gather Gold","damage_taken":11,"max_hp_gain":0,"max_hp_loss":0,"event_name":"World of Goop","floor":5,"gold_loss":0},{"damage_healed":0,"gold_gain":0,"player_choice":"Trade","damage_taken":0,"relics_obtained":["NlothsMask"],"max_hp_gain":0,"max_hp_loss":0,"event_name":"FaceTrader","floor":14,"gold_loss":0}],"is_beta":false,"boss_relics":[],"items_purged_floors":[13],"is_endless":false,"potions_floor_spawned":[2,11],"killed_by":"Hexaghost","ascension_level":20,"potion_discard_per_floor":[[],[],[],[],[],[],[],[],[],[],[],[],[],[],[],[]]}