{"potions_obtained_entropic_brew":[[],[],[],[],[],[],[],[],[],[],[],[],[],[],[],[],[],[],[],[],[],[],[],[],[],[],[],[],[],[],[],[],[],[],[],[],[],[],[],[],[],[],[],[],[],[],[],[],[],[],[],[],[],[],[],[],[]],"gold_per_floor":[114,134,161,176,18,49,49,78,102,102,114,114,190,222,222,320,320,339,339,356,356,366,366,392,392,464,479,97,143,143,143,143,214,214,231,269,287,116,116,151,160,160,160,160,179,191,191,226,226,226,226,226,226,53,87,87],"floor_reached":57,"playtime":3898,"items_purged":[],"score":3482,"play_id":"8bb09c07-8f3e-44de-9ace-37a97d8eff4f","local_time":"20230403192530","daily_mods":["SealedDeck","Diverse"],"falling_options_log":["Dodge and Roll+1","Self Repair"],"score_breakdown":["Floors Climbed (57): 285","Enemies Slain (13): 26","Exordium Elites Killed (3): 30","City Elites Killed (2): 40","Beyond Elites Killed (2): 60","Bosses Slain (5): 750","I Like Shiny: 50","Champion (7): 175","Beyond Perfect: 200","C-c-c-combo: 25","Ascension (20): 1591","Heartbreaker: 250"],"is_ascension_mode":true,"potions_obtained_alchemize":[[],[],[],[],[],[],[],[],[],[],[],[],[],[],[],[],[],[],[],[],[],[],[],[],[],[],[],[],[],[],[],[],[],[],[],[],[],[],[],[],[],[],[],[],[],[],[],[],[],[],[],[],[],[],[],[],[]],"campfire_choices":[{"data":"Blasphemy","floor":7,"key":"SMITH"},{"data":"Whirlwind","floor":10,"key":"SMITH"},{"data":"Blade Dance","floor":12,"key":"SMITH"},{"data":"Well Laid Plans","floor":15,"key":"SMITH"},{"data":"Burning Pact","floor":23,"key":"SMITH"},{"data":"Sentinel","floor":25,"key":"SMITH"},{"data":"Deflect","floor":32,"key":"SMITH"},{"data":"Tactician","floor":42,"key":"SMITH"},{"data":"Conserve Battery","floor":44,"key":"SMITH"},{"data":"Inflame","floor":47,"key":"SMITH"},{"floor":49,"key":"RECALL"},{"data":"Battle Trance","floor":53,"key":"SMITH"}],"lesson_learned_per_floor":[[],[],[],[],[],[],[],[],[],[],[],[],[],[],[],[],[],[],[],[],[],[],[],[],[],[],[],[],[],[],[],[],[],[],["CutThroughFate"],[],[],[],[],[],[],[],[],[],[],[],[],[],[],[],[],[],[],[],[],[],[]],"neow_cost":"","improvable_cards":{},"seed_source_timestamp":0,"shop_contents":[{"floor":5,"relics":["Bag of Marbles","Akabeko"],"cards":["Beam Cell","FlyingSleeves","Double Tap","Blade Dance","Noxious Fumes","Flash of Steel","Secret Weapon"],"potions":["SneckoOil","BlessingOfTheForge","FearPotion"]},{"floor":28,"relics":["Regal Pillow"],"cards":["Dagger Throw","Cold Snap","Pray","Swivel","Hello World","Swift Strike","Secret Technique"],"potions":["Weak Potion","SmokeBomb"]},{"floor":38,"relics":["Juzu Bracelet","Dream Catcher"],"cards":["Blizzard","Dagger Spray","WaveOfTheHand","Wish","Feel No Pain","Madness","Secret Weapon"],"potions":["CunningPotion","PowerPotion","Poison Potion"]},{"floor":54,"relics":["Boot","The Specimen"],"cards":["FollowUp+1","Flying Knee+1","Force Field","Halt","MentalFortress","Madness","HandOfGreed+1"],"potions":["Ancient Potion","Weak Potion","Swift Potion"]}],"circlet_count":0,"master_deck":["AscendersBane","Deflect+1","Whirlwind+1","CutThroughFate+1","Self Repair","Rampage","Burning Pact+1","Sentinel+1","Inflame+1","Well Laid Plans+1","Blade Dance+1","Battle Trance+1","Blasphemy+1","Conserve Battery+1","Core Surge","Swivel","Acrobatics+1","Turbo+1","Acrobatics+1","Dodge and Roll+1","CurseOfTheBell","Coolheaded+1","BootSequence+1","Tactician+1","Beam Cell+1","Wallop+1"],"potion_use_per_floor":[[],[],[],[],[],[],[],[],[],[],[],[],[],[],[],[],[],[],[],[],[],[],[],["PowerPotion","DuplicationPotion"],[],[],[],[],[],[],[],[],[],[],[],[],[],[],[],[],[],[],[],[],[],[],[],[],[],[],[],[],[],[],[],["PowerPotion","DuplicationPotion"],[]],"relics":["Ring of the Snake","Bronze Scales","Toolbox","Matryoshka","TungstenRod","Centennial Puzzle","Lantern","Smiling Mask","Snake Skull","Coffee Dripper","Orichalcum","PreservedInsect","InkBottle","Oddly Smooth Stone","TheAbacus","Du-Vu Doll","Calling Bell","MealTicket","Sundial","Lizard Tail","OrangePellets","CeramicFish","Molten Egg 2","ClockworkSouvenir","Pen Nib"],"potions_floor_usage":[24,24,56,56],"damage_taken":[{"damage":0,"enemies":"Cultist","floor":1,"turns":3},{"damage":0,"enemies":"Small Slimes","floor":2,"turns":2},{"damage":0,"enemies":"2 Louse","floor":4,"turns":1},{"damage":8,"enemies":"Lagavulin","floor":6,"turns":5},{"damage":0,"enemies":"Gremlin Nob","floor":8,"turns":1},{"damage":0,"enemies":"2 Fungi Beasts","floor":11,"turns":1},{"damage":0,"enemies":"Gremlin Nob","floor":13,"turns":2},{"damage":0,"enemies":"3 Sentries","floor":14,"turns":2},{"damage":0,"enemies":"Slime Boss","floor":16,"turns":3},{"damage":0,"enemies":"Chosen","floor":18,"turns":3},{"damage":2,"enemies":"Spheric Guardian","floor":20,"turns":3},{"damage":0,"enemies":"Chosen and Byrds","floor":22,"turns":3},{"damage":0,"enemies":"Gremlin Leader","floor":24,"turns":3},{"damage":0,"enemies":"Centurion and Healer","floor":27,"turns":2},{"damage":0,"enemies":"Book of Stabbing","floor":29,"turns":2},{"damage":0,"enemies":"Collector","floor":33,"turns":5},{"damage":0,"enemies":"3 Shapes","floor":35,"turns":2},{"damage":0,"enemies":"3 Darklings","floor":36,"turns":1},{"damage":0,"enemies":"Transient","floor":37,"turns":6},{"damage":0,"enemies":"Reptomancer","floor":40,"turns":2},{"damage":0,"enemies":"Writhing Mass","floor":45,"turns":4},{"damage":0,"enemies":"Jaw Worm Horde","floor":46,"turns":1},{"damage":0,"enemies":"Nemesis","floor":48,"turns":3},{"damage":38,"enemies":"Time Eater","floor":50,"turns":6},{"damage":0,"enemies":"Donu and Deca","floor":51,"turns":4},{"damage":0,"enemies":"Shield and Spear","floor":55,"turns":1},{"damage":112,"enemies":"The Heart","floor":56,"turns":9}],"green_key_taken_log":14,"seed_played":"-4483274236877655322","potions_obtained":[{"floor":1,"key":"DuplicationPotion"},{"floor":11,"key":"Regen Potion"},{"floor":13,"key":"PowerPotion"},{"floor":27,"key":"PowerPotion"},{"floor":36,"key":"DuplicationPotion"}],"is_trial":true,"path_per_floor":["M","M","T","M","$","E","R","E","T","R","M","R","?","E","R","B",null,"M","?","M","?","M","R","E","R","T","M","$","E","?","?","R","B",null,"M","M","M","$","?","E","?","R","T","R","M","M","R","E","R","B","B",null,"R","$","E","B",null],"character_chosen":"THE_SILENT","basemod:card_modifiers":[null,null,null,null,null,null,null,null,null,null,null,null,null,null,null,null,null,null,null,null,null,null,null,null,null,null],"items_purchased":["Toolbox","Oddly Smooth Stone","TheAbacus","AttackPotion","OrangePellets","ClockworkSouvenir"],"campfire_rested":0,"item_purchase_floors":[5,28,28,28,38,54],"current_hp_per_floor":[66,66,66,66,66,65,65,66,66,66,66,66,66,66,66,66,66,66,66,66,49,49,49,56,56,56,63,63,70,70,70,70,71,71,71,71,71,71,71,71,71,71,71,71,71,71,71,71,71,40,47,65,65,71,71,18],"gold":87,"neow_bonus":"","is_prod":false,"is_daily":false,"rewards_skipped":[{"floor":14,"relics":[],"potions":["CunningPotion"]},{"floor":16,"relics":[],"potions":["Dexterity Potion"]},{"floor":20,"relics":[],"potions":["CunningPotion"]},{"floor":22,"relics":[],"potions":["FearPotion"]},{"floor":37,"relics":[],"potions":["AttackPotion"]},{"floor":40,"relics":[],"potions":["DistilledChaos"]},{"floor":48,"relics":[],"potions":["SpeedPotion"]},{"floor":55,"relics":[],"potions":["Regen Potion"]}],"chose_seed":false,"campfire_upgraded":11,"win_rate":0,"floor_exit_playtime":[154,184,187,207,225,352,358,410,417,427,462,477,540,616,628,776,790,894,914,1006,1009,1056,1070,1262,1287,1290,1385,1505,1604,1607,1634,1654,1904,1944,2039,2139,2439,2492,2511,2602,2620,2628,2631,2641,2793,2837,2846,2923,2927,3121,3292,3303,3313,3344,3477,3898],"timestamp":1680564330,"blue_key_relic_skipped_log":{"floor":43,"relicID":"HornCleat"},"path_taken":["M","M","?","M","$","E","R","E","T","R","M","R","?","E","R","BOSS","M","?","M","?","M","R","E","R","T","M","$","E","?","?","R","BOSS","M","M","?","$","?","E","?","R","T","R","?","M","R","E","R","BOSS","BOSS","R","$","E","BOSS"],"build_version":"2022-12-18","purchased_purges":0,"victory":true,"max_hp_per_floor":[66,66,66,66,66,66,66,66,66,66,66,66,66,66,66,66,66,66,66,66,71,71,71,71,71,71,71,71,71,71,71,71,71,71,71,71,71,71,71,71,71,71,71,71,71,71,71,71,71,71,71,71,71,71,71,71],"relic_stats":{"counters":[27,80],"CeramicFish":36,"Snake Skull":[0],"PreservedInsect":231,"Pen Nib":[1],"Orichalcum":[12],"Smiling Mask":0,"OrangePellets":[5],"Centennial Puzzle":[9],"Lizard Tail":35,"Matryoshka":2,"TheAbacus":[144],"Sundial":[14],"Bronze Scales":[243],"MealTicket":6,"obtain_stats":[{"Lantern":9,"CeramicFish":40,"Snake Skull":14,"Smiling Mask":13,"ClockworkSouvenir":54,"Centennial Puzzle":9,"Lizard Tail":34,"Matryoshka":6,"TheAbacus":28,"Sundial":34,"Toolbox":5,"MealTicket":34,"InkBottle":26,"Ring of the Snake":0,"Oddly Smooth Stone":28,"PreservedInsect":26,"Pen Nib":55,"Orichalcum":24,"Du-Vu Doll":29,"Calling Bell":34,"OrangePellets":38,"Bronze Scales":3,"Molten Egg 2":48,"Coffee Dripper":17,"TungstenRod":8},{"Lantern":5,"CeramicFish":20,"Snake Skull":8,"Smiling Mask":6,"ClockworkSouvenir":25,"Centennial Puzzle":5,"Lizard Tail":16,"Matryoshka":4,"TheAbacus":14,"Sundial":16,"Toolbox":3,"MealTicket":16,"InkBottle":13,"Ring of the Snake":0,"Oddly Smooth Stone":14,"PreservedInsect":13,"Pen Nib":26,"Orichalcum":13,"Du-Vu Doll":15,"Calling Bell":16,"OrangePellets":19,"Bronze Scales":2,"Molten Egg 2":23,"Coffee Dripper":9,"TungstenRod":5},{"Lantern":12,"CeramicFish":52,"Snake Skull":17,"Smiling Mask":13,"ClockworkSouvenir":70,"Centennial Puzzle":12,"Lizard Tail":41,"Matryoshka":11,"TheAbacus":34,"Sundial":41,"Toolbox":6,"MealTicket":41,"InkBottle":32,"Ring of the Snake":0,"Oddly Smooth Stone":34,"PreservedInsect":32,"Pen Nib":71,"Orichalcum":32,"Du-Vu Doll":36,"Calling Bell":41,"OrangePellets":50,"Bronze Scales":5,"Molten Egg 2":60,"Coffee Dripper":20,"TungstenRod":12}],"TungstenRod":25,"InkBottle":[39],"Ring of the Snake":[54]},"card_choices":[{"not_picked":["Bane","Body Slam"],"picked":"Blade Dance","floor":1},{"not_picked":["Turbo","Disarm"],"picked":"Battle Trance","floor":2},{"not_picked":["Reinforced Body","Chaos","Dagger Spray"],"picked":"SKIP","floor":4},{"not_picked":["Dagger Spray","Iron Wave"],"picked":"Blasphemy","floor":6},{"not_picked":["Stack","Self Repair","Chill"],"picked":"SKIP","floor":8},{"not_picked":["Iron Wave","Rupture","Conclude"],"picked":"SKIP","floor":11},{"not_picked":["Havoc","Lockon"],"picked":"Conserve Battery","floor":13},{"not_picked":["Setup","Perfected Strike","Reckless Charge"],"picked":"SKIP","floor":14},{"not_picked":["Devotion","Corruption"],"picked":"Core Surge","floor":16},{"not_picked":["EmptyFist","Fusion"],"picked":"Swivel","floor":18},{"not_picked":["PathToVictory","JustLucky","WaveOfTheHand","Underhanded Strike","CrushJoints","Prepared","Double Energy","Eviscerate","Cloak And Dagger","Footwork","WindmillStrike","Flying Knee","Iron Wave","Protect","Perfected Strike","Calculated Gamble","True Grit","Deflect","Prostrate"],"picked":"Acrobatics","floor":19},{"not_picked":["Worship","Aggregate"],"picked":"Turbo+1","floor":20},{"not_picked":["Clothesline","Steam"],"picked":"Acrobatics+1","floor":22},{"not_picked":["Sucker Punch","Riddle With Holes","Halt"],"picked":"SKIP","floor":24},{"not_picked":["Crescendo","Judgement"],"picked":"Dodge and Roll+1","floor":27},{"not_picked":["Ball Lightning","Undo","Unload"],"picked":"SKIP","floor":29},{"not_picked":["Amplify","Hyperbeam"],"picked":"LessonLearned","floor":33},{"not_picked":["Endless Agony","Hello World"],"picked":"Coolheaded+1","floor":35},{"not_picked":["Barrage+1","Ball Lightning","Carnage"],"picked":"SKIP","floor":36},{"not_picked":["Melter","Leap","Headbutt"],"picked":"SKIP","floor":37},{"not_picked":["Consecrate","Sucker Punch"],"picked":"BootSequence+1","floor":40},{"not_picked":["Pummel","Evaluate","Cleave"],"picked":"SKIP","floor":45},{"not_picked":["Sever Soul+1","Streamline","SignatureMove"],"picked":"SKIP","floor":46},{"not_picked":["Poisoned Stab+1","Self Repair"],"picked":"Beam Cell+1","floor":48},{"not_picked":["Dark Embrace+1","Brilliance+1"],"picked":"Wallop+1","floor":55}],"player_experience":1634878,"relics_obtained":[{"floor":3,"key":"Bronze Scales"},{"floor":6,"key":"Matryoshka"},{"floor":8,"key":"TungstenRod"},{"floor":9,"key":"Centennial Puzzle"},{"floor":9,"key":"Lantern"},{"floor":14,"key":"Snake Skull"},{"floor":24,"key":"Orichalcum"},{"floor":26,"key":"PreservedInsect"},{"floor":26,"key":"InkBottle"},{"floor":29,"key":"Du-Vu Doll"},{"floor":34,"key":"MealTicket"},{"floor":34,"key":"Sundial"},{"floor":34,"key":"Lizard Tail"},{"floor":40,"key":"CeramicFish"},{"floor":48,"key":"Molten Egg 2"},{"floor":55,"key":"Pen Nib"}],"event_choices":[{"damage_healed":0,"gold_gain":0,"player_choice":"Searched \u00272\u0027 times","damage_taken":0,"relics_obtained":["Smiling Mask"],"max_hp_gain":0,"max_hp_loss":0,"event_name":"Dead Adventurer","floor":13,"gold_loss":0},{"damage_healed":0,"gold_gain":0,"player_choice":"Read","damage_taken":0,"max_hp_gain":0,"max_hp_loss":0,"event_name":"The Library","floor":19,"gold_loss":0,"cards_obtained":["Acrobatics"]},{"damage_healed":0,"gold_gain":0,"player_choice":"Shed Blood","damage_taken":23,"max_hp_gain":5,"max_hp_loss":0,"event_name":"Forgotten Altar","floor":21,"gold_loss":0},{"damage_healed":0,"gold_gain":0,"player_choice":"Ignored","damage_taken":0,"max_hp_gain":0,"max_hp_loss":0,"event_name":"Ghosts","floor":30,"gold_loss":0},{"damage_healed":0,"gold_gain":0,"player_choice":"Forge","damage_taken":0,"max_hp_gain":0,"max_hp_loss":0,"event_name":"Accursed Blacksmith","floor":31,"gold_loss":0,"cards_upgraded":["Acrobatics"]},{"cards_removed":["LessonLearned"],"damage_healed":0,"gold_gain":0,"player_choice":"Removed Attack","damage_taken":0,"max_hp_gain":0,"max_hp_loss":0,"event_name":"Falling","floor":39,"gold_loss":0},{"damage_healed":0,"gold_gain":0,"cards_transformed":["Protect"],"player_choice":"Transformed","damage_taken":0,"max_hp_gain":0,"max_hp_loss":0,"event_name":"Transmorgrifier","floor":41,"gold_loss":0,"cards_obtained":["Tactician"]}],"is_beta":false,"boss_relics":[{"not_picked":["Philosopher\u0027s Stone","Sozu"],"picked":"Coffee Dripper"},{"not_picked":["SlaversCollar","Tiny House"],"picked":"Calling Bell"}],"items_purged_floors":[],"is_endless":false,"potions_floor_spawned":[1,11,13,14,16,20,22,27,36,37,40,48,55],"ascension_level":20,"potion_discard_per_floor":[[],[],[],[],[],[],[],[],[],[],[],[],["Regen Potion"],[],[],[],[],[],[],[],[],[],[],[],[],[],[],[],[],[],[],[],[],[],[],["AttackPotion"],[],[],[],[],[],[],[],[],[],[],[],[],[],[],[],[],[],[],[],[],[]]}