{"neow_bonuses_skipped_log":["TRANSFORM_CARD","THREE_ENEMY_KILL","BOSS_RELIC"],"potions_obtained_entropic_brew":[[],[],[],[],[],[],[],[],[],[],[],[],[],[],[],[],[],[],[],[],[],[],[],[],[],[],[]],"neow_costs_skipped_log":["NONE","NONE","NONE"],"gold_per_floor":[109,89,106,118,33,60,60,60,84,103,118,449,469,489,489,560,560,572,591,605,616,213,213,238,238,238,238],"floor_reached":27,"playtime":1046,"items_purged":["Strike_G"],"score":519,"play_id":"6fa86192-3221-4fb3-b077-c583c2a3afdd","local_time":"20230408163305","score_breakdown":["Floors Climbed (27): 135","Enemies Slain (11): 22","Exordium Elites Killed (2): 20","City Elites Killed (1): 20","Bosses Slain (1): 50","Collector (1): 25","Ascension (20): 247"],"is_ascension_mode":true,"potions_obtained_alchemize":[[],[],[],[],[],[],[],[],[],[],[],[],[],[],[],[],[],[],[],[],[],[],[],[],[],[],[]],"campfire_choices":[{"data":"Envenom","floor":7,"key":"SMITH"},{"floor":15,"key":"REST"},{"floor":23,"key":"REST"}],"lesson_learned_per_floor":[[],[],[],[],[],[],[],[],[],[],[],[],[],[],[],[],[],[],[],[],[],[],[],[],[],[],[]],"neow_cost":"PERCENT_DAMAGE","improvable_cards":{},"seed_source_timestamp":653507206531700,"shop_contents":[{"floor":5,"relics":["Shuriken","Kunai","Medical Kit"],"cards":["Unload","Dagger Throw","PiercingWail","Deadly Poison","Good Instincts","Chrysalis"],"potions":["Ancient Potion","Swift Potion","Weak Potion"]},{"floor":22,"relics":["Whetstone","Boot","PrismaticShard"],"cards":["Dagger Spray","Flying Knee","Tactician","Magnetism"],"potions":["BlessingOfTheForge","EssenceOfSteel"]}],"circlet_count":0,"master_deck":["AscendersBane","Defend_G","Defend_G","Defend_G","Defend_G","Defend_G","Survivor","Neutralize","Sadistic Nature","Choke","All Out Attack","Backstab","Envenom+1","Blade Dance","Bouncing Flask","PiercingWail","Cloak And Dagger","After Image","Expertise","Acrobatics","Deflect","Footwork","Footwork","Leg Sweep","Dark Shackles","PiercingWail+1","Bite","Bite","Bite","Bite","Bite"],"potion_use_per_floor":[[],[],[],[],[],["LiquidMemories"],[],[],[],[],[],["DuplicationPotion"],[],[],[],["Dexterity Potion"],[],[],["SkillPotion"],["GamblersBrew"],["FairyPotion"],[],[],["SkillPotion"],[],[],["Swift Potion"]],"relics":["Ring of the Snake","Art of War","Vajra","Old Coin","SlaversCollar","Anchor","HornCleat"],"potions_floor_usage":[6,12,16,19,20,24,27],"damage_taken":[{"damage":0,"enemies":"Jaw Worm","floor":1,"turns":5},{"damage":0,"enemies":"Cultist","floor":3,"turns":4},{"damage":4,"enemies":"2 Louse","floor":4,"turns":3},{"damage":7,"enemies":"Lagavulin","floor":6,"turns":5},{"damage":0,"enemies":"Large Slime","floor":10,"turns":2},{"damage":4,"enemies":"Red Slaver","floor":11,"turns":2},{"damage":12,"enemies":"3 Sentries","floor":12,"turns":4},{"damage":1,"enemies":"Blue Slaver","floor":13,"turns":3},{"damage":15,"enemies":"Large Slime","floor":14,"turns":5},{"damage":4,"enemies":"The Guardian","floor":16,"turns":9},{"damage":20,"enemies":"Spheric Guardian","floor":18,"turns":5},{"damage":8,"enemies":"3 Byrds","floor":19,"turns":5},{"damage":15,"enemies":"Snake Plant","floor":20,"turns":4},{"damage":21,"enemies":"Centurion and Healer","floor":21,"turns":8},{"damage":7,"enemies":"Slavers","floor":24,"turns":4},{"damage":27,"enemies":"Chosen and Byrds","floor":27,"turns":7}],"seed_played":"5177829752355419288","neow_bonus_log":{"cardsObtained":[],"cardsUpgraded":[],"cardsRemoved":[],"cardsTransformed":[],"relicsObtained":[],"maxHpGained":0,"goldGained":0,"damageTaken":15,"goldLost":0,"maxHpLost":0},"potions_obtained":[{"floor":1,"key":"SkillPotion"},{"floor":2,"key":"DuplicationPotion"},{"floor":4,"key":"LiquidMemories"},{"floor":10,"key":"Dexterity Potion"},{"floor":14,"key":"GamblersBrew"},{"floor":18,"key":"SkillPotion"},{"floor":20,"key":"FairyPotion"},{"floor":21,"key":"Swift Potion"}],"is_trial":false,"path_per_floor":["M","?","M","M","$","E","R","?","T","M","M","E","M","M","R","B",null,"M","M","M","M","$","R","E","?","T","M"],"character_chosen":"THE_SILENT","basemod:card_modifiers":[null,null,null,null,null,null,null,null,null,null,null,null,null,null,null,null,null,null,null,null,null,null,null,null,null,null,null,null,null,null,null],"items_purchased":["Envenom","Footwork","Leg Sweep","Dark Shackles","SkillPotion"],"campfire_rested":2,"item_purchase_floors":[5,22,22,22,22],"current_hp_per_floor":[44,44,44,40,40,33,33,33,33,33,29,17,16,1,20,16,54,34,26,11,9,9,28,21,21,21,0],"gold":238,"neow_bonus":"RANDOM_COLORLESS_2","is_prod":false,"is_daily":false,"rewards_skipped":[{"floor":3,"relics":[],"potions":["SmokeBomb"]}],"chose_seed":false,"campfire_upgraded":1,"win_rate":0,"floor_exit_playtime":[53,58,95,139,146,199,207,212,214,244,269,333,362,417,420,522,540,598,678,740,842,861,864,942,948,950],"timestamp":1680985985,"path_taken":["M","?","M","M","?","E","R","?","T","M","M","E","M","M","R","BOSS","M","M","M","M","$","R","E","?","T","M"],"build_version":"2022-12-18","purchased_purges":1,"victory":false,"max_hp_per_floor":[66,66,66,66,66,66,66,66,66,66,66,66,66,66,66,66,66,66,66,66,66,66,66,66,46,46,46],"relic_stats":{"counters":[16,75],"Art of War":[6],"obtain_stats":[{"SlaversCollar":17,"Anchor":24,"HornCleat":26,"Vajra":9,"Art of War":6,"Ring of the Snake":0,"Old Coin":12},{"SlaversCollar":10,"Anchor":15,"HornCleat":15,"Vajra":4,"Art of War":4,"Ring of the Snake":0,"Old Coin":7},{"SlaversCollar":42,"Anchor":68,"HornCleat":68,"Vajra":17,"Art of War":17,"Ring of the Snake":0,"Old Coin":25}],"Ring of the Snake":[32]},"card_choices":[{"not_picked":["Master of Strategy","The Bomb"],"picked":"Sadistic Nature","floor":0},{"not_picked":["Bane","Flying Knee"],"picked":"Choke","floor":1},{"not_picked":["Calculated Gamble","Flechettes"],"picked":"All Out Attack","floor":3},{"not_picked":["Deadly Poison","Flying Knee"],"picked":"Backstab","floor":4},{"not_picked":["Dagger Spray","Dash"],"picked":"Blade Dance","floor":6},{"not_picked":["Flying Knee","Poisoned Stab","Slice"],"picked":"SKIP","floor":10},{"not_picked":["Choke","Prepared","Slice"],"picked":"SKIP","floor":11},{"not_picked":["Escape Plan","Concentrate"],"picked":"Bouncing Flask","floor":12},{"not_picked":["Cloak And Dagger","Skewer"],"picked":"PiercingWail","floor":13},{"not_picked":["Deadly Poison","Doppelganger"],"picked":"Cloak And Dagger","floor":14},{"not_picked":["Tools of the Trade","Venomology"],"picked":"After Image","floor":16},{"not_picked":["Outmaneuver","Cloak And Dagger"],"picked":"Expertise","floor":18},{"not_picked":["Sucker Punch","Outmaneuver+1"],"picked":"Acrobatics","floor":19},{"not_picked":["Dagger Spray","Backflip"],"picked":"Deflect","floor":20},{"not_picked":["Heel Hook","Choke"],"picked":"Footwork","floor":21},{"not_picked":["Slice","Skewer"],"picked":"PiercingWail+1","floor":24}],"player_experience":1656118,"relics_obtained":[{"floor":6,"key":"Art of War"},{"floor":9,"key":"Vajra"},{"floor":12,"key":"Old Coin"},{"floor":24,"key":"Anchor"},{"floor":26,"key":"HornCleat"}],"event_choices":[{"damage_healed":0,"gold_gain":0,"player_choice":"Bought 1 Potion","damage_taken":0,"max_hp_gain":0,"max_hp_loss":0,"event_name":"The Woman in Blue","floor":2,"gold_loss":0},{"damage_healed":0,"gold_gain":0,"player_choice":"Searched \u00270\u0027 times","damage_taken":0,"max_hp_gain":0,"max_hp_loss":0,"event_name":"Dead Adventurer","floor":8,"gold_loss":0},{"damage_healed":0,"gold_gain":0,"player_choice":"Became a vampire","damage_taken":0,"max_hp_gain":0,"max_hp_loss":20,"event_name":"Vampires","floor":25,"gold_loss":0,"cards_obtained":["Bite","Bite","Bite","Bite","Bite"]}],"is_beta":false,"boss_relics":[{"not_picked":["Snecko Eye","Velvet Choker"],"picked":"SlaversCollar"}],"items_purged_floors":[22],"is_endless":false,"potions_floor_spawned":[1,3,4,10,14,18,20,21],"killed_by":"Chosen and Byrds","ascension_level":20,"potion_discard_per_floor":[[],[],[],["SkillPotion"],[],[],[],[],[],[],[],[],[],[],[],[],[],[],[],[],[],[],[],[],[],[],[]]}