{"neow_bonuses_skipped_log":["THREE_CARDS","THREE_SMALL_POTIONS","BOSS_RELIC"],"neow_costs_skipped_log":["NONE","NONE","NONE"],"potions_obtained_entropic_brew":[[],[],[],[],[],[],[],[],[],[],[],[],[],[],[],[],[],[],[],[],[],[],[]],"gold_per_floor":[114,39,49,63,77,77,90,110,137,155,184,234,265,282,282,356,356,375,31,45,63,63,63],"floor_reached":23,"playtime":947,"items_purged":["Shame"],"score":414,"play_id":"50feebe6-3843-4620-b474-f9e87678f6d6","local_time":"20230414115742","score_breakdown":["Floors Climbed (23): 115","Enemies Slain (11): 22","Exordium Elites Killed (2): 20","City Elites Killed (0): 0","Bosses Slain (1): 50","Ascension (20): 207"],"is_ascension_mode":true,"potions_obtained_alchemize":[[],[],[],[],[],[],[],[],[],[],[],[],[],[],[],[],[],[],[],[],[],[],[]],"campfire_choices":[{"data":"Predator","floor":6,"key":"SMITH"},{"floor":15,"key":"REST"}],"lesson_learned_per_floor":[[],[],[],[],[],[],[],[],[],[],[],[],[],[],[],[],[],[],[],[],[],[],[]],"neow_cost":"CURSE","improvable_cards":{},"seed_source_timestamp":202151479611100,"shop_contents":[{"floor":2,"relics":["Dream Catcher","Question Card","TwistedFunnel"],"cards":["Dagger Spray","Eviscerate","Outmaneuver","PiercingWail","Infinite Blades","Dark Shackles","Sadistic Nature"],"potions":["GhostInAJar","SpeedPotion","LiquidMemories"]},{"floor":19,"relics":["Gremlin Horn","DollysMirror"],"cards":["Endless Agony","Skewer","Deadly Poison","Reflex","Infinite Blades","Swift Strike","Thinking Ahead"],"potions":["FearPotion","LiquidBronze","Energy Potion"]}],"circlet_count":0,"master_deck":["AscendersBane","Strike_G+1","Strike_G","Strike_G","Strike_G","Strike_G","Defend_G","Defend_G","Defend_G","Defend_G","Defend_G","Survivor+1","Neutralize+1","Poisoned Stab","All Out Attack","Predator+1","Bouncing Flask","Blade Dance+1","Footwork","PiercingWail","Malaise","Prepared","Well Laid Plans+1"],"potion_use_per_floor":[[],[],[],[],[],[],[],["CunningPotion"],[],[],["DuplicationPotion"],[],["Explosive Potion"],[],[],[],[],[],[],["LiquidBronze"],["BlessingOfTheForge"],[],[]],"relics":["Ring of the Snake","Turnip","War Paint","HornCleat","Whetstone","HoveringKite","Gambling Chip","Lantern"],"potions_floor_usage":[8,11,13,20,21],"damage_taken":[{"damage":6,"enemies":"Cultist","floor":1,"turns":4},{"damage":0,"enemies":"Small Slimes","floor":3,"turns":4},{"damage":2,"enemies":"Jaw Worm","floor":4,"turns":4},{"damage":9,"enemies":"Lots of Slimes","floor":5,"turns":5},{"damage":0,"enemies":"2 Fungi Beasts","floor":7,"turns":2},{"damage":7,"enemies":"Gremlin Gang","floor":8,"turns":2},{"damage":0,"enemies":"Looter","floor":10,"turns":2},{"damage":14,"enemies":"Lagavulin","floor":11,"turns":4},{"damage":10,"enemies":"3 Sentries","floor":13,"turns":3},{"damage":3,"enemies":"3 Louse","floor":14,"turns":4},{"damage":20,"enemies":"The Guardian","floor":16,"turns":11},{"damage":35,"enemies":"2 Thieves","floor":18,"turns":5},{"damage":3,"enemies":"3 Byrds","floor":20,"turns":5},{"damage":4,"enemies":"Snake Plant","floor":21,"turns":6},{"damage":13,"enemies":"Slavers","floor":23,"turns":1}],"seed_played":"8871443841098141139","neow_bonus_log":{"cardsObtained":["Shame"],"cardsUpgraded":[],"cardsRemoved":[],"cardsTransformed":[],"relicsObtained":["Turnip"],"maxHpGained":0,"goldGained":0,"damageTaken":0,"goldLost":0,"maxHpLost":0},"potions_obtained":[{"floor":3,"key":"Dexterity Potion"},{"floor":4,"key":"DuplicationPotion"},{"floor":5,"key":"CunningPotion"},{"floor":8,"key":"LiquidBronze"},{"floor":11,"key":"Explosive Potion"},{"floor":14,"key":"Ancient Potion"},{"floor":20,"key":"BlessingOfTheForge"}],"is_trial":false,"path_per_floor":["M","$","M","M","M","R","M","M","T","M","E","?","E","M","R","B",null,"M","$","M","M","?","E"],"character_chosen":"THE_SILENT","basemod:card_modifiers":[null,null,null,null,null,null,null,null,null,null,null,null,null,null,null,null,null,null,null,null,null,null,null],"items_purchased":["Gambling Chip"],"campfire_rested":1,"item_purchase_floors":[19],"current_hp_per_floor":[53,53,53,51,42,42,42,35,35,35,21,21,11,8,27,7,51,16,16,13,9,9,0],"gold":63,"neow_bonus":"ONE_RARE_RELIC","is_prod":false,"is_daily":false,"rewards_skipped":[{"floor":16,"relics":[],"potions":["Weak Potion"]}],"chose_seed":false,"campfire_upgraded":1,"win_rate":0,"floor_exit_playtime":[40,48,73,133,189,195,219,270,274,302,353,358,395,472,475,601,626,684,694,819,901,915],"timestamp":1681487862,"path_taken":["M","$","M","M","M","R","M","?","T","M","E","?","E","?","R","BOSS","M","$","M","M","?","E"],"build_version":"2022-12-18","purchased_purges":1,"victory":false,"max_hp_per_floor":[66,66,66,66,66,66,66,66,66,66,66,66,66,66,66,66,66,66,66,66,66,66,66],"relic_stats":{"counters":[15,62],"Gambling Chip":[20],"HoveringKite":[5],"Turnip":[7],"Whetstone":["Strike_G","Neutralize"],"War Paint":["Survivor","Blade Dance"],"obtain_stats":[{"Lantern":22,"HornCleat":11,"Gambling Chip":19,"HoveringKite":17,"Turnip":0,"Whetstone":13,"War Paint":9,"Ring of the Snake":0},{"Lantern":14,"HornCleat":8,"Gambling Chip":12,"HoveringKite":11,"Turnip":0,"Whetstone":9,"War Paint":6,"Ring of the Snake":0},{"Lantern":61,"HornCleat":27,"Gambling Chip":50,"HoveringKite":45,"Turnip":0,"Whetstone":30,"War Paint":21,"Ring of the Snake":0}],"Ring of the Snake":[30]},"card_choices":[{"not_picked":["Deflect","Concentrate","Bane"],"picked":"SKIP","floor":1},{"not_picked":["Leg Sweep","Prepared"],"picked":"Poisoned Stab","floor":3},{"not_picked":["Envenom","Dagger Throw"],"picked":"All Out Attack","floor":4},{"not_picked":["Flechettes","Footwork"],"picked":"Predator","floor":5},{"not_picked":["Reflex","PiercingWail"],"picked":"Bouncing Flask","floor":7},{"not_picked":["Tactician","Bane"],"picked":"Blade Dance","floor":8},{"not_picked":["Outmaneuver","Acrobatics","Blur"],"picked":"SKIP","floor":10},{"not_picked":["Caltrops","Underhanded Strike","PiercingWail"],"picked":"SKIP","floor":11},{"not_picked":["Dash","Underhanded Strike"],"picked":"Footwork","floor":13},{"not_picked":["Slice","Underhanded Strike"],"picked":"PiercingWail","floor":14},{"not_picked":["Envenom","A Thousand Cuts"],"picked":"Malaise","floor":16},{"not_picked":["Reflex","Backflip"],"picked":"Prepared","floor":18},{"not_picked":["Riddle With Holes","Finisher"],"picked":"Well Laid Plans+1","floor":20},{"not_picked":["Sucker Punch","Deflect","Outmaneuver"],"picked":"SKIP","floor":21}],"player_experience":1780387,"relics_obtained":[{"floor":9,"key":"War Paint"},{"floor":11,"key":"HornCleat"},{"floor":13,"key":"Whetstone"},{"floor":22,"key":"Lantern"}],"event_choices":[{"damage_healed":0,"gold_gain":50,"player_choice":"Pray","damage_taken":0,"max_hp_gain":0,"max_hp_loss":0,"event_name":"Golden Shrine","floor":12,"gold_loss":0},{"damage_healed":0,"gold_gain":0,"player_choice":"Relic","damage_taken":0,"max_hp_gain":0,"max_hp_loss":0,"event_name":"Wheel of Change","floor":22,"gold_loss":0}],"is_beta":false,"boss_relics":[{"not_picked":["Runic Pyramid","SlaversCollar"],"picked":"HoveringKite"}],"items_purged_floors":[2],"is_endless":false,"potions_floor_spawned":[3,4,5,8,11,14,16,20],"killed_by":"Slavers","ascension_level":20,"potion_discard_per_floor":[[],[],[],[],["Dexterity Potion"],[],[],[],[],[],[],[],[],[],[],[],[],[],[],[],[],[],[]]}