{"neow_bonuses_skipped_log":["RANDOM_COLORLESS","THREE_ENEMY_KILL","BOSS_RELIC"],"neow_costs_skipped_log":["NONE","NONE","NONE"],"potions_obtained_entropic_brew":[[],[],[],[],[],[],[],[],[],[],[],[],[],[],[],[],[],[],[],[],[],[],[],[],["Energy Potion","Weak Potion"],[],[],[],[],[],[],[],[]],"gold_per_floor":[119,119,134,7,17,17,17,46,95,120,138,138,172,189,189,266,266,277,277,127,140,55,87,87,117,117,134,134,134,146,146,146,146],"floor_reached":33,"playtime":2173,"items_purged":["Dagger Spray"],"score":606,"play_id":"2ff577f5-8d1c-47b3-ac93-e9a1482c2bc7","local_time":"20230410202046","score_breakdown":["Floors Climbed (33): 165","Enemies Slain (9): 18","Exordium Elites Killed (3): 30","City Elites Killed (2): 40","Bosses Slain (1): 50","Ascension (20): 303"],"is_ascension_mode":true,"potions_obtained_alchemize":[[],[],[],[],[],[],[],[],[],[],[],[],[],[],[],[],[],[],[],[],[],[],[],[],[],[],[],[],[],[],[],[],[]],"campfire_choices":[{"data":"Acrobatics","floor":6,"key":"SMITH"},{"data":"Prepared","floor":12,"key":"SMITH"},{"data":"Noxious Fumes","floor":15,"key":"SMITH"},{"floor":24,"key":"REST"},{"data":"Calculated Gamble","floor":28,"key":"SMITH"},{"floor":32,"key":"REST"}],"lesson_learned_per_floor":[[],[],[],[],[],[],[],[],[],[],[],[],[],[],[],[],[],[],[],[],[],[],[],[],[],[],[],[],[],[],[],[],[]],"neow_cost":"TEN_PERCENT_HP_LOSS","improvable_cards":{},"seed_source_timestamp":838842332422300,"shop_contents":[{"floor":4,"relics":["StrikeDummy","Whetstone","PrismaticShard"],"cards":["Endless Agony","Heel Hook","Blur","Dodge and Roll","Trip","Master of Strategy"],"potions":["FearPotion","DistilledChaos"]},{"floor":20,"relics":["InkBottle","Oddly Smooth Stone","HandDrill"],"cards":["Dagger Throw","Poisoned Stab","Deadly Poison","Accuracy","Forethought","Transmutation"],"potions":["Fire Potion","Weak Potion","Poison Potion"]}],"circlet_count":0,"master_deck":["AscendersBane","Survivor","Neutralize","Dagger Throw+1","Grand Finale","Blade Dance","Noxious Fumes+1","Acrobatics+1","Reflex","Prepared+1","Predator","Grand Finale","Eviscerate","Bouncing Flask","Setup","Corpse Explosion","Tactician","Prepared","Heel Hook","Calculated Gamble+1","Tactician","PiercingWail","Deflect"],"potion_use_per_floor":[[],[],[],[],[],[],[],["LiquidMemories"],[],["GhostInAJar"],[],[],["SkillPotion"],[],[],["Block Potion"],[],[],[],[],[],[],["BlessingOfTheForge","EssenceOfSteel"],[],["EntropicBrew","Energy Potion"],[],[],[],[],[],[],[],["Weak Potion","SteroidPotion"]],"relics":["Ring of the Snake","Bag of Marbles","Bronze Scales","Eternal Feather","Bird Faced Urn","Pandora\u0027s Box","White Beast Statue","Kunai","MealTicket","Ginger","Turnip"],"potions_floor_usage":[8,10,13,16,23,23,25,25,33,33],"damage_taken":[{"damage":0,"enemies":"2 Louse","floor":1,"turns":4},{"damage":0,"enemies":"Small Slimes","floor":3,"turns":3},{"damage":0,"enemies":"Jaw Worm","floor":5,"turns":3},{"damage":3,"enemies":"Gremlin Nob","floor":8,"turns":3},{"damage":15,"enemies":"3 Sentries","floor":10,"turns":6},{"damage":6,"enemies":"Looter","floor":11,"turns":2},{"damage":7,"enemies":"Lagavulin","floor":13,"turns":3},{"damage":0,"enemies":"Lots of Slimes","floor":14,"turns":2},{"damage":13,"enemies":"Hexaghost","floor":16,"turns":9},{"damage":21,"enemies":"Shell Parasite","floor":18,"turns":2},{"damage":0,"enemies":"Chosen","floor":21,"turns":2},{"damage":21,"enemies":"Slavers","floor":23,"turns":2},{"damage":7,"enemies":"Gremlin Leader","floor":25,"turns":5},{"damage":0,"enemies":"Snake Plant","floor":27,"turns":3},{"damage":30,"enemies":"Shelled Parasite and Fungi","floor":30,"turns":4},{"damage":70,"enemies":"Automaton","floor":33,"turns":6}],"seed_played":"-6448960251562926963","neow_bonus_log":{"cardsObtained":["Dagger Throw","Grand Finale"],"cardsUpgraded":[],"cardsRemoved":[],"cardsTransformed":["Strike_G","Defend_G"],"relicsObtained":[],"maxHpGained":0,"goldGained":0,"damageTaken":0,"goldLost":0,"maxHpLost":6},"potions_obtained":[{"floor":8,"key":"GhostInAJar"},{"floor":10,"key":"Explosive Potion"},{"floor":11,"key":"SkillPotion"},{"floor":14,"key":"Block Potion"},{"floor":18,"key":"EssenceOfSteel"},{"floor":21,"key":"BlessingOfTheForge"},{"floor":23,"key":"EntropicBrew"},{"floor":25,"key":"Poison Potion"},{"floor":27,"key":"SteroidPotion"}],"is_trial":false,"path_per_floor":["M","?","M","$","M","R","?","E","T","E","M","R","E","M","R","B",null,"M","?","$","M","?","E","R","E","T","M","R","?","M","?","R","B"],"character_chosen":"THE_SILENT","basemod:card_modifiers":[null,null,null,null,null,null,null,null,null,null,null,null,null,null,null,null,null,null,null,null,null,null,null],"items_purchased":["Noxious Fumes","LiquidMemories","Tactician"],"campfire_rested":2,"item_purchase_floors":[4,4,20],"current_hp_per_floor":[59,41,41,41,41,41,36,33,33,18,12,21,14,16,28,17,49,28,28,28,30,30,9,39,34,34,36,48,42,12,12,42,0],"gold":146,"neow_bonus":"TRANSFORM_TWO_CARDS","is_prod":false,"is_daily":false,"rewards_skipped":[{"floor":30,"relics":[],"potions":["EssenceOfSteel"]}],"chose_seed":false,"campfire_upgraded":4,"win_rate":0,"floor_exit_playtime":[94,97,131,153,208,214,219,274,286,505,542,551,691,726,737,1058,1092,1159,1193,1219,1299,1302,1407,1412,1594,1597,1699,1714,1726,1894,1905,1908],"timestamp":1681172446,"path_taken":["M","?","M","$","M","R","?","E","T","E","M","R","E","M","R","BOSS","M","?","$","M","?","E","R","E","T","M","R","?","?","?","R","BOSS"],"build_version":"2022-12-18","purchased_purges":1,"victory":false,"max_hp_per_floor":[60,60,60,60,60,60,60,60,60,60,60,60,60,60,60,60,60,60,60,60,60,60,60,60,60,60,60,60,60,60,60,60,60],"relic_stats":{"counters":[16,59],"Bronze Scales":[137],"Bird Faced Urn":[12],"Eternal Feather":57,"Pandora\u0027s Box":["Choke","All Out Attack","Eviscerate","Bouncing Flask","Setup","Corpse Explosion","Tactician","Prepared"],"MealTicket":0,"Turnip":[0],"Kunai":[10],"Ginger":[2],"obtain_stats":[{"Bronze Scales":9,"Bird Faced Urn":13,"Eternal Feather":10,"Pandora\u0027s Box":17,"MealTicket":25,"Turnip":31,"Bag of Marbles":8,"Kunai":23,"Ginger":26,"White Beast Statue":22,"Ring of the Snake":0},{"Bronze Scales":4,"Bird Faced Urn":7,"Eternal Feather":5,"Pandora\u0027s Box":9,"MealTicket":13,"Turnip":15,"Bag of Marbles":4,"Kunai":12,"Ginger":13,"White Beast Statue":11,"Ring of the Snake":0},{"Bronze Scales":13,"Bird Faced Urn":24,"Eternal Feather":19,"Pandora\u0027s Box":35,"MealTicket":46,"Turnip":53,"Bag of Marbles":13,"Kunai":41,"Ginger":46,"White Beast Statue":39,"Ring of the Snake":0}],"White Beast Statue":[0.010400000000000003,0.0,0.26160000000000005,0.0,0.56,0.0,0.16800000000000004,0.0,0.0,0.0,0.0,1.1144000000000003],"Ring of the Snake":[32]},"card_choices":[{"not_picked":["Deadly Poison","Cloak And Dagger"],"picked":"Dagger Spray","floor":1},{"not_picked":["Outmaneuver","Dagger Throw"],"picked":"Blade Dance","floor":3},{"not_picked":["Flying Knee","Catalyst"],"picked":"Acrobatics","floor":5},{"not_picked":["Grand Finale","Slice"],"picked":"Reflex","floor":8},{"not_picked":["Slice","PiercingWail","Bane"],"picked":"SKIP","floor":10},{"not_picked":["Dodge and Roll","Sucker Punch"],"picked":"Prepared","floor":11},{"not_picked":["Choke","Skewer","PiercingWail"],"picked":"SKIP","floor":13},{"not_picked":["Choke","Skewer","PiercingWail"],"picked":"SKIP","floor":13},{"not_picked":["Leg Sweep","Outmaneuver"],"picked":"Predator","floor":14},{"not_picked":["A Thousand Cuts","Storm of Steel"],"picked":"Grand Finale","floor":16},{"not_picked":["Predator","Outmaneuver","Quick Slash"],"picked":"SKIP","floor":18},{"not_picked":["Deflect","PiercingWail"],"picked":"Concentrate","floor":21},{"not_picked":["Crippling Poison","Sucker Punch"],"picked":"PiercingWail","floor":23},{"not_picked":["Slice","Bouncing Flask","Heel Hook"],"picked":"SKIP","floor":25},{"not_picked":["Sucker Punch","Prepared","Footwork"],"picked":"SKIP","floor":27},{"not_picked":["Blade Dance","Terror"],"picked":"Deflect","floor":30}],"player_experience":1675591,"relics_obtained":[{"floor":8,"key":"Bag of Marbles"},{"floor":9,"key":"Bronze Scales"},{"floor":10,"key":"Eternal Feather"},{"floor":13,"key":"Bird Faced Urn"},{"floor":23,"key":"Kunai"},{"floor":25,"key":"MealTicket"},{"floor":26,"key":"Ginger"}],"event_choices":[{"damage_healed":0,"gold_gain":0,"player_choice":"Entered Light","damage_taken":18,"max_hp_gain":0,"max_hp_loss":0,"event_name":"Shining Light","floor":2,"gold_loss":0,"cards_upgraded":["Dagger Throw","Defend_G"]},{"damage_healed":0,"gold_gain":0,"player_choice":"Fled","damage_taken":5,"max_hp_gain":0,"max_hp_loss":0,"event_name":"Scrap Ooze","floor":7,"gold_loss":0},{"damage_healed":0,"gold_gain":0,"cards_transformed":["Choke","All Out Attack"],"player_choice":"Became Test Subject","damage_taken":0,"max_hp_gain":0,"max_hp_loss":0,"event_name":"Drug Dealer","floor":19,"gold_loss":0,"cards_obtained":["Heel Hook","Calculated Gamble"]},{"damage_healed":0,"gold_gain":0,"player_choice":"Obtained Relic","damage_taken":0,"relics_obtained":["White Beast Statue"],"max_hp_gain":0,"max_hp_loss":0,"event_name":"Addict","floor":22,"gold_loss":85},{"damage_healed":0,"gold_gain":0,"player_choice":"","damage_taken":6,"max_hp_gain":0,"max_hp_loss":0,"event_name":"Knowing Skull","floor":29,"potions_obtained":[],"gold_loss":0,"cards_obtained":[]},{"cards_removed":["Concentrate"],"damage_healed":0,"gold_gain":0,"player_choice":"Gave Card","damage_taken":0,"relics_obtained":["Turnip"],"max_hp_gain":0,"max_hp_loss":0,"event_name":"WeMeetAgain","floor":31,"gold_loss":0}],"is_beta":false,"boss_relics":[{"not_picked":["Coffee Dripper","Velvet Choker"],"picked":"Pandora\u0027s Box"}],"items_purged_floors":[20],"is_endless":false,"potions_floor_spawned":[8,10,11,14,18,21,23,25,27,30],"killed_by":"Automaton","ascension_level":20,"potion_discard_per_floor":[[],[],[],[],[],[],[],[],[],[],[],[],[],[],[],[],[],[],[],[],["Explosive Potion"],[],[],[],[],[],["Poison Potion"],[],[],[],[],[],[]]}