{"neow_bonuses_skipped_log":["REMOVE_CARD","HUNDRED_GOLD","BOSS_RELIC"],"neow_costs_skipped_log":["NONE","NONE","NONE"],"potions_obtained_entropic_brew":[[],[],[]],"gold_per_floor":[15,15,31],"floor_reached":3,"playtime":99,"items_purged":[],"score":38,"play_id":"31b282c8-8fa8-4f52-9fea-4afd171ccd4e","local_time":"20230408205403","score_breakdown":["Floors Climbed (3): 15","Enemies Slain (2): 4","Exordium Elites Killed (0): 0","Bosses Slain (0): 0","Ascension (20): 19"],"is_ascension_mode":true,"potions_obtained_alchemize":[[],[],[]],"campfire_choices":[],"lesson_learned_per_floor":[[],[],[]],"neow_cost":"NO_GOLD","improvable_cards":{},"seed_source_timestamp":670113008719100,"shop_contents":[],"circlet_count":0,"master_deck":["AscendersBane","Strike_G","Strike_G","Strike_G","Strike_G","Defend_G","Defend_G","Defend_G","Defend_G","Survivor","Neutralize","Bouncing Flask","Blade Dance","Accuracy"],"potion_use_per_floor":[[],[],[]],"relics":["Ring of the Snake","GremlinMask"],"potions_floor_usage":[],"damage_taken":[{"damage":0,"enemies":"Cultist","floor":1,"turns":3},{"damage":4,"enemies":"Small Slimes","floor":3,"turns":4}],"seed_played":"-2156173793162757096","neow_bonus_log":{"cardsObtained":["Bouncing Flask","Blade Dance"],"cardsUpgraded":[],"cardsRemoved":[],"cardsTransformed":["Strike_G","Defend_G"],"relicsObtained":[],"maxHpGained":0,"goldGained":0,"damageTaken":0,"goldLost":99,"maxHpLost":0},"potions_obtained":[{"floor":1,"key":"Weak Potion"}],"is_trial":false,"path_per_floor":["M","?","M"],"character_chosen":"THE_SILENT","basemod:card_modifiers":[null,null,null,null,null,null,null,null,null,null,null,null,null,null],"items_purchased":[],"campfire_rested":0,"item_purchase_floors":[],"current_hp_per_floor":[59,59,55],"gold":31,"neow_bonus":"TRANSFORM_TWO_CARDS","is_prod":false,"is_daily":false,"rewards_skipped":[],"chose_seed":false,"campfire_upgraded":0,"win_rate":0,"floor_exit_playtime":[55,61],"timestamp":1681001643,"path_taken":["M","?","M"],"build_version":"2022-12-18","purchased_purges":0,"victory":false,"max_hp_per_floor":[66,66,66],"relic_stats":{"counters":[2,7],"obtain_stats":[{"GremlinMask":2,"Ring of the Snake":0},{"GremlinMask":1,"Ring of the Snake":0},{"GremlinMask":3,"Ring of the Snake":0}],"Ring of the Snake":[4]},"card_choices":[{"not_picked":["Infinite Blades","Bane"],"picked":"Accuracy","floor":1}],"player_experience":1660536,"relics_obtained":[],"event_choices":[{"damage_healed":0,"gold_gain":0,"player_choice":"Trade","damage_taken":0,"relics_obtained":["GremlinMask"],"max_hp_gain":0,"max_hp_loss":0,"event_name":"FaceTrader","floor":2,"gold_loss":0}],"is_beta":false,"boss_relics":[],"items_purged_floors":[],"is_endless":false,"potions_floor_spawned":[1],"killed_by":"Small Slimes","ascension_level":20,"potion_discard_per_floor":[[],[],[]]}