{"neow_bonuses_skipped_log":["UPGRADE_CARD","RANDOM_COLORLESS_2","BOSS_RELIC"],"potions_obtained_entropic_brew":[[],[],[],[],[],[],[],[],[],[],[],[],[],[],[],[],[],[],[],[],[],[],[],[],[],[],[],[],[],[],[],[],[],[],[],[],[],[],[],[],[],[],[],[],[],[],[],[],[],[],[],[],[],[],[],[],[]],"neow_costs_skipped_log":["NONE","CURSE","NONE"],"gold_per_floor":[211,211,21,35,46,46,57,82,82,82,382,411,411,429,429,503,503,522,542,300,215,235,235,260,272,324,340,206,240,240,254,254,330,330,343,111,111,13,13,13,38,38,61,93,93,121,173,188,188,188,188,188,188,27,58,58],"floor_reached":57,"playtime":4975,"items_purged":["Strike_G","Strike_G","Strike_G","Strike_G"],"score":2972,"play_id":"343b0e57-ec90-403f-bba8-c3f9b099e8b1","local_time":"20230409092328","falling_options_log":["Crippling Poison+1","After Image+1"],"score_breakdown":["Floors Climbed (57): 285","Enemies Slain (13): 26","Exordium Elites Killed (2): 20","City Elites Killed (2): 40","Beyond Elites Killed (3): 90","Bosses Slain (5): 750","Money Money (1201): 25","Librarian: 25","Champion (2): 50","Perfect (1): 50","Overkill: 25","Ascension (20): 1336","Heartbreaker: 250"],"is_ascension_mode":true,"potions_obtained_alchemize":[[],[],[],[],[],[],[],[],[],[],[],[],[],[],[],[],[],[],[],[],[],[],[],[],[],[],[],[],[],[],[],[],[],[],[],[],[],[],[],[],[],[],[],[],[],[],[],[],[],[],[],[],[],[],[],[],[]],"campfire_choices":[{"data":"Crippling Poison","floor":6,"key":"SMITH"},{"floor":10,"key":"REST"},{"data":"Acrobatics","floor":13,"key":"SMITH"},{"floor":15,"key":"REST"},{"data":"Calculated Gamble","floor":23,"key":"SMITH"},{"floor":30,"key":"REST"},{"data":"Flechettes","floor":32,"key":"SMITH"},{"data":"Calculated Gamble","floor":40,"key":"SMITH"},{"data":"Outmaneuver","floor":42,"key":"SMITH"},{"data":"Grand Finale","floor":45,"key":"SMITH"},{"floor":49,"key":"RECALL"},{"data":"Acrobatics","floor":53,"key":"SMITH"}],"lesson_learned_per_floor":[[],[],[],[],[],[],[],[],[],[],[],[],[],[],[],[],[],[],[],[],[],[],[],[],[],[],[],[],[],[],[],[],[],[],[],[],[],[],[],[],[],[],[],[],[],[],[],[],[],[],[],[],[],[],[],[],[]],"neow_cost":"NONE","improvable_cards":{},"seed_source_timestamp":710102661853100,"shop_contents":[{"floor":3,"relics":["Pocketwatch","Bird Faced Urn"],"cards":["Quick Slash","Riddle With Holes","Expertise","Wraith Form v2","Impatience","Secret Technique"],"potions":["LiquidBronze","LiquidBronze","SkillPotion"]},{"floor":20,"relics":["Bronze Scales","Nunchaku"],"cards":["Skewer","Dagger Throw","Deflect","Enlightenment","The Bomb"],"potions":["FairyPotion","Dexterity Potion"]},{"floor":28,"relics":["Mango","Ornamental Fan","HandDrill"],"cards":["Dagger Throw","Quick Slash","Distraction","Deadly Poison","Blind","Sadistic Nature+1"],"potions":["SkillPotion","LiquidMemories","CunningPotion"]},{"floor":36,"relics":["Anchor","Blood Vial","TwistedFunnel"],"cards":["Flechettes","Bane","Dramatic Entrance","Secret Weapon"],"potions":["DistilledChaos"]},{"floor":38,"relics":["Molten Egg 2","StoneCalendar","Chemical X"],"cards":["Poisoned Stab","Die Die Die","Prepared","PiercingWail","Forethought","Metamorphosis"],"potions":["CunningPotion","CunningPotion","ColorlessPotion"]},{"floor":54,"relics":["Happy Flower","Medical Kit"],"cards":["Slice","Flying Knee","Burst","Bullet Time","Noxious Fumes+1","Purity","Transmutation"],"potions":["Ancient Potion","Regen Potion","SteroidPotion"]}],"circlet_count":0,"master_deck":["AscendersBane","Strike_G","Defend_G","Defend_G","Defend_G","Defend_G","Survivor","Crippling Poison+1","Outmaneuver+1","Blade Dance","Acrobatics+1","Dagger Throw","Poisoned Stab","Dash","Masterful Stab","Calculated Gamble+1","Wraith Form v2+1","Acrobatics+1","Noxious Fumes+1","Leg Sweep","Dodge and Roll+1","Reflex","Crippling Poison","Reflex","Tools of the Trade+1","Flechettes+1","After Image+1","Dodge and Roll+1","Well Laid Plans+1","Acrobatics","Calculated Gamble+1","Footwork+1","Footwork+1","Grand Finale+1","Skewer","Outmaneuver"],"potion_use_per_floor":[[],[],[],[],[],[],[],["SneckoOil"],[],[],[],["Poison Potion","SpeedPotion"],[],[],[],[],[],[],[],[],[],[],[],[],[],[],[],[],["Fire Potion"],[],[],[],["GhostInAJar"],[],[],[],[],[],[],[],[],[],[],["SkillPotion"],[],[],["PowerPotion"],[],[],["EssenceOfSteel"],[],[],[],[],[],["Strength Potion"],[]],"relics":["Ring of the Snake","Membership Card","Frozen Egg 2","Mercury Hourglass","Old Coin","Gremlin Horn","Runic Dome","ClockworkSouvenir","Pantograph","Du-Vu Doll","Regal Pillow","CaptainsWheel","Philosopher\u0027s Stone","TungstenRod","Snake Skull","Oddly Smooth Stone","Prayer Wheel","Tough Bandages","Ice Cream"],"potions_floor_usage":[8,12,12,29,33,44,47,50,56],"damage_taken":[{"damage":2,"enemies":"Jaw Worm","floor":1,"turns":5},{"damage":3,"enemies":"Cultist","floor":4,"turns":4},{"damage":0,"enemies":"2 Louse","floor":5,"turns":3},{"damage":8,"enemies":"Looter","floor":7,"turns":3},{"damage":36,"enemies":"3 Sentries","floor":8,"turns":11},{"damage":7,"enemies":"Lagavulin","floor":12,"turns":7},{"damage":6,"enemies":"Exordium Thugs","floor":14,"turns":4},{"damage":21,"enemies":"Slime Boss","floor":16,"turns":8},{"damage":0,"enemies":"Spheric Guardian","floor":18,"turns":4},{"damage":0,"enemies":"3 Byrds","floor":19,"turns":4},{"damage":3,"enemies":"Centurion and Healer","floor":22,"turns":7},{"damage":10,"enemies":"Book of Stabbing","floor":24,"turns":7},{"damage":10,"enemies":"Shelled Parasite and Fungi","floor":25,"turns":4},{"damage":7,"enemies":"Snake Plant","floor":27,"turns":5},{"damage":10,"enemies":"Slavers","floor":29,"turns":5},{"damage":0,"enemies":"Sentry and Sphere","floor":31,"turns":6},{"damage":29,"enemies":"Champ","floor":33,"turns":16},{"damage":0,"enemies":"Orb Walker","floor":35,"turns":4},{"damage":0,"enemies":"Giant Head","floor":41,"turns":8},{"damage":9,"enemies":"Nemesis","floor":44,"turns":9},{"damage":0,"enemies":"Giant Head","floor":46,"turns":7},{"damage":0,"enemies":"2 Orb Walkers","floor":47,"turns":6},{"damage":0,"enemies":"3 Darklings","floor":48,"turns":4},{"damage":9,"enemies":"Time Eater","floor":50,"turns":13},{"damage":4,"enemies":"Donu and Deca","floor":51,"turns":9},{"damage":35,"enemies":"Shield and Spear","floor":55,"turns":10},{"damage":0,"enemies":"The Heart","floor":56,"turns":11}],"green_key_taken_log":8,"seed_played":"4434357526440127645","neow_bonus_log":{"cardsObtained":[],"cardsUpgraded":[],"cardsRemoved":[],"cardsTransformed":[],"relicsObtained":[],"maxHpGained":0,"goldGained":100,"damageTaken":0,"goldLost":0,"maxHpLost":0},"potions_obtained":[{"floor":5,"key":"SneckoOil"},{"floor":7,"key":"SpeedPotion"},{"floor":8,"key":"Poison Potion"},{"floor":16,"key":"LiquidMemories"},{"floor":18,"key":"SpeedPotion"},{"floor":25,"key":"Fire Potion"},{"floor":46,"key":"Strength Potion"},{"floor":47,"key":"EssenceOfSteel"}],"is_trial":false,"path_per_floor":["M","?","$","M","M","R","M","E","T","R","T","E","R","M","R","B",null,"M","M","$","?","M","R","E","M","T","M","$","E","R","M","R","B",null,"M","$","?","$","?","R","E","R","T","E","R","E","?","M","R","B","B",null,"R","$","E","B",null],"character_chosen":"THE_SILENT","basemod:card_modifiers":[null,null,null,null,null,null,null,null,null,null,null,null,null,null,null,null,null,null,null,null,null,null,null,null,null,null,null,null,null,null,null,null,null,null,null,null],"items_purchased":["Membership Card","Blade Dance","ClockworkSouvenir","Noxious Fumes+1","GhostInAJar","Leg Sweep","Tools of the Trade+1","Well Laid Plans+1","Acrobatics","Calculated Gamble","PowerPotion","SkillPotion","Footwork+1","Tough Bandages"],"campfire_rested":3,"item_purchase_floors":[3,3,20,20,20,20,28,36,36,36,36,36,38,54],"current_hp_per_floor":[57,57,57,54,54,54,46,10,10,29,29,22,22,16,35,14,53,53,53,53,53,50,50,40,30,30,23,23,13,47,47,47,37,59,59,59,50,50,50,50,50,50,50,41,41,41,41,41,41,57,62,65,65,65,30,55],"gold":58,"neow_bonus":"HUNDRED_GOLD","is_prod":false,"is_daily":false,"rewards_skipped":[{"floor":22,"relics":[],"potions":["Swift Potion"]}],"chose_seed":false,"campfire_upgraded":8,"win_rate":0,"floor_exit_playtime":[65,73,80,119,153,158,187,303,306,310,313,372,382,422,424,519,532,580,646,666,669,766,773,855,922,925,996,1011,1096,1099,1569,1578,1865,1881,1955,1990,2005,2019,2050,2060,2372,2390,2395,2785,2792,3119,3235,3383,3388,3814,4169,4181,4192,4199,4552,4975],"timestamp":1681046608,"blue_key_relic_skipped_log":{"floor":43,"relicID":"Strawberry"},"path_taken":["M","?","$","M","M","R","M","E","T","R","?","E","R","?","R","BOSS","M","M","$","?","M","R","E","M","T","M","$","E","R","M","R","BOSS","M","$","?","?","?","R","E","R","T","E","R","E","?","M","R","BOSS","BOSS","R","$","E","BOSS"],"build_version":"2022-12-18","purchased_purges":4,"victory":true,"max_hp_per_floor":[66,66,66,66,66,66,66,66,66,66,66,66,66,66,66,66,66,66,66,66,66,66,66,66,66,66,66,66,66,66,66,66,66,66,66,66,66,66,66,66,66,66,66,66,66,66,66,66,66,66,66,66,66,66,66,66],"relic_stats":{"Ice Cream":[0],"Regal Pillow":15,"Gremlin Horn":[14,14],"counters":[27,183],"Snake Skull":[71],"Mercury Hourglass":[470],"Tough Bandages":[525],"Pantograph":78,"Prayer Wheel":1,"Membership Card":884,"obtain_stats":[{"Ice Cream":55,"Regal Pillow":26,"Gremlin Horn":12,"Oddly Smooth Stone":46,"Snake Skull":44,"Frozen Egg 2":8,"Mercury Hourglass":9,"Old Coin":11,"ClockworkSouvenir":20,"Du-Vu Doll":24,"Runic Dome":17,"CaptainsWheel":29,"Tough Bandages":54,"Pantograph":21,"Philosopher\u0027s Stone":34,"Prayer Wheel":47,"Membership Card":3,"TungstenRod":41,"Ring of the Snake":0},{"Ice Cream":26,"Regal Pillow":13,"Gremlin Horn":6,"Oddly Smooth Stone":21,"Snake Skull":20,"Frozen Egg 2":5,"Mercury Hourglass":5,"Old Coin":5,"ClockworkSouvenir":10,"Du-Vu Doll":12,"Runic Dome":8,"CaptainsWheel":15,"Tough Bandages":25,"Pantograph":10,"Philosopher\u0027s Stone":17,"Prayer Wheel":22,"Membership Card":1,"TungstenRod":19,"Ring of the Snake":0},{"Ice Cream":172,"Regal Pillow":70,"Gremlin Horn":33,"Oddly Smooth Stone":130,"Snake Skull":123,"Frozen Egg 2":26,"Mercury Hourglass":26,"Old Coin":26,"ClockworkSouvenir":52,"Du-Vu Doll":66,"Runic Dome":44,"CaptainsWheel":80,"Tough Bandages":162,"Pantograph":52,"Philosopher\u0027s Stone":102,"Prayer Wheel":136,"Membership Card":5,"TungstenRod":114,"Ring of the Snake":0}],"TungstenRod":15,"Ring of the Snake":[54]},"card_choices":[{"not_picked":["Backflip","PiercingWail"],"picked":"Crippling Poison","floor":1},{"not_picked":["PiercingWail","Caltrops"],"picked":"Acrobatics","floor":4},{"not_picked":["Deflect","Crippling Poison"],"picked":"Dagger Throw","floor":5},{"not_picked":["Dodge and Roll","Tactician"],"picked":"Poisoned Stab","floor":7},{"not_picked":["Crippling Poison","Sucker Punch"],"picked":"Dash","floor":8},{"not_picked":["Outmaneuver","Malaise"],"picked":"Masterful Stab","floor":12},{"not_picked":["Dodge and Roll","Sucker Punch"],"picked":"Calculated Gamble","floor":14},{"not_picked":["Die Die Die","Malaise"],"picked":"Wraith Form v2+1","floor":16},{"not_picked":["Dagger Spray","Backstab"],"picked":"Acrobatics","floor":18},{"not_picked":["Finisher","Endless Agony+1","Outmaneuver"],"picked":"SKIP","floor":19},{"not_picked":["Quick Slash","Deflect"],"picked":"Dodge and Roll+1","floor":22},{"not_picked":["Acrobatics","Poisoned Stab"],"picked":"Reflex","floor":24},{"not_picked":["Prepared","Outmaneuver"],"picked":"Crippling Poison","floor":25},{"not_picked":["Eviscerate+1","Heel Hook"],"picked":"Reflex","floor":27},{"not_picked":["Quick Slash","Dagger Throw"],"picked":"Flechettes","floor":29},{"not_picked":["Dodge and Roll","All Out Attack","Dagger Throw"],"picked":"SKIP","floor":31},{"not_picked":["Burst","Envenom+1"],"picked":"After Image+1","floor":33},{"not_picked":["Underhanded Strike","Distraction+1"],"picked":"Dodge and Roll+1","floor":35},{"not_picked":["Escape Plan+1","Poisoned Stab+1"],"picked":"Footwork+1","floor":41},{"not_picked":["Blade Dance","Deadly Poison+1"],"picked":"Grand Finale","floor":44},{"not_picked":["Deadly Poison+1","Distraction","Masterful Stab"],"picked":"SKIP","floor":46},{"not_picked":["Deadly Poison+1","Distraction","Masterful Stab"],"picked":"SKIP","floor":46},{"not_picked":["Deadly Poison+1","Distraction","Masterful Stab"],"picked":"SKIP","floor":46},{"not_picked":["Deadly Poison+1","Distraction","Masterful Stab"],"picked":"SKIP","floor":46},{"not_picked":["Underhanded Strike","Dagger Spray","Infinite Blades+1"],"picked":"SKIP","floor":47},{"not_picked":["Blade Dance","Slice"],"picked":"Skewer","floor":48},{"not_picked":["Dagger Throw","Calculated Gamble","Dash"],"picked":"SKIP","floor":48},{"not_picked":["Dagger Throw","Calculated Gamble","Dash"],"picked":"SKIP","floor":48},{"not_picked":["Setup","Bouncing Flask"],"picked":"Outmaneuver","floor":55}],"player_experience":1664680,"relics_obtained":[{"floor":8,"key":"Frozen Egg 2"},{"floor":9,"key":"Mercury Hourglass"},{"floor":11,"key":"Old Coin"},{"floor":12,"key":"Gremlin Horn"},{"floor":24,"key":"Du-Vu Doll"},{"floor":26,"key":"Regal Pillow"},{"floor":29,"key":"CaptainsWheel"},{"floor":41,"key":"TungstenRod"},{"floor":44,"key":"Snake Skull"},{"floor":46,"key":"Oddly Smooth Stone"},{"floor":47,"key":"Prayer Wheel"},{"floor":55,"key":"Ice Cream"}],"event_choices":[{"damage_healed":0,"gold_gain":0,"cards_transformed":["Defend_G"],"player_choice":"Change","damage_taken":0,"max_hp_gain":0,"max_hp_loss":0,"event_name":"Living Wall","floor":2,"gold_loss":0,"cards_obtained":["Outmaneuver"]},{"damage_healed":0,"gold_gain":0,"player_choice":"Obtained Relic","damage_taken":0,"relics_obtained":["Pantograph"],"max_hp_gain":0,"max_hp_loss":0,"event_name":"Addict","floor":21,"gold_loss":85},{"damage_healed":0,"gold_gain":0,"player_choice":"Damaged","damage_taken":9,"max_hp_gain":0,"max_hp_loss":0,"event_name":"Wheel of Change","floor":37,"gold_loss":0},{"cards_removed":["Neutralize"],"damage_healed":0,"gold_gain":0,"player_choice":"Removed Attack","damage_taken":0,"max_hp_gain":0,"max_hp_loss":0,"event_name":"Falling","floor":39,"gold_loss":0},{"damage_healed":0,"gold_gain":0,"player_choice":"Fight","damage_taken":0,"max_hp_gain":0,"max_hp_loss":0,"event_name":"Mysterious Sphere","floor":47,"gold_loss":0}],"is_beta":false,"boss_relics":[{"not_picked":["WristBlade","SlaversCollar"],"picked":"Runic Dome"},{"not_picked":["Snecko Eye","Velvet Choker"],"picked":"Philosopher\u0027s Stone"}],"items_purged_floors":[20,28,36,38],"is_endless":false,"potions_floor_spawned":[5,7,8,16,18,22,25,46,47],"ascension_level":20,"potion_discard_per_floor":[[],[],[],[],[],[],[],[],[],[],[],[],[],[],[],[],[],[],[],["SpeedPotion"],[],[],[],[],["LiquidMemories"],[],[],[],[],[],[],[],[],[],[],[],[],[],[],[],[],[],[],[],[],[],[],[],[],[],[],[],[],[],[],[],[]]}