{"neow_bonuses_skipped_log":["REMOVE_CARD","TEN_PERCENT_HP_BONUS","BOSS_RELIC"],"neow_costs_skipped_log":["NONE","NONE","NONE"],"potions_obtained_entropic_brew":[[],[],[],[],[],[],[],[]],"gold_per_floor":[119,132,148,128,144,144,171,171],"floor_reached":8,"playtime":419,"items_purged":[],"score":116,"play_id":"6c977b3b-14f4-4504-87b9-a3dac1fdba59","local_time":"20230412175909","score_breakdown":["Floors Climbed (8): 40","Enemies Slain (4): 8","Exordium Elites Killed (1): 10","Bosses Slain (0): 0","Ascension (20): 58"],"is_ascension_mode":true,"potions_obtained_alchemize":[[],[],[],[],[],[],[],[]],"campfire_choices":[{"floor":6,"key":"REST"}],"lesson_learned_per_floor":[[],[],[],[],[],[],[],[]],"neow_cost":"PERCENT_DAMAGE","improvable_cards":{},"seed_source_timestamp":51566230654500,"shop_contents":[],"circlet_count":0,"master_deck":["AscendersBane","Strike_G","Strike_G","Strike_G","Strike_G","Defend_G","Defend_G","Defend_G","Defend_G","Survivor","Neutralize","Concentrate","Corpse Explosion","Acrobatics","Slice","Slice","Flechettes"],"potion_use_per_floor":[[],[],[],[],[],[],["DistilledChaos","Fire Potion"],[]],"relics":["Ring of the Snake","Calipers"],"potions_floor_usage":[7,7],"damage_taken":[{"damage":6,"enemies":"Jaw Worm","floor":1,"turns":5},{"damage":3,"enemies":"Cultist","floor":2,"turns":5},{"damage":13,"enemies":"Small Slimes","floor":3,"turns":6},{"damage":0,"enemies":"3 Louse","floor":5,"turns":1},{"damage":8,"enemies":"Gremlin Nob","floor":7,"turns":3},{"damage":36,"enemies":"Exordium Thugs","floor":8,"turns":4}],"seed_played":"-3697133021152487863","neow_bonus_log":{"cardsObtained":["Concentrate","Corpse Explosion"],"cardsUpgraded":[],"cardsRemoved":[],"cardsTransformed":["Defend_G","Strike_G"],"relicsObtained":[],"maxHpGained":0,"goldGained":0,"damageTaken":15,"goldLost":0,"maxHpLost":0},"potions_obtained":[{"floor":3,"key":"DistilledChaos"},{"floor":4,"key":"Dexterity Potion"},{"floor":5,"key":"Fire Potion"}],"is_trial":false,"path_per_floor":["M","M","M","?","M","R","E","M"],"character_chosen":"THE_SILENT","basemod:card_modifiers":[null,null,null,null,null,null,null,null,null,null,null,null,null,null,null,null,null],"items_purchased":[],"campfire_rested":1,"item_purchase_floors":[],"current_hp_per_floor":[38,35,22,22,22,41,33,0],"gold":171,"neow_bonus":"TRANSFORM_TWO_CARDS","is_prod":false,"is_daily":false,"rewards_skipped":[],"chose_seed":false,"campfire_upgraded":0,"win_rate":0,"floor_exit_playtime":[87,139,232,238,288,295,370],"timestamp":1681336749,"path_taken":["M","M","M","?","?","R","E","M"],"build_version":"2022-12-18","purchased_purges":0,"victory":false,"max_hp_per_floor":[66,66,66,66,66,66,66,66],"relic_stats":{"Calipers":[0],"counters":[6,24],"obtain_stats":[{"Calipers":7,"Ring of the Snake":0},{"Calipers":5,"Ring of the Snake":0},{"Calipers":20,"Ring of the Snake":0}],"Ring of the Snake":[12]},"card_choices":[{"not_picked":["Deflect","Accuracy"],"picked":"Acrobatics","floor":1},{"not_picked":["Poisoned Stab","Cloak And Dagger"],"picked":"Slice","floor":2},{"not_picked":["Setup","Outmaneuver"],"picked":"Slice","floor":3},{"not_picked":["PiercingWail","Blade Dance"],"picked":"Flechettes","floor":5},{"not_picked":["Cloak And Dagger","Sucker Punch","Quick Slash"],"picked":"SKIP","floor":7}],"player_experience":1733726,"relics_obtained":[{"floor":7,"key":"Calipers"}],"event_choices":[{"damage_healed":0,"gold_gain":0,"player_choice":"Bought 1 Potion","damage_taken":0,"max_hp_gain":0,"max_hp_loss":0,"event_name":"The Woman in Blue","floor":4,"gold_loss":0}],"is_beta":false,"boss_relics":[],"items_purged_floors":[],"is_endless":false,"potions_floor_spawned":[3,5],"killed_by":"Exordium Thugs","ascension_level":20,"potion_discard_per_floor":[[],[],[],[],["Dexterity Potion"],[],[],[]]}