{"neow_bonuses_skipped_log":["REMOVE_CARD","RANDOM_COMMON_RELIC","BOSS_RELIC"],"neow_costs_skipped_log":["NONE","NONE","NONE"],"potions_obtained_entropic_brew":[[],[],[],[],[],[],[],[],[],[],[],[],[],[],[],[]],"gold_per_floor":[118,136,136,211,229,229,240,240,285,303,322,357,110,135,135,135],"floor_reached":16,"playtime":651,"items_purged":["Strike_G"],"score":224,"play_id":"5aefe92a-e029-43da-8653-6b3889b1764f","local_time":"20230413204956","score_breakdown":["Floors Climbed (16): 80","Enemies Slain (6): 12","Exordium Elites Killed (2): 20","Bosses Slain (0): 0","Ascension (20): 112"],"is_ascension_mode":true,"potions_obtained_alchemize":[[],[],[],[],[],[],[],[],[],[],[],[],[],[],[],[]],"campfire_choices":[{"data":"Flying Knee","floor":6,"key":"SMITH"},{"data":"Backstab","floor":8,"key":"SMITH"},{"data":"Cloak And Dagger","floor":15,"key":"SMITH"}],"lesson_learned_per_floor":[[],[],[],[],[],[],[],[],[],[],[],[],[],[],[],[]],"neow_cost":"TEN_PERCENT_HP_LOSS","improvable_cards":{},"seed_source_timestamp":147982208372800,"shop_contents":[{"floor":13,"relics":["Omamori","Anchor"],"cards":["All Out Attack","Bane","Calculated Gamble","Outmaneuver","Footwork","Good Instincts","Metamorphosis"],"potions":["Energy Potion","LiquidBronze","Strength Potion"]}],"circlet_count":0,"master_deck":["AscendersBane","Strike_G","Strike_G","Strike_G","Strike_G","Defend_G","Defend_G","Defend_G","Defend_G","Survivor","Neutralize","Backstab+1","Flying Knee+1","Accuracy","Backflip","Dagger Spray","Dagger Throw","Cloak And Dagger+1"],"potion_use_per_floor":[[],[],[],[],[],[],[],[],[],[],[],[],[],["DuplicationPotion"],[],["DuplicationPotion"]],"relics":["Ring of the Snake","Bird Faced Urn","Bag of Preparation","Vajra","ClockworkSouvenir","Smiling Mask"],"potions_floor_usage":[14,16],"damage_taken":[{"damage":0,"enemies":"2 Louse","floor":1,"turns":5},{"damage":0,"enemies":"Jaw Worm","floor":2,"turns":4},{"damage":0,"enemies":"Cultist","floor":5,"turns":4},{"damage":1,"enemies":"Lots of Slimes","floor":7,"turns":5},{"damage":0,"enemies":"2 Fungi Beasts","floor":10,"turns":3},{"damage":1,"enemies":"3 Louse","floor":11,"turns":2},{"damage":20,"enemies":"3 Sentries","floor":12,"turns":6},{"damage":12,"enemies":"Lagavulin","floor":14,"turns":6},{"damage":29,"enemies":"Hexaghost","floor":16,"turns":9}],"seed_played":"3316316677766940941","neow_bonus_log":{"cardsObtained":[],"cardsUpgraded":[],"cardsRemoved":[],"cardsTransformed":[],"relicsObtained":["Bird Faced Urn"],"maxHpGained":0,"goldGained":0,"damageTaken":0,"goldLost":0,"maxHpLost":6},"potions_obtained":[{"floor":5,"key":"DuplicationPotion"},{"floor":7,"key":"DuplicationPotion"},{"floor":14,"key":"Ancient Potion"}],"is_trial":false,"path_per_floor":["M","M","?","?","M","R","M","R","T","M","M","E","$","E","R","B"],"character_chosen":"THE_SILENT","basemod:card_modifiers":[null,null,null,null,null,null,null,null,null,null,null,null,null,null,null,null,null,null],"items_purchased":["ClockworkSouvenir"],"campfire_rested":0,"item_purchase_floors":[13],"current_hp_per_floor":[59,59,59,48,48,48,49,49,49,51,50,32,32,22,22,0],"gold":135,"neow_bonus":"ONE_RARE_RELIC","is_prod":false,"is_daily":false,"rewards_skipped":[{"floor":11,"relics":[],"potions":["Weak Potion"]},{"floor":12,"relics":[],"potions":["Ancient Potion"]}],"chose_seed":false,"campfire_upgraded":3,"win_rate":0,"floor_exit_playtime":[72,109,118,121,175,184,242,249,252,311,343,418,468,553,560],"timestamp":1681433396,"path_taken":["M","M","?","?","M","R","M","R","T","M","M","E","$","E","R","BOSS"],"build_version":"2022-12-18","purchased_purges":1,"victory":false,"max_hp_per_floor":[60,60,60,60,60,60,60,60,60,60,60,60,60,60,60,60],"relic_stats":{"counters":[9,44],"Bird Faced Urn":[12],"Bag of Preparation":[10],"Smiling Mask":0,"obtain_stats":[{"Bird Faced Urn":0,"Vajra":12,"Bag of Preparation":9,"Smiling Mask":14,"Ring of the Snake":0,"ClockworkSouvenir":13},{"Bird Faced Urn":0,"Vajra":7,"Bag of Preparation":4,"Smiling Mask":8,"Ring of the Snake":0,"ClockworkSouvenir":7},{"Bird Faced Urn":0,"Vajra":29,"Bag of Preparation":18,"Smiling Mask":35,"Ring of the Snake":0,"ClockworkSouvenir":29}],"Ring of the Snake":[18]},"card_choices":[{"not_picked":["Dodge and Roll","Backflip"],"picked":"Backstab","floor":1},{"not_picked":["Slice","Underhanded Strike"],"picked":"Flying Knee","floor":2},{"not_picked":["Underhanded Strike","Acrobatics"],"picked":"Backflip","floor":5},{"not_picked":["Reflex","Quick Slash"],"picked":"Dagger Spray","floor":7},{"not_picked":["Concentrate","Outmaneuver","PiercingWail"],"picked":"SKIP","floor":10},{"not_picked":["Malaise","Acrobatics"],"picked":"Dagger Throw","floor":11},{"not_picked":["Poisoned Stab","Bouncing Flask"],"picked":"Cloak And Dagger","floor":12},{"not_picked":["Sucker Punch","Poisoned Stab","Dagger Spray"],"picked":"SKIP","floor":14}],"player_experience":1768005,"relics_obtained":[{"floor":9,"key":"Bag of Preparation"},{"floor":12,"key":"Vajra"},{"floor":14,"key":"Smiling Mask"}],"event_choices":[{"damage_healed":0,"gold_gain":0,"cards_transformed":["Defend_G"],"player_choice":"Change","damage_taken":0,"max_hp_gain":0,"max_hp_loss":0,"event_name":"Living Wall","floor":3,"gold_loss":0,"cards_obtained":["Accuracy"]},{"damage_healed":0,"gold_gain":75,"player_choice":"Gather Gold","damage_taken":11,"max_hp_gain":0,"max_hp_loss":0,"event_name":"World of Goop","floor":4,"gold_loss":0}],"is_beta":false,"boss_relics":[],"items_purged_floors":[13],"is_endless":false,"potions_floor_spawned":[5,7,11,12,14],"killed_by":"Hexaghost","ascension_level":20,"potion_discard_per_floor":[[],[],[],[],[],[],[],[],[],[],[],[],[],[],[],[]]}