{"neow_bonuses_skipped_log":["REMOVE_CARD","THREE_RARE_CARDS","BOSS_RELIC"],"neow_costs_skipped_log":["NONE","NO_GOLD","NONE"],"potions_obtained_entropic_brew":[[],[],[],[],[],[],[],[],[],[],[],[],[],[],[],[],[],[],[],[],[],[],[],[],[],[],[],[],[],[],[],[],[]],"gold_per_floor":[118,43,43,70,92,92,122,146,169,169,131,172,172,210,210,294,294,313,332,356,55,82,82,111,140,140,153,153,164,192,203,203,203],"floor_reached":33,"playtime":1182,"items_purged":["Defend_G","Strike_G"],"score":814,"play_id":"750f38f2-ad4d-4521-81b1-79d5e76caa8a","local_time":"20230414121740","score_breakdown":["Floors Climbed (33): 165","Enemies Slain (11): 22","Exordium Elites Killed (3): 30","City Elites Killed (2): 40","Bosses Slain (1): 50","Champion (2): 50","Perfect (1): 50","Ascension (20): 407"],"is_ascension_mode":true,"potions_obtained_alchemize":[[],[],[],[],[],[],[],[],[],[],[],[],[],[],[],[],[],[],[],[],[],[],[],[],[],[],[],[],[],[],[],[],[]],"campfire_choices":[{"data":"Dash","floor":6,"key":"SMITH"},{"data":"Dagger Spray","floor":13,"key":"SMITH"},{"data":"Terror","floor":15,"key":"SMITH"},{"floor":23,"key":"REST"},{"floor":28,"key":"RECALL"},{"floor":32,"key":"REST"}],"lesson_learned_per_floor":[[],[],[],[],[],[],[],[],[],[],[],[],[],[],[],[],[],[],[],[],[],[],[],[],[],[],[],[],[],[],[],[],[]],"neow_cost":"NONE","improvable_cards":{},"seed_source_timestamp":203114904239900,"shop_contents":[{"floor":2,"relics":["Anchor","Unceasing Top","Lee\u0027s Waffle"],"cards":["Dagger Throw","Sucker Punch","Tactician","Acrobatics","Infinite Blades","Flash of Steel","HandOfGreed"],"potions":["Block Potion","Dexterity Potion","EssenceOfSteel"]},{"floor":21,"relics":["Whetstone","Blue Candle","TwistedFunnel"],"cards":["Dagger Throw","Heel Hook","Deflect","Blade Dance","Noxious Fumes","Mayhem"],"potions":["Fire Potion"]}],"circlet_count":0,"master_deck":["AscendersBane","Strike_G","Strike_G","Strike_G","Strike_G","Defend_G","Defend_G","Defend_G","Defend_G","Survivor","Neutralize","Masterful Stab","Backstab","Dash+1","Dagger Spray+1","Terror+1","Predator","Adrenaline","Concentrate","Dash+1","Discovery","Ghostly","Ghostly","Ghostly","Blade Dance"],"potion_use_per_floor":[[],[],[],[],[],[],[],[],[],[],[],[],[],[],[],["DuplicationPotion"],[],[],["EssenceOfSteel"],["DistilledChaos"],[],[],[],[],[],[],[],[],[],[],[],[],["Swift Potion","Fire Potion"]],"relics":["Ring of the Snake","Pen Nib","CeramicFish","Art of War","Pear","PreservedInsect","Regal Pillow","Fusion Hammer","Vajra","Bottled Lightning","Darkstone Periapt"],"potions_floor_usage":[16,19,20,33,33],"damage_taken":[{"damage":0,"enemies":"Cultist","floor":1,"turns":4},{"damage":0,"enemies":"2 Louse","floor":4,"turns":3},{"damage":1,"enemies":"Small Slimes","floor":5,"turns":2},{"damage":21,"enemies":"Lagavulin","floor":7,"turns":8},{"damage":0,"enemies":"3 Louse","floor":8,"turns":2},{"damage":15,"enemies":"3 Sentries","floor":12,"turns":7},{"damage":0,"enemies":"Lagavulin","floor":14,"turns":3},{"damage":0,"enemies":"Slime Boss","floor":16,"turns":6},{"damage":12,"enemies":"3 Byrds","floor":18,"turns":4},{"damage":11,"enemies":"Shell Parasite","floor":19,"turns":3},{"damage":27,"enemies":"Snake Plant","floor":20,"turns":4},{"damage":0,"enemies":"Book of Stabbing","floor":24,"turns":4},{"damage":1,"enemies":"Snecko","floor":25,"turns":4},{"damage":0,"enemies":"Sentry and Sphere","floor":27,"turns":4},{"damage":0,"enemies":"Centurion and Healer","floor":29,"turns":3},{"damage":3,"enemies":"Gremlin Leader","floor":30,"turns":3},{"damage":5,"enemies":"Cultist and Chosen","floor":31,"turns":4},{"damage":54,"enemies":"Collector","floor":33,"turns":6}],"seed_played":"-1474370425235603563","neow_bonus_log":{"cardsObtained":[],"cardsUpgraded":[],"cardsRemoved":[],"cardsTransformed":[],"relicsObtained":["Pen Nib"],"maxHpGained":0,"goldGained":0,"damageTaken":0,"goldLost":0,"maxHpLost":0},"potions_obtained":[{"floor":7,"key":"FearPotion"},{"floor":12,"key":"DuplicationPotion"},{"floor":16,"key":"EssenceOfSteel"},{"floor":18,"key":"DistilledChaos"}],"is_trial":false,"path_per_floor":["M","$","T","M","M","R","E","M","T","T","?","E","R","E","R","B",null,"M","M","M","$","?","R","E","M","T","M","R","M","E","M","R","B"],"character_chosen":"THE_SILENT","basemod:card_modifiers":[null,null,null,null,null,null,null,null,null,null,null,null,null,null,null,null,null,null,null,null,null,null,null,null,null],"items_purchased":["Discovery","Swift Potion","Fire Potion"],"campfire_rested":2,"item_purchase_floors":[21,21,21],"current_hp_per_floor":[59,59,59,59,58,58,37,37,37,47,47,32,32,32,32,32,65,53,42,15,15,15,38,38,37,37,37,37,37,34,29,38,0],"gold":203,"neow_bonus":"RANDOM_COMMON_RELIC","is_prod":false,"is_daily":false,"rewards_skipped":[{"floor":7,"relics":["Juzu Bracelet"],"potions":[]},{"floor":24,"relics":[],"potions":["Fire Potion"]},{"floor":25,"relics":[],"potions":["FearPotion"]},{"floor":29,"relics":[],"potions":["SpeedPotion"]},{"floor":30,"relics":[],"potions":["SkillPotion"]}],"chose_seed":false,"campfire_upgraded":3,"win_rate":0,"floor_exit_playtime":[54,74,76,100,159,165,246,268,271,274,278,352,357,393,404,489,510,568,618,676,688,692,701,750,804,825,892,898,940,1001,1063,1067],"timestamp":1681489060,"path_taken":["M","$","?","M","?","R","E","M","T","?","?","E","R","E","R","BOSS","M","M","M","$","?","R","E","M","T","M","R","M","E","M","R","BOSS"],"build_version":"2022-12-18","purchased_purges":2,"victory":false,"max_hp_per_floor":[66,66,66,66,66,66,66,66,66,76,76,76,76,76,76,76,76,76,76,76,76,38,38,38,38,38,38,38,38,38,38,38,38],"relic_stats":{"Darkstone Periapt":0,"Regal Pillow":12,"counters":[18,74],"CeramicFish":117,"Pen Nib":[19],"PreservedInsect":121,"Art of War":[2],"Bottled Lightning":"Adrenaline","obtain_stats":[{"Darkstone Periapt":30,"Regal Pillow":14,"Pear":10,"CeramicFish":3,"Vajra":24,"Pen Nib":0,"PreservedInsect":12,"Fusion Hammer":17,"Art of War":9,"Bottled Lightning":26,"Ring of the Snake":0},{"Darkstone Periapt":16,"Regal Pillow":7,"Pear":5,"CeramicFish":1,"Vajra":12,"Pen Nib":0,"PreservedInsect":6,"Fusion Hammer":8,"Art of War":5,"Bottled Lightning":13,"Ring of the Snake":0},{"Darkstone Periapt":64,"Regal Pillow":29,"Pear":19,"CeramicFish":4,"Vajra":50,"Pen Nib":0,"PreservedInsect":26,"Fusion Hammer":35,"Art of War":19,"Bottled Lightning":54,"Ring of the Snake":0}],"Ring of the Snake":[36]},"card_choices":[{"not_picked":["PiercingWail","Deflect"],"picked":"Masterful Stab","floor":1},{"not_picked":["Calculated Gamble","Concentrate"],"picked":"Backstab","floor":4},{"not_picked":["Dodge and Roll","Underhanded Strike"],"picked":"Dash","floor":5},{"not_picked":["Bane","Bouncing Flask","Distraction"],"picked":"SKIP","floor":7},{"not_picked":["Backstab","Skewer"],"picked":"Dagger Spray","floor":8},{"not_picked":["Envenom","Bane"],"picked":"Terror","floor":12},{"not_picked":["Quick Slash","Terror"],"picked":"Predator","floor":14},{"not_picked":["Grand Finale","Phantasmal Killer"],"picked":"Adrenaline","floor":16},{"not_picked":["Dagger Throw","Accuracy","Quick Slash"],"picked":"SKIP","floor":18},{"not_picked":["Bouncing Flask","Crippling Poison"],"picked":"Concentrate","floor":19},{"not_picked":["Skewer","Accuracy"],"picked":"Dash+1","floor":20},{"not_picked":["Flechettes","Catalyst","Eviscerate+1"],"picked":"SKIP","floor":24},{"not_picked":["Prepared","Dagger Throw"],"picked":"Blade Dance","floor":25},{"not_picked":["Riddle With Holes","Deadly Poison","Terror"],"picked":"SKIP","floor":27},{"not_picked":["All Out Attack","Outmaneuver","Quick Slash"],"picked":"SKIP","floor":29},{"not_picked":["Bouncing Flask+1","Dagger Spray","PiercingWail"],"picked":"SKIP","floor":30},{"not_picked":["Expertise","Terror","Bouncing Flask"],"picked":"SKIP","floor":31}],"player_experience":1781334,"relics_obtained":[{"floor":3,"key":"CeramicFish"},{"floor":9,"key":"Art of War"},{"floor":10,"key":"Pear"},{"floor":12,"key":"PreservedInsect"},{"floor":14,"key":"Regal Pillow"},{"floor":24,"key":"Vajra"},{"floor":26,"key":"Bottled Lightning"},{"floor":30,"key":"Darkstone Periapt"}],"event_choices":[{"damage_healed":0,"gold_gain":0,"player_choice":"Left Gold","damage_taken":0,"max_hp_gain":0,"max_hp_loss":0,"event_name":"World of Goop","floor":11,"gold_loss":38},{"damage_healed":0,"gold_gain":0,"player_choice":"Became a Ghost","damage_taken":0,"max_hp_gain":0,"max_hp_loss":38,"event_name":"Ghosts","floor":22,"gold_loss":0,"cards_obtained":["Ghostly","Ghostly","Ghostly"]}],"is_beta":false,"boss_relics":[{"not_picked":["Coffee Dripper","SacredBark"],"picked":"Fusion Hammer"}],"items_purged_floors":[2,21],"is_endless":false,"potions_floor_spawned":[7,12,16,18,24,25,29,30],"killed_by":"Collector","ascension_level":20,"potion_discard_per_floor":[[],[],[],[],[],[],[],[],[],[],[],[],[],[],[],[],[],["FearPotion"],[],[],[],[],[],[],[],[],[],[],[],[],[],[],[]]}