{"neow_bonuses_skipped_log":["ONE_RANDOM_RARE_CARD","TWENTY_PERCENT_HP_BONUS","BOSS_RELIC"],"potions_obtained_entropic_brew":[[],[],[],[],[],[],[],[],[],[],[],[],[],[],[],[],[],[],[],[],[],[],[],[],[]],"neow_costs_skipped_log":["NONE","CURSE","NONE"],"gold_per_floor":[118,133,144,154,154,154,173,204,204,204,215,215,227,244,244,321,321,334,349,364,377,58,84,84,84],"floor_reached":25,"playtime":948,"items_purged":["Strike_G"],"score":458,"play_id":"1b1e67fd-c086-4807-8f47-cc8259059b63","local_time":"20230413233324","score_breakdown":["Floors Climbed (25): 125","Enemies Slain (12): 24","Exordium Elites Killed (1): 10","City Elites Killed (1): 20","Bosses Slain (1): 50","Ascension (20): 229"],"is_ascension_mode":true,"potions_obtained_alchemize":[[],[],[],[],[],[],[],[],[],[],[],[],[],[],[],[],[],[],[],[],[],[],[],[],[]],"campfire_choices":[{"floor":6.0,"key":"REST"},{"data":"Blade Dance","floor":10.0,"key":"SMITH"},{"floor":15.0,"key":"REST"}],"lesson_learned_per_floor":[[],[],[],[],[],[],[],[],[],[],[],[],[],[],[],[],[],[],[],[],[],[],[],[],[]],"neow_cost":"NONE","improvable_cards":{},"seed_source_timestamp":157477008323800,"shop_contents":[{"floor":22,"relics":["Ancient Tea Set","TheAbacus"],"cards":["Quick Slash","Finisher","Backflip","Escape Plan","Deep Breath","Mayhem"],"potions":["ColorlessPotion","SkillPotion","Energy Potion"]}],"circlet_count":0,"master_deck":["AscendersBane","Strike_G","Strike_G","Strike_G","Strike_G","Defend_G","Defend_G","Defend_G+1","Defend_G","Defend_G","Survivor","Neutralize","Flying Knee","Blade Dance+1","Slice","Leg Sweep","Choke","Slice","Calculated Gamble","Glass Knife","Expertise+1","Finisher","Well Laid Plans"],"special_seed":0,"potion_use_per_floor":[[],[],[],[],[],[],[],["FearPotion","Fire Potion"],[],[],[],[],[],[],[],["PowerPotion"],[],[],[],["Fire Potion"],[],[],["CunningPotion"],[],["Explosive Potion","Swift Potion"]],"relics":["Ring of the Snake","Toy Ornithopter","Darkstone Periapt","Orichalcum","Happy Flower","Runic Dome","Centennial Puzzle","The Courier","War Paint"],"potions_floor_usage":[16,20,23,25,25],"damage_taken":[{"damage":0.0,"enemies":"2 Louse","floor":1.0,"turns":3.0},{"damage":9.0,"enemies":"Jaw Worm","floor":2.0,"turns":5.0},{"damage":0.0,"enemies":"Cultist","floor":3.0,"turns":3.0},{"damage":14.0,"enemies":"Gremlin Gang","floor":4.0,"turns":6.0},{"damage":7.0,"enemies":"Lots of Slimes","floor":7.0,"turns":5.0},{"damage":8.0,"enemies":"Gremlin Nob","floor":8.0,"turns":3.0},{"damage":0.0,"enemies":"Exordium Thugs","floor":11.0,"turns":4.0},{"damage":0.0,"enemies":"3 Louse","floor":13.0,"turns":3.0},{"damage":9.0,"enemies":"Large Slime","floor":14.0,"turns":6.0},{"damage":22,"enemies":"Slime Boss","floor":16,"turns":8},{"damage":4,"enemies":"Shell Parasite","floor":18,"turns":5},{"damage":3,"enemies":"Chosen","floor":19,"turns":3},{"damage":15,"enemies":"Centurion and Healer","floor":20,"turns":5},{"damage":5,"enemies":"Snecko","floor":21,"turns":4},{"damage":25,"enemies":"Book of Stabbing","floor":23,"turns":5},{"damage":23,"enemies":"Gremlin Leader","floor":25,"turns":5}],"seed_played":"6570328854704192161","neow_bonus_log":{"cardsObtained":[],"cardsUpgraded":[],"cardsRemoved":[],"cardsTransformed":[],"relicsObtained":["Toy Ornithopter"],"maxHpGained":0,"goldGained":0,"damageTaken":0,"goldLost":0,"maxHpLost":0},"potions_obtained":[{"floor":2.0,"key":"FearPotion"},{"floor":7.0,"key":"Fire Potion"},{"floor":11.0,"key":"PowerPotion"},{"floor":14.0,"key":"Explosive Potion"},{"floor":16,"key":"Fire Potion"},{"floor":21,"key":"CunningPotion"},{"floor":23,"key":"Swift Potion"}],"is_trial":false,"path_per_floor":["M","M","M","M","?","R","M","E","T","R","M","?","M","M","R","B",null,"M","M","M","M","$","E","T","E"],"character_chosen":"THE_SILENT","basemod:card_modifiers":[null,null,null,null,null,null,null,null,null,null,null,null,null,null,null,null,null,null,null,null,null,null,null],"items_purchased":["Well Laid Plans","Centennial Puzzle"],"campfire_rested":2,"item_purchase_floors":[22,22],"current_hp_per_floor":[59,50,50,36,18,37,30,32,32,32,32,23,23,14,33,16,54,50,47,37,32,32,12,12,0],"gold":84,"neow_bonus":"RANDOM_COMMON_RELIC","is_prod":false,"is_daily":false,"rewards_skipped":[{"floor":18,"relics":[],"potions":["Block Potion"]}],"chose_seed":false,"campfire_upgraded":1,"win_rate":0,"floor_exit_playtime":[45,82,105,179,185,188,240,265,268,273,327,341,380,438,440,546,562,625,659,720,781,794,863,866],"timestamp":1681443204,"path_taken":["M","M","M","M","?","R","M","E","T","R","M","?","M","?","R","BOSS","M","?","M","?","$","E","?","E"],"build_version":"2022-12-18","purchased_purges":1,"victory":false,"max_hp_per_floor":[66,66,66,66,66,66,66,66,66,66,66,66,66,66,66,66,66,66,66,66,66,66,66,66,66],"relic_stats":{"Darkstone Periapt":0,"Centennial Puzzle":[6],"Happy Flower":[16],"counters":[16,73],"The Courier":0,"Orichalcum":[90],"War Paint":["Defend_G","Expertise"],"obtain_stats":[{"Darkstone Periapt":5,"Runic Dome":17,"Centennial Puzzle":22,"Happy Flower":9,"The Courier":23,"Orichalcum":8,"War Paint":24,"Toy Ornithopter":0,"Ring of the Snake":0},{"Darkstone Periapt":4,"Runic Dome":10,"Centennial Puzzle":14,"Happy Flower":6,"The Courier":15,"Orichalcum":6,"War Paint":15,"Toy Ornithopter":0,"Ring of the Snake":0},{"Darkstone Periapt":17,"Runic Dome":46,"Centennial Puzzle":63,"Happy Flower":25,"The Courier":68,"Orichalcum":25,"War Paint":68,"Toy Ornithopter":0,"Ring of the Snake":0}],"Toy Ornithopter":35,"Ring of the Snake":[32]},"card_choices":[{"not_picked":["Dodge and Roll","Bane"],"picked":"Flying Knee","floor":1.0},{"not_picked":["Slice","Finisher"],"picked":"Blade Dance","floor":2.0},{"not_picked":["Bane","Infinite Blades","Blur"],"picked":"SKIP","floor":3.0},{"not_picked":["Footwork","Backflip"],"picked":"Slice","floor":4.0},{"not_picked":["Sucker Punch","Outmaneuver"],"picked":"Leg Sweep","floor":7.0},{"not_picked":["Tactician","Deflect"],"picked":"Choke","floor":8.0},{"not_picked":["Underhanded Strike","Burst","Dagger Spray"],"picked":"SKIP","floor":11.0},{"not_picked":["Setup","Cloak And Dagger"],"picked":"Slice","floor":13.0},{"not_picked":["Dodge and Roll","Concentrate"],"picked":"Calculated Gamble","floor":14.0},{"not_picked":["Phantasmal Killer","Night Terror"],"picked":"Glass Knife","floor":16},{"not_picked":["Quick Slash","Dagger Spray"],"picked":"Expertise","floor":18},{"not_picked":["Cloak And Dagger","Caltrops","Bane"],"picked":"SKIP","floor":19},{"not_picked":["Masterful Stab","Quick Slash"],"picked":"Finisher","floor":20},{"not_picked":["Prepared","Riddle With Holes+1","Caltrops"],"picked":"SKIP","floor":21},{"not_picked":["Sucker Punch+1","Dagger Spray","Cloak And Dagger"],"picked":"SKIP","floor":23}],"player_experience":1772955,"relics_obtained":[{"floor":8.0,"key":"Orichalcum"},{"floor":9.0,"key":"Happy Flower"},{"floor":23,"key":"The Courier"},{"floor":24,"key":"War Paint"}],"event_choices":[{"damage_healed":0.0,"max_hp_gain":0.0,"max_hp_loss":0.0,"gold_gain":0.0,"event_name":"Scrap Ooze","player_choice":"Success","floor":5.0,"gold_loss":0.0,"damage_taken":18.0,"relics_obtained":["Darkstone Periapt"]},{"damage_healed":0.0,"max_hp_gain":0.0,"max_hp_loss":0.0,"gold_gain":0.0,"event_name":"Wheel of Change","player_choice":"Damaged","floor":12.0,"gold_loss":0.0,"damage_taken":9.0}],"is_beta":false,"boss_relics":[{"not_picked":["Ring of the Serpent","Black Star"],"picked":"Runic Dome"}],"items_purged_floors":[22],"is_endless":false,"potions_floor_spawned":[2,7,11,14,16,18,21,23],"killed_by":"Gremlin Leader","ascension_level":20,"potion_discard_per_floor":[[],[],[],[],[],[],[],[],[],[],[],[],[],[],[],[],[],[],[],[],[],[],[],[],[]]}