{"neow_bonuses_skipped_log":["THREE_ENEMY_KILL","ONE_RARE_RELIC","BOSS_RELIC"],"neow_costs_skipped_log":["NONE","CURSE","NONE"],"potions_obtained_entropic_brew":[[],[],[],[],[],[],[],[],[],[],[],[],[],[],[],[]],"gold_per_floor":[115,133,147,147,197,197,212,227,227,227,247,279,293,324,324,324],"floor_reached":16,"playtime":630,"items_purged":[],"score":228,"play_id":"42e37f7c-3697-45aa-acae-2e918c39439b","local_time":"20230414101329","score_breakdown":["Floors Climbed (16): 80","Enemies Slain (7): 14","Exordium Elites Killed (2): 20","Bosses Slain (0): 0","Ascension (20): 114"],"is_ascension_mode":true,"potions_obtained_alchemize":[[],[],[],[],[],[],[],[],[],[],[],[],[],[],[],[]],"campfire_choices":[{"data":"Terror","floor":6,"key":"SMITH"},{"data":"Masterful Stab","floor":10,"key":"SMITH"},{"data":"A Thousand Cuts","floor":15,"key":"SMITH"}],"lesson_learned_per_floor":[[],[],[],[],[],[],[],[],[],[],[],[],[],[],[],[]],"neow_cost":"NONE","improvable_cards":{},"seed_source_timestamp":196216464583100,"shop_contents":[],"circlet_count":0,"master_deck":["AscendersBane","Strike_G","Strike_G","Strike_G","Strike_G","Strike_G","Defend_G","Defend_G","Defend_G","Defend_G","Survivor","Neutralize","Masterful Stab+1","Acrobatics","Terror+1","Poisoned Stab","Underhanded Strike","Prepared","Acrobatics","A Thousand Cuts+1"],"potion_use_per_floor":[[],[],[],[],[],[],[],[],[],[],[],["BlessingOfTheForge"],[],[],[],["Block Potion"]],"relics":["Ring of the Snake","Ninja Scroll","Shovel","Molten Egg 2"],"potions_floor_usage":[12,16],"damage_taken":[{"damage":3,"enemies":"Small Slimes","floor":1,"turns":5},{"damage":0,"enemies":"2 Louse","floor":2,"turns":2},{"damage":1,"enemies":"Cultist","floor":3,"turns":3},{"damage":6,"enemies":"Looter","floor":7,"turns":3},{"damage":0,"enemies":"Red Slaver","floor":8,"turns":3},{"damage":0,"enemies":"2 Fungi Beasts","floor":11,"turns":2},{"damage":4,"enemies":"Gremlin Nob","floor":12,"turns":3},{"damage":7,"enemies":"Lots of Slimes","floor":13,"turns":4},{"damage":7,"enemies":"3 Sentries","floor":14,"turns":9},{"damage":39,"enemies":"Hexaghost","floor":16,"turns":9}],"green_key_taken_log":12,"seed_played":"-8094698991752607616","neow_bonus_log":{"cardsObtained":[],"cardsUpgraded":[],"cardsRemoved":["Defend_G"],"cardsTransformed":[],"relicsObtained":[],"maxHpGained":0,"goldGained":0,"damageTaken":0,"goldLost":0,"maxHpLost":0},"potions_obtained":[{"floor":1,"key":"LiquidBronze"},{"floor":3,"key":"Block Potion"},{"floor":8,"key":"BlessingOfTheForge"}],"is_trial":false,"path_per_floor":["M","M","M","?","?","R","M","M","T","R","M","E","M","E","R","B"],"character_chosen":"THE_SILENT","basemod:card_modifiers":[null,null,null,null,null,null,null,null,null,null,null,null,null,null,null,null,null,null,null,null],"items_purchased":[],"campfire_rested":0,"item_purchase_floors":[],"current_hp_per_floor":[56,56,55,60,60,60,54,54,54,54,54,50,43,36,36,0],"gold":324,"neow_bonus":"REMOVE_CARD","is_prod":false,"is_daily":false,"rewards_skipped":[],"chose_seed":false,"campfire_upgraded":3,"win_rate":0,"floor_exit_playtime":[72,115,145,150,155,165,195,241,243,251,280,319,370,530,536],"timestamp":1681481609,"path_taken":["M","M","M","?","?","R","M","M","T","R","M","E","?","E","R","BOSS"],"build_version":"2022-12-18","purchased_purges":0,"victory":false,"max_hp_per_floor":[66,66,66,71,71,71,71,71,71,71,71,71,71,71,71,71],"relic_stats":{"Shovel":0,"counters":[10,43],"obtain_stats":[{"Shovel":12,"Ninja Scroll":9,"Molten Egg 2":14,"Ring of the Snake":0},{"Shovel":7,"Ninja Scroll":5,"Molten Egg 2":9,"Ring of the Snake":0},{"Shovel":21,"Ninja Scroll":16,"Molten Egg 2":34,"Ring of the Snake":0}],"Ring of the Snake":[20]},"card_choices":[{"not_picked":["Infinite Blades","PiercingWail"],"picked":"Masterful Stab","floor":1},{"not_picked":["Heel Hook","Tactician"],"picked":"Acrobatics","floor":2},{"not_picked":["Acrobatics","Flying Knee"],"picked":"Terror","floor":3},{"not_picked":["Expertise","Deadly Poison"],"picked":"Poisoned Stab","floor":7},{"not_picked":["Accuracy","Outmaneuver","Concentrate"],"picked":"SKIP","floor":8},{"not_picked":["Accuracy","Outmaneuver","Concentrate"],"picked":"SKIP","floor":8},{"not_picked":["Backflip","Deflect"],"picked":"Underhanded Strike","floor":11},{"not_picked":["Backflip","Crippling Poison"],"picked":"Prepared","floor":12},{"not_picked":["All Out Attack","Deadly Poison"],"picked":"Acrobatics","floor":13},{"not_picked":["Caltrops","Dodge and Roll"],"picked":"A Thousand Cuts","floor":14}],"player_experience":1774605,"relics_obtained":[{"floor":9,"key":"Ninja Scroll"},{"floor":12,"key":"Shovel"},{"floor":14,"key":"Molten Egg 2"}],"event_choices":[{"damage_healed":0,"gold_gain":0,"player_choice":"Donut","damage_taken":0,"max_hp_gain":5,"max_hp_loss":0,"event_name":"Big Fish","floor":4,"gold_loss":0},{"damage_healed":0,"gold_gain":50,"player_choice":"Pray","damage_taken":0,"max_hp_gain":0,"max_hp_loss":0,"event_name":"Golden Shrine","floor":5,"gold_loss":0}],"is_beta":false,"boss_relics":[],"items_purged_floors":[],"is_endless":false,"potions_floor_spawned":[1,3,8],"killed_by":"Hexaghost","ascension_level":20,"potion_discard_per_floor":[[],[],[],[],[],[],[],["LiquidBronze"],[],[],[],[],[],[],[],[]]}