{"neow_bonuses_skipped_log":["TRANSFORM_CARD","HUNDRED_GOLD","BOSS_RELIC"],"neow_costs_skipped_log":["NONE","NONE","NONE"],"potions_obtained_entropic_brew":[[],[],[],[],[],[],[],[],[],[],[],[],[],[],[],[],[],[],[],[],[],[],[],[],[],[],[],[],[],[],[],[],[],[],[],[],[],[],[],[],[],[],[],[],[],[],[],[],[],[],[],[],[],[],[]],"gold_per_floor":[14,24,40,53,64,64,96,111,135,135,148,113,145,245,245,323,323,342,362,114,14,14,40,40,60,108,137,12,47,74,88,88,164,164,180,180,180,180,26,58,58,83,83,93,104,104,115,115,115,115,115,115,115,31,31],"floor_reached":55,"playtime":3435,"items_purged":["Strike_G","Defend_G","Defend_G"],"score":1990,"play_id":"66355bc6-fbc0-4571-9fcb-f165d2ed8d08","local_time":"20230417160333","score_breakdown":["Floors Climbed (55): 275","Enemies Slain (15): 30","Exordium Elites Killed (2): 20","City Elites Killed (3): 60","Beyond Elites Killed (2): 60","Bosses Slain (4): 500","Champion (1): 25","Overkill: 25","Ascension (20): 995"],"is_ascension_mode":true,"potions_obtained_alchemize":[[],[],[],[],[],[],[],[],[],[],[],[],[],[],[],["Swift Potion"],[],["Block Potion"],["BlessingOfTheForge"],[],[],[],[],[],["Fire Potion"],[],["Explosive Potion"],[],["Poison Potion"],[],[],[],["Fire Potion"],[],["Block Potion"],[],[],[],[],["Energy Potion"],[],["DuplicationPotion"],[],["EssenceOfSteel"],["PowerPotion"],[],[],[],[],["Dexterity Potion"],["Regen Potion"],[],[],[],["LiquidMemories"]],"campfire_choices":[{"floor":6,"key":"REST"},{"floor":10,"key":"REST"},{"data":"Noxious Fumes","floor":15,"key":"SMITH"},{"data":"Wraith Form v2","floor":24,"key":"SMITH"},{"data":"Catalyst","floor":32,"key":"SMITH"},{"data":"Calculated Gamble","floor":41,"key":"SMITH"},{"floor":49,"key":"RECALL"},{"data":"Burst","floor":53,"key":"SMITH"}],"lesson_learned_per_floor":[[],[],[],[],[],[],[],[],[],[],[],[],[],[],[],[],[],[],[],[],[],[],[],[],[],[],[],[],[],[],[],[],[],[],[],[],[],[],[],[],[],[],[],[],[],[],[],[],[],[],[],[],[],[],[]],"neow_cost":"NO_GOLD","improvable_cards":{},"seed_source_timestamp":473612300920300,"shop_contents":[{"floor":20,"relics":["Anchor","Ornamental Fan"],"cards":["Flying Knee","Choke","Prepared","Leg Sweep","Footwork","Bandage Up","Chrysalis"],"potions":["SmokeBomb","SkillPotion","Ancient Potion"]},{"floor":21,"relics":["Dead Branch","Regal Pillow","Medical Kit"],"cards":["Slice","Glass Knife","Dodge and Roll","Catalyst","Accuracy","Discovery","Sadistic Nature"],"potions":["Dexterity Potion","CunningPotion","ColorlessPotion"]},{"floor":28,"relics":["Blood Vial","CeramicFish","Toolbox"],"cards":["Slice","Masterful Stab","Cloak And Dagger","Deadly Poison","Noxious Fumes","Trip","Metamorphosis"],"potions":["Fire Potion","DuplicationPotion","Swift Potion"]},{"floor":37,"relics":["Thread and Needle","War Paint","ClockworkSouvenir"],"cards":["Underhanded Strike","All Out Attack","Leg Sweep","Terror","Footwork","Bandage Up","Metamorphosis"],"potions":["SteroidPotion","Block Potion","Poison Potion"]},{"floor":39,"relics":["Dream Catcher","Bottled Flame","Strange Spoon"],"cards":["Poisoned Stab","Flying Knee","Acrobatics","Caltrops","Dark Shackles","Sadistic Nature"],"potions":["Energy Potion","Swift Potion","SkillPotion"]},{"floor":54,"relics":["InkBottle","Akabeko","TheAbacus"],"cards":["Underhanded Strike","Dash","Expertise","Setup","Well Laid Plans","Deep Breath","The Bomb"],"potions":["GhostInAJar","DuplicationPotion"]}],"circlet_count":0,"master_deck":["AscendersBane","Defend_G","Defend_G","Survivor","Neutralize","Deadly Poison","Leg Sweep","All Out Attack","Underhanded Strike","Noxious Fumes+1","Bouncing Flask","Venomology","Wraith Form v2+1","Storm of Steel+1","Slice+1","Masterful Stab+1","Catalyst+1","Catalyst","Backflip+1","Acrobatics+1","Deflect","Die Die Die","Calculated Gamble+1","Reflex","Tools of the Trade+1","Acrobatics","Burst+1","Calculated Gamble","Reflex","Purity"],"potion_use_per_floor":[[],[],[],[],[],[],[],[],[],[],[],[],["ColorlessPotion","Energy Potion"],[],[],["Poison Potion","Swift Potion"],[],["Block Potion"],[],[],[],[],["ColorlessPotion"],[],["AttackPotion"],[],["Fire Potion"],[],["Explosive Potion","Poison Potion"],[],[],[],["CultistPotion"],[],["Fire Potion"],[],[],[],[],["Block Potion","GhostInAJar"],[],["Energy Potion"],[],["Explosive Potion"],["EssenceOfSteel"],[],[],[],[],["DuplicationPotion","Dexterity Potion"],["PowerPotion","Regen Potion"],[],[],[],[]],"relics":["Ring of the Serpent","Bottled Lightning","MealTicket","Bag of Marbles","Astrolabe","Orrery","Art of War","Orichalcum","Happy Flower","Bag of Preparation","Eternal Feather","Lizard Tail"],"potions_floor_usage":[13,13,16,16,18,23,25,27,29,29,33,35,40,40,42,44,45,50,50,51,51],"damage_taken":[{"damage":17,"enemies":"Cultist","floor":1,"turns":5},{"damage":7,"enemies":"Small Slimes","floor":2,"turns":3},{"damage":0,"enemies":"2 Louse","floor":3,"turns":4},{"damage":18,"enemies":"Lots of Slimes","floor":4,"turns":5},{"damage":1,"enemies":"2 Fungi Beasts","floor":5,"turns":3},{"damage":32,"enemies":"Lagavulin","floor":7,"turns":10},{"damage":0,"enemies":"Exordium Thugs","floor":8,"turns":5},{"damage":0,"enemies":"Looter","floor":11,"turns":5},{"damage":14,"enemies":"3 Sentries","floor":13,"turns":7},{"damage":12,"enemies":"Hexaghost","floor":16,"turns":8},{"damage":0,"enemies":"Chosen","floor":18,"turns":5},{"damage":19,"enemies":"Shell Parasite","floor":19,"turns":7},{"damage":24,"enemies":"Book of Stabbing","floor":23,"turns":5},{"damage":3,"enemies":"3 Cultists","floor":25,"turns":4},{"damage":12,"enemies":"Slavers","floor":27,"turns":6},{"damage":13,"enemies":"Book of Stabbing","floor":29,"turns":6},{"damage":0,"enemies":"Centurion and Healer","floor":31,"turns":4},{"damage":20,"enemies":"Champ","floor":33,"turns":9},{"damage":1,"enemies":"3 Shapes","floor":35,"turns":4},{"damage":1,"enemies":"Giant Head","floor":40,"turns":8},{"damage":0,"enemies":"Nemesis","floor":42,"turns":5},{"damage":0,"enemies":"Orb Walker","floor":44,"turns":4},{"damage":0,"enemies":"Sphere and 2 Shapes","floor":45,"turns":6},{"damage":10,"enemies":"3 Darklings","floor":47,"turns":5},{"damage":55,"enemies":"Awakened One","floor":50,"turns":19},{"damage":34,"enemies":"Time Eater","floor":51,"turns":10},{"damage":106,"enemies":"Shield and Spear","floor":55,"turns":6}],"green_key_taken_log":13,"seed_played":"9035064863680152762","neow_bonus_log":{"cardsObtained":[],"cardsUpgraded":[],"cardsRemoved":["Strike_G","Defend_G"],"cardsTransformed":[],"relicsObtained":[],"maxHpGained":0,"goldGained":0,"damageTaken":0,"goldLost":99,"maxHpLost":0},"potions_obtained":[{"floor":2,"key":"Energy Potion"},{"floor":5,"key":"Weak Potion"},{"floor":8,"key":"ColorlessPotion"},{"floor":13,"key":"Poison Potion"},{"floor":16,"key":"CultistPotion"},{"floor":19,"key":"ColorlessPotion"},{"floor":23,"key":"AttackPotion"},{"floor":29,"key":"GhostInAJar"},{"floor":40,"key":"Explosive Potion"}],"is_trial":false,"path_per_floor":["M","M","M","M","M","R","E","M","T","R","M","?","E","?","R","B",null,"M","M","$","$","?","E","R","M","T","E","$","E","T","M","R","B",null,"M","?","$","?","$","E","R","E","T","M","M","?","M","?","R","B","B",null,"R","$","E"],"character_chosen":"THE_SILENT","basemod:card_modifiers":[null,null,null,null,null,null,null,null,null,null,null,null,null,null,null,null,null,null,null,null,null,null,null,null,null,null,null,null,null,null],"items_purchased":["Orrery","Burst","Ancient Potion"],"campfire_rested":2,"item_purchase_floors":[20,39,54],"current_hp_per_floor":[42,35,35,17,16,35,3,3,3,22,22,38,24,24,24,12,53,53,34,49,64,64,40,40,37,37,25,40,27,27,27,27,7,51,50,50,65,65,66,65,66,66,66,66,66,66,56,46,64,9,23,55,66,66,0],"gold":31,"neow_bonus":"REMOVE_TWO","is_prod":false,"is_daily":false,"rewards_skipped":[{"floor":11,"relics":[],"potions":["SpeedPotion"]},{"floor":27,"relics":["Tiny Chest"],"potions":[]},{"floor":31,"relics":[],"potions":["Poison Potion"]},{"floor":36,"relics":[],"potions":["CultistPotion","GhostInAJar"]},{"floor":42,"relics":[],"potions":["Ancient Potion"]},{"floor":47,"relics":[],"potions":["FairyPotion"]}],"chose_seed":false,"campfire_upgraded":5,"win_rate":0,"floor_exit_playtime":[69,96,137,204,242,246,339,387,392,395,434,438,555,567,573,647,668,742,822,885,902,940,1027,1032,1085,1088,1181,1203,1285,1288,1352,1359,1497,1515,1573,1580,1614,1623,1642,1816,1823,1922,1924,2057,2182,2186,2327,2384,2386,2953,3240,3251,3263,3282],"timestamp":1681761813,"blue_key_relic_skipped_log":{"floor":43,"relicID":"Whetstone"},"path_taken":["M","?","M","M","?","R","E","M","T","R","M","?","E","?","R","BOSS","M","M","?","$","?","E","R","?","T","E","$","E","?","M","R","BOSS","M","?","?","?","$","E","R","E","T","M","?","?","M","?","R","BOSS","BOSS","R","$","E"],"build_version":"2022-12-18","purchased_purges":3,"victory":false,"max_hp_per_floor":[66,66,66,66,66,66,66,66,66,66,66,66,66,66,66,66,66,66,66,66,66,66,66,66,66,66,66,66,66,66,66,66,66,66,66,66,66,66,66,66,66,66,66,66,66,66,66,66,66,66,66,66,66,66,66],"relic_stats":{"Lizard Tail":33,"Happy Flower":[26],"counters":[27,168],"Astrolabe":["Storm of Steel","Slice","Masterful Stab"],"MealTicket":61,"Eternal Feather":30,"Art of War":[40],"Bag of Preparation":[22],"Bottled Lightning":"Deadly Poison","Orichalcum":[222],"obtain_stats":[{"Happy Flower":29,"Astrolabe":17,"Eternal Feather":40,"Bag of Preparation":30,"Orichalcum":26,"Lizard Tail":42,"Orrery":20,"MealTicket":9,"Bag of Marbles":13,"Art of War":23,"Bottled Lightning":7,"Ring of the Serpent":34,"Ring of the Snake":0},{"Happy Flower":16,"Astrolabe":10,"Eternal Feather":20,"Bag of Preparation":16,"Orichalcum":14,"Lizard Tail":21,"Orrery":12,"MealTicket":7,"Bag of Marbles":9,"Art of War":13,"Bottled Lightning":6,"Ring of the Serpent":18,"Ring of the Snake":0},{"Happy Flower":88,"Astrolabe":55,"Eternal Feather":113,"Bag of Preparation":88,"Orichalcum":76,"Lizard Tail":118,"Orrery":67,"MealTicket":35,"Bag of Marbles":47,"Art of War":72,"Bottled Lightning":30,"Ring of the Serpent":101,"Ring of the Snake":0}]},"card_choices":[{"not_picked":["Backflip","Footwork"],"picked":"Deadly Poison","floor":1},{"not_picked":["Concentrate","Prepared"],"picked":"Leg Sweep","floor":2},{"not_picked":["PiercingWail","Bouncing Flask"],"picked":"All Out Attack","floor":3},{"not_picked":["Quick Slash","Leg Sweep"],"picked":"Underhanded Strike","floor":4},{"not_picked":["Deadly Poison","Masterful Stab","Eviscerate"],"picked":"SKIP","floor":5},{"not_picked":["Dagger Throw","Reflex"],"picked":"Noxious Fumes","floor":7},{"not_picked":["Dodge and Roll","Sucker Punch","Outmaneuver"],"picked":"SKIP","floor":8},{"not_picked":["Flying Knee","PiercingWail"],"picked":"Bouncing Flask","floor":11},{"not_picked":["Quick Slash","Distraction"],"picked":"Venomology","floor":13},{"not_picked":["Bullet Time","Adrenaline"],"picked":"Wraith Form v2","floor":16},{"not_picked":["Poisoned Stab+1","Eviscerate"],"picked":"Catalyst","floor":18},{"not_picked":["Skewer","Expertise"],"picked":"Catalyst","floor":19},{"not_picked":["Bouncing Flask","Finisher"],"picked":"Backflip+1","floor":20},{"not_picked":["Accuracy","Endless Agony"],"picked":"Acrobatics+1","floor":20},{"not_picked":["Backflip","Flechettes+1"],"picked":"Deflect","floor":20},{"not_picked":["Dodge and Roll","Masterful Stab","Bane"],"picked":"SKIP","floor":20},{"not_picked":["Quick Slash","Backflip","Calculated Gamble"],"picked":"SKIP","floor":20},{"not_picked":["Infinite Blades","A Thousand Cuts","Underhanded Strike","Storm of Steel","Acrobatics","Sucker Punch","Deadly Poison","Prepared","Quick Slash","Concentrate","Flying Knee","Noxious Fumes","Endless Agony","Blade Dance","Masterful Stab","Dagger Throw","Dodge and Roll","Outmaneuver","Terror"],"picked":"Die Die Die","floor":22},{"not_picked":["Blade Dance","Die Die Die","Bane"],"picked":"SKIP","floor":23},{"not_picked":["Flechettes","Dagger Spray","Blade Dance+1"],"picked":"SKIP","floor":25},{"not_picked":["Masterful Stab","Eviscerate+1"],"picked":"Calculated Gamble","floor":27},{"not_picked":["Flying Knee","Slice","Flechettes+1"],"picked":"SKIP","floor":29},{"not_picked":["Blade Dance","Choke"],"picked":"Reflex","floor":31},{"not_picked":["Wraith Form v2","Grand Finale"],"picked":"Tools of the Trade","floor":33},{"not_picked":["Infinite Blades","Slice"],"picked":"Acrobatics","floor":35},{"not_picked":["Blur","Corpse Explosion"],"picked":"Calculated Gamble","floor":40},{"not_picked":["Prepared","Dagger Spray+1","Heel Hook"],"picked":"SKIP","floor":42},{"not_picked":["Calculated Gamble","Prepared","Underhanded Strike+1"],"picked":"SKIP","floor":44},{"not_picked":["Dagger Spray+1","Dagger Throw+1","Phantasmal Killer"],"picked":"SKIP","floor":45},{"not_picked":["Dagger Throw","Bane+1"],"picked":"Reflex","floor":47},{"not_picked":["Enlightenment","Good Instincts"],"picked":"Purity","floor":48},{"not_picked":["Blind","Dramatic Entrance","Forethought"],"picked":"SKIP","floor":48},{"not_picked":["Flash of Steel","The Bomb","HandOfGreed"],"picked":"SKIP","floor":48}],"player_experience":1804515,"relics_obtained":[{"floor":7,"key":"Bottled Lightning"},{"floor":9,"key":"MealTicket"},{"floor":13,"key":"Bag of Marbles"},{"floor":23,"key":"Art of War"},{"floor":26,"key":"Orichalcum"},{"floor":29,"key":"Happy Flower"},{"floor":30,"key":"Bag of Preparation"},{"floor":40,"key":"Eternal Feather"},{"floor":42,"key":"Lizard Tail"}],"event_choices":[{"damage_healed":16,"gold_gain":0,"player_choice":"Healed","damage_taken":0,"max_hp_gain":0,"max_hp_loss":0,"event_name":"The Cleric","floor":12,"gold_loss":35},{"damage_healed":0,"gold_gain":100,"player_choice":"Gold","damage_taken":0,"max_hp_gain":0,"max_hp_loss":0,"event_name":"Wheel of Change","floor":14,"gold_loss":0},{"damage_healed":0,"gold_gain":0,"player_choice":"Read","damage_taken":0,"max_hp_gain":0,"max_hp_loss":0,"event_name":"The Library","floor":22,"gold_loss":0,"cards_obtained":["Die Die Die"]},{"damage_healed":0,"gold_gain":0,"player_choice":"Got Potions","damage_taken":0,"max_hp_gain":0,"max_hp_loss":0,"event_name":"Lab","floor":36,"gold_loss":0},{"damage_healed":0,"gold_gain":0,"player_choice":"Upgraded","damage_taken":0,"max_hp_gain":0,"max_hp_loss":0,"event_name":"Upgrade Shrine","floor":38,"gold_loss":0,"cards_upgraded":["Tools of the Trade"]},{"damage_healed":0,"gold_gain":0,"player_choice":"Ignored","damage_taken":0,"max_hp_gain":0,"max_hp_loss":0,"event_name":"Tomb of Lord Red Mask","floor":46,"gold_loss":0},{"damage_healed":0,"gold_gain":0,"player_choice":"Memory 3","damage_taken":10,"max_hp_gain":0,"max_hp_loss":0,"event_name":"SensoryStone","floor":48,"gold_loss":0}],"is_beta":false,"boss_relics":[{"not_picked":["Velvet Choker","WristBlade"],"picked":"Astrolabe"},{"not_picked":["Snecko Eye","Philosopher\u0027s Stone"],"picked":"Ring of the Serpent"}],"items_purged_floors":[20,21,28],"is_endless":false,"potions_floor_spawned":[2,5,8,11,13,16,19,23,29,31,40,42,47],"killed_by":"Shield and Spear","ascension_level":20,"potion_discard_per_floor":[[],[],[],[],[],[],[],["Weak Potion"],[],[],[],[],[],[],[],[],[],[],["BlessingOfTheForge"],[],[],[],[],[],[],[],[],[],[],[],[],[],[],[],[],[],[],[],[],[],[],[],[],[],[],[],[],[],[],[],[],[],[],[],[]]}