{"neow_bonuses_skipped_log":["RANDOM_COLORLESS","ONE_RARE_RELIC","BOSS_RELIC"],"neow_costs_skipped_log":["NONE","PERCENT_DAMAGE","NONE"],"potions_obtained_entropic_brew":[[],[],[],[],[],[],[]],"gold_per_floor":[215,233,0,0,15,15,15],"floor_reached":7,"playtime":334,"items_purged":["Defend_G"],"score":82,"play_id":"580f6bcd-9784-4357-8f03-1297d4af5c05","local_time":"20230413203857","score_breakdown":["Floors Climbed (7): 35","Enemies Slain (3): 6","Exordium Elites Killed (0): 0","Bosses Slain (0): 0","Ascension (20): 41"],"is_ascension_mode":true,"potions_obtained_alchemize":[[],[],[],[],[],[],[]],"campfire_choices":[{"data":"Slice","floor":6,"key":"SMITH"}],"lesson_learned_per_floor":[[],[],[],[],[],[],[]],"neow_cost":"NONE","improvable_cards":{},"seed_source_timestamp":147640589053700,"shop_contents":[{"floor":3,"relics":["Art of War","Pocketwatch"],"cards":["Slice","Eviscerate","Dodge and Roll","Outmaneuver","Accuracy","Flash of Steel","HandOfGreed"],"potions":["EntropicBrew","Poison Potion","Strength Potion"]}],"circlet_count":0,"master_deck":["AscendersBane","Strike_G","Strike_G","Strike_G","Strike_G","Strike_G","Defend_G","Defend_G","Defend_G","Defend_G","Survivor","Neutralize","Cloak And Dagger","Acrobatics","Adrenaline","Backstab","Slice+1"],"potion_use_per_floor":[[],[],[],[],[],[],[]],"relics":["Ring of the Snake","Orrery","Toy Ornithopter"],"potions_floor_usage":[],"damage_taken":[{"damage":3,"enemies":"Cultist","floor":1,"turns":4},{"damage":0,"enemies":"2 Louse","floor":2,"turns":4},{"damage":0,"enemies":"Small Slimes","floor":5,"turns":2},{"damage":75,"enemies":"Gremlin Nob","floor":7,"turns":4}],"seed_played":"-8818918542105882767","neow_bonus_log":{"cardsObtained":[],"cardsUpgraded":[],"cardsRemoved":[],"cardsTransformed":[],"relicsObtained":[],"maxHpGained":0,"goldGained":100,"damageTaken":0,"goldLost":0,"maxHpLost":0},"potions_obtained":[],"is_trial":false,"path_per_floor":["M","M","$","?","M","R","E"],"character_chosen":"THE_SILENT","basemod:card_modifiers":[null,null,null,null,null,null,null,null,null,null,null,null,null,null,null,null,null],"items_purchased":["Orrery"],"campfire_rested":0,"item_purchase_floors":[3],"current_hp_per_floor":[56,56,56,56,56,56,0],"gold":15,"neow_bonus":"HUNDRED_GOLD","is_prod":false,"is_daily":false,"rewards_skipped":[],"chose_seed":false,"campfire_upgraded":1,"win_rate":0,"floor_exit_playtime":[133,177,248,263,288,296],"timestamp":1681432737,"path_taken":["M","M","$","?","M","R","E"],"build_version":"2022-12-18","purchased_purges":1,"victory":false,"max_hp_per_floor":[66,66,66,66,66,66,66],"relic_stats":{"counters":[4,14],"obtain_stats":[{"Orrery":3,"Toy Ornithopter":4,"Ring of the Snake":0},{"Orrery":2,"Toy Ornithopter":2,"Ring of the Snake":0},{"Orrery":8,"Toy Ornithopter":8,"Ring of the Snake":0}],"Toy Ornithopter":0,"Ring of the Snake":[8]},"card_choices":[{"not_picked":["Backflip","Bouncing Flask"],"picked":"Cloak And Dagger","floor":1},{"not_picked":["Poisoned Stab","PiercingWail"],"picked":"Acrobatics","floor":2},{"not_picked":["Dagger Throw","Slice"],"picked":"Adrenaline","floor":3},{"not_picked":["Flying Knee","Deflect"],"picked":"Backstab","floor":3},{"not_picked":["PiercingWail","Bullet Time"],"picked":"Slice","floor":3},{"not_picked":["Outmaneuver","Poisoned Stab","Crippling Poison"],"picked":"SKIP","floor":3},{"not_picked":["Leg Sweep","Deadly Poison","Dodge and Roll"],"picked":"SKIP","floor":3},{"not_picked":["Cloak And Dagger","Prepared","Sucker Punch"],"picked":"SKIP","floor":5}],"player_experience":1767671,"relics_obtained":[{"floor":4,"key":"Toy Ornithopter"}],"event_choices":[{"damage_healed":0,"gold_gain":0,"player_choice":"Relic","damage_taken":0,"max_hp_gain":0,"max_hp_loss":0,"event_name":"Wheel of Change","floor":4,"gold_loss":0}],"is_beta":false,"boss_relics":[],"items_purged_floors":[3],"is_endless":false,"potions_floor_spawned":[],"killed_by":"Gremlin Nob","ascension_level":20,"potion_discard_per_floor":[[],[],[],[],[],[],[]]}