{"neow_bonuses_skipped_log":["ONE_RANDOM_RARE_CARD","TWENTY_PERCENT_HP_BONUS","BOSS_RELIC"],"neow_costs_skipped_log":["NONE","PERCENT_DAMAGE","NONE"],"potions_obtained_entropic_brew":[[],[],[],[],[],[]],"gold_per_floor":[111,127,147,72,82,82],"floor_reached":6,"playtime":284,"items_purged":[],"score":76,"play_id":"47470aba-c527-4ce2-af9c-e4ea659ed82a","local_time":"20230413183831","score_breakdown":["Floors Climbed (6): 30","Enemies Slain (4): 8","Exordium Elites Killed (0): 0","Bosses Slain (0): 0","Ascension (20): 38"],"is_ascension_mode":true,"potions_obtained_alchemize":[[],[],[],[],[],[]],"campfire_choices":[],"lesson_learned_per_floor":[[],[],[],[],[],[]],"neow_cost":"NONE","improvable_cards":{},"seed_source_timestamp":140444017241500,"shop_contents":[],"circlet_count":0,"master_deck":["AscendersBane","Strike_G","Strike_G","Strike_G","Strike_G","Defend_G","Defend_G","Defend_G","Defend_G","Defend_G","Survivor","Neutralize","Dagger Throw","Blade Dance","Die Die Die","Well Laid Plans"],"special_seed":0,"potion_use_per_floor":[[],[],[],[],[],[]],"relics":["Ring of the Snake","Pen Nib"],"potions_floor_usage":[],"damage_taken":[{"damage":0,"enemies":"Small Slimes","floor":1,"turns":7},{"damage":0,"enemies":"2 Louse","floor":2,"turns":2},{"damage":0,"enemies":"Jaw Worm","floor":3,"turns":2},{"damage":21,"enemies":"Exordium Thugs","floor":5,"turns":6},{"damage":59,"enemies":"Gremlin Nob","floor":6,"turns":4}],"seed_played":"-2403327122744780826","neow_bonus_log":{"cardsObtained":[],"cardsUpgraded":[],"cardsRemoved":[],"cardsTransformed":[],"relicsObtained":["Pen Nib"],"maxHpGained":0,"goldGained":0,"damageTaken":0,"goldLost":0,"maxHpLost":0},"potions_obtained":[],"is_trial":false,"path_per_floor":["M","M","M","?","M","E"],"character_chosen":"THE_SILENT","basemod:card_modifiers":[null,null,null,null,null,null,null,null,null,null,null,null,null,null,null,null],"items_purchased":[],"campfire_rested":0,"item_purchase_floors":[],"current_hp_per_floor":[59,59,59,59,38,0],"gold":82,"neow_bonus":"RANDOM_COMMON_RELIC","is_prod":false,"is_daily":false,"rewards_skipped":[],"chose_seed":false,"campfire_upgraded":0,"win_rate":0,"floor_exit_playtime":[94,122,148,164,237],"timestamp":1681425511,"path_taken":["M","M","M","?","M","E"],"build_version":"2022-12-18","purchased_purges":0,"victory":false,"max_hp_per_floor":[66,66,66,66,66,66],"relic_stats":{"counters":[5,21],"Pen Nib":[4],"obtain_stats":[{"Pen Nib":0,"Ring of the Snake":0},{"Pen Nib":0,"Ring of the Snake":0},{"Pen Nib":0,"Ring of the Snake":0}],"Ring of the Snake":[10]},"card_choices":[{"not_picked":["Quick Slash","Prepared"],"picked":"Dagger Throw","floor":1},{"not_picked":["Flying Knee","Deadly Poison"],"picked":"Blade Dance","floor":2},{"not_picked":["Backflip","Dodge and Roll"],"picked":"Die Die Die","floor":3},{"not_picked":["Footwork","Backflip"],"picked":"Well Laid Plans","floor":5}],"player_experience":1762061,"relics_obtained":[],"event_choices":[{"cards_removed":["Strike_G"],"damage_healed":0,"gold_gain":0,"player_choice":"Card Removal","damage_taken":0,"max_hp_gain":0,"max_hp_loss":0,"event_name":"The Cleric","floor":4,"gold_loss":75}],"is_beta":false,"boss_relics":[],"items_purged_floors":[],"is_endless":false,"potions_floor_spawned":[],"killed_by":"Gremlin Nob","ascension_level":20,"potion_discard_per_floor":[[],[],[],[],[],[]]}