{"neow_bonuses_skipped_log":["ONE_RANDOM_RARE_CARD","THREE_ENEMY_KILL","BOSS_RELIC"],"neow_costs_skipped_log":["NONE","NONE","NONE"],"potions_obtained_entropic_brew":[[],[],[],[],[],[],[],[],[],[],[],[],[],[],[],[],[],[],[],[],[],[],[],[],[],[],[],[],[]],"gold_per_floor":[110,124,144,158,158,158,186,186,238,265,265,265,301,325,325,415,415,439,439,439,464,116,116,139,139,163,197,197,197],"floor_reached":29,"playtime":1204,"items_purged":["Strike_G"],"score":522,"play_id":"e18bcefe-8d34-4796-9d04-78573d651d55","local_time":"20230414104500","score_breakdown":["Floors Climbed (29): 145","Enemies Slain (8): 16","Exordium Elites Killed (3): 30","City Elites Killed (1): 20","Bosses Slain (1): 50","Ascension (20): 261"],"is_ascension_mode":true,"potions_obtained_alchemize":[[],[],[],[],[],[],[],[],[],[],[],[],[],[],[],[],[],[],[],[],[],[],[],[],[],[],[],[],[]],"campfire_choices":[{"data":"Dagger Throw","floor":6,"key":"SMITH"},{"data":"Well Laid Plans","floor":8,"key":"SMITH"},{"floor":11,"key":"REST"},{"data":"Leg Sweep","floor":15,"key":"SMITH"},{"floor":23,"key":"REST"},{"floor":25,"key":"REST"}],"lesson_learned_per_floor":[[],[],[],[],[],[],[],[],[],[],[],[],[],[],[],[],[],[],[],[],[],[],[],[],[],[],[],[],[]],"neow_cost":"TEN_PERCENT_HP_LOSS","improvable_cards":{},"seed_source_timestamp":197532365251400,"shop_contents":[{"floor":22,"relics":["Bottled Flame","TwistedFunnel"],"cards":["Dagger Throw+1","Unload+1","Dodge and Roll","Tactician","Well Laid Plans","Good Instincts","Secret Technique"],"potions":["Energy Potion","LiquidMemories","BlessingOfTheForge"]}],"circlet_count":0,"master_deck":["AscendersBane","Strike_G","Strike_G","Strike_G","Defend_G","Defend_G","Defend_G","Defend_G","Survivor","Neutralize","Well Laid Plans+1","Endless Agony","Dagger Throw+1","All Out Attack+1","Underhanded Strike","Leg Sweep+1","Tactician","Grand Finale","CurseOfTheBell","Dodge and Roll","Backstab+1","Backstab+1","Die Die Die+1"],"potion_use_per_floor":[[],[],[],[],[],[],["Block Potion"],[],[],[],[],[],[],[],[],["GhostInAJar"],[],["ColorlessPotion"],[],[],["Energy Potion","Explosive Potion"],[],[],[],[],[],["FearPotion"],[],["AttackPotion"]],"relics":["Ring of the Snake","Sundial","Art of War","MealTicket","Golden Idol","WingedGreaves","Calling Bell","Oddly Smooth Stone","Mercury Hourglass","Mango","Nilry\u0027s Codex","Molten Egg 2","Meat on the Bone","Blue Candle"],"potions_floor_usage":[7,16,18,21,21,27,29],"damage_taken":[{"damage":1,"enemies":"Jaw Worm","floor":1,"turns":4},{"damage":1,"enemies":"2 Louse","floor":2,"turns":3},{"damage":1,"enemies":"Cultist","floor":3,"turns":3},{"damage":8,"enemies":"Large Slime","floor":4,"turns":5},{"damage":12,"enemies":"Gremlin Nob","floor":7,"turns":4},{"damage":17,"enemies":"Lagavulin","floor":10,"turns":6},{"damage":19,"enemies":"Gremlin Nob","floor":13,"turns":4},{"damage":0,"enemies":"Lots of Slimes","floor":14,"turns":1},{"damage":7,"enemies":"The Guardian","floor":16,"turns":17},{"damage":23,"enemies":"Shell Parasite","floor":18,"turns":7},{"damage":5,"enemies":"Spheric Guardian","floor":21,"turns":5},{"damage":31,"enemies":"Shelled Parasite and Fungi","floor":24,"turns":4},{"damage":19,"enemies":"Slavers","floor":27,"turns":4},{"damage":41,"enemies":"Book of Stabbing","floor":29,"turns":6}],"green_key_taken_log":13,"seed_played":"-2801284105100032456","neow_bonus_log":{"cardsObtained":["Well Laid Plans","Endless Agony"],"cardsUpgraded":[],"cardsRemoved":[],"cardsTransformed":["Strike_G","Defend_G"],"relicsObtained":[],"maxHpGained":0,"goldGained":0,"damageTaken":0,"goldLost":0,"maxHpLost":6},"potions_obtained":[{"floor":3,"key":"Block Potion"},{"floor":7,"key":"GhostInAJar"},{"floor":10,"key":"Weak Potion"},{"floor":14,"key":"ColorlessPotion"},{"floor":16,"key":"Explosive Potion"},{"floor":18,"key":"Energy Potion"},{"floor":21,"key":"AttackPotion"},{"floor":24,"key":"FearPotion"}],"is_trial":false,"path_per_floor":["M","M","M","M","?","R","E","R","T","E","R","?","E","M","R","B",null,"M","?","T","M","$","R","M","R","T","E","?","E"],"character_chosen":"THE_SILENT","basemod:card_modifiers":[null,null,null,null,null,null,null,null,null,null,null,null,null,null,null,null,null,null,null,null,null,null,null],"items_purchased":["Meat on the Bone"],"campfire_rested":3,"item_purchase_floors":[22],"current_hp_per_floor":[58,57,56,48,48,48,36,36,36,19,37,37,18,18,18,11,57,34,13,13,8,23,43,24,44,44,37,37,0],"gold":197,"neow_bonus":"TRANSFORM_TWO_CARDS","is_prod":false,"is_daily":false,"rewards_skipped":[],"chose_seed":false,"campfire_upgraded":3,"win_rate":0,"floor_exit_playtime":[65,105,141,218,226,252,294,305,308,377,386,389,440,456,465,679,708,799,806,809,892,911,924,1003,1007,1010,1095,1115],"timestamp":1681483500,"blue_key_relic_skipped_log":{"floor":26,"relicID":"Boot"},"path_taken":["M","M","M","M","?","R","E","R","T","E","R","?","E","M","R","BOSS","M","?","?","?","$","R","M","R","T","E","?","E"],"build_version":"2022-12-18","purchased_purges":1,"victory":false,"max_hp_per_floor":[60,60,60,60,60,60,60,60,60,60,60,54,54,54,54,54,68,68,68,68,68,68,68,68,68,68,68,68,68],"relic_stats":{"counters":[14,73],"Sundial":[8],"Golden Idol":52,"Nilry\u0027s Codex":[1,3,2,10],"Blue Candle":[1],"MealTicket":15,"WingedGreaves":0,"Art of War":[5],"obtain_stats":[{"Golden Idol":12,"Nilry\u0027s Codex":19,"Blue Candle":27,"Oddly Smooth Stone":17,"Mango":17,"Mercury Hourglass":17,"Calling Bell":17,"Sundial":7,"MealTicket":10,"Molten Egg 2":20,"WingedGreaves":13,"Art of War":9,"Ring of the Snake":0,"Meat on the Bone":22},{"Golden Idol":6,"Nilry\u0027s Codex":10,"Blue Candle":13,"Oddly Smooth Stone":9,"Mango":9,"Mercury Hourglass":9,"Calling Bell":9,"Sundial":5,"MealTicket":6,"Molten Egg 2":10,"WingedGreaves":7,"Art of War":5,"Ring of the Snake":0,"Meat on the Bone":11},{"Golden Idol":25,"Nilry\u0027s Codex":54,"Blue Candle":67,"Oddly Smooth Stone":47,"Mango":47,"Mercury Hourglass":47,"Calling Bell":47,"Sundial":19,"MealTicket":25,"Molten Egg 2":54,"WingedGreaves":29,"Art of War":19,"Ring of the Snake":0,"Meat on the Bone":59}],"Ring of the Snake":[30],"Mercury Hourglass":[52],"Meat on the Bone":24},"card_choices":[{"not_picked":["Flying Knee","Flechettes"],"picked":"Dagger Throw","floor":1},{"not_picked":["Endless Agony","Bane"],"picked":"All Out Attack","floor":2},{"not_picked":["Prepared","Leg Sweep"],"picked":"Underhanded Strike","floor":3},{"not_picked":["Slice","PiercingWail","Dagger Throw"],"picked":"SKIP","floor":4},{"not_picked":["Dagger Spray","Distraction","Concentrate"],"picked":"SKIP","floor":7},{"not_picked":["Slice","Bane","Distraction"],"picked":"SKIP","floor":10},{"not_picked":["Dagger Spray","Poisoned Stab"],"picked":"Leg Sweep","floor":13},{"not_picked":["Skewer","Storm of Steel"],"picked":"Tactician","floor":14},{"not_picked":["Corpse Explosion","Venomology"],"picked":"Grand Finale","floor":16},{"not_picked":["Flying Knee","PiercingWail"],"picked":"Dodge and Roll","floor":18},{"not_picked":["Setup+1","Dagger Spray+1"],"picked":"Backstab+1","floor":21},{"not_picked":["Dagger Spray+1","Flying Knee+1","Cloak And Dagger"],"picked":"SKIP","floor":24},{"not_picked":["Well Laid Plans","Escape Plan"],"picked":"Backstab+1","floor":27}],"player_experience":1775904,"relics_obtained":[{"floor":7,"key":"Sundial"},{"floor":9,"key":"Art of War"},{"floor":10,"key":"MealTicket"},{"floor":13,"key":"WingedGreaves"},{"floor":17,"key":"Oddly Smooth Stone"},{"floor":17,"key":"Mercury Hourglass"},{"floor":17,"key":"Mango"},{"floor":19,"key":"Nilry\u0027s Codex"},{"floor":20,"key":"Molten Egg 2"},{"floor":27,"key":"Blue Candle"}],"event_choices":[{"damage_healed":0,"gold_gain":0,"player_choice":"Grow","damage_taken":0,"max_hp_gain":0,"max_hp_loss":0,"event_name":"Living Wall","floor":5,"gold_loss":0,"cards_upgraded":["All Out Attack"]},{"damage_healed":0,"gold_gain":0,"player_choice":"Lose Max HP","damage_taken":0,"relics_obtained":["Golden Idol"],"max_hp_gain":0,"max_hp_loss":6,"event_name":"Golden Idol","floor":12,"gold_loss":0},{"damage_healed":0,"gold_gain":0,"player_choice":"Obtained Book","damage_taken":21,"max_hp_gain":0,"max_hp_loss":0,"event_name":"Cursed Tome","floor":19,"gold_loss":0},{"damage_healed":0,"gold_gain":0,"player_choice":"1 cards matched","damage_taken":0,"max_hp_gain":0,"max_hp_loss":0,"event_name":"Match and Keep!","floor":28,"gold_loss":0,"cards_obtained":["Die Die Die"]}],"is_beta":false,"boss_relics":[{"not_picked":["Ring of the Serpent","Snecko Eye"],"picked":"Calling Bell"}],"items_purged_floors":[22],"is_endless":false,"potions_floor_spawned":[3,7,10,14,16,18,21,24],"killed_by":"Book of Stabbing","ascension_level":20,"potion_discard_per_floor":[[],[],[],[],[],[],[],[],[],[],[],[],[],["Weak Potion"],[],[],[],[],[],[],[],[],[],[],[],[],[],[],[]]}