{"neow_bonuses_skipped_log":["RANDOM_COLORLESS","THREE_SMALL_POTIONS","BOSS_RELIC"],"potions_obtained_entropic_brew":[[],[],[],[],[],[],[],[],[],[],[],[],[],[],[],[],[],[],[],[],[],[],[],[],[],[],[],[],[],[],[],[],[],[],[],[],[],[],[],[],[],[],[],[],[],[],[],[],[],[],[]],"neow_costs_skipped_log":["NONE","NONE","NONE"],"gold_per_floor":[12,59,79,95,113,113,130,162,213,226,226,256,273,299,299,376,376,390,409,49,60,60,60,88,103,127,127,139,139,170,188,188,262,262,272,287,187,204,20,20,51,51,51,69,112,133,133,156,156,156,156],"floor_reached":51,"playtime":3095,"items_purged":["Strike_G","Bane","Flying Knee"],"score":1567,"play_id":"609aa268-e831-432c-aed4-c58f3802e77f","local_time":"20230419222426","falling_options_log":["Tactician+1","Footwork"],"score_breakdown":["Floors Climbed (51): 255","Enemies Slain (18): 36","Exordium Elites Killed (3): 30","City Elites Killed (2): 40","Beyond Elites Killed (2): 60","Bosses Slain (3): 300","Collector (1): 25","Champion (1): 25","C-c-c-combo: 25","Ascension (20): 771"],"is_ascension_mode":true,"potions_obtained_alchemize":[[],[],[],[],[],[],[],[],[],[],[],[],[],[],[],[],[],[],[],[],[],[],[],[],[],[],[],[],[],[],[],[],[],[],[],[],[],[],[],[],[],[],[],[],[],[],[],[],[],[],[]],"campfire_choices":[{"data":"Dagger Throw","floor":6.0,"key":"SMITH"},{"floor":11.0,"key":"REST"},{"data":"Terror","floor":15.0,"key":"SMITH"},{"data":"Well Laid Plans","floor":23.0,"key":"SMITH"},{"floor":27.0,"key":"REST"},{"data":"Tactician","floor":29.0,"key":"SMITH"},{"data":"Acrobatics","floor":32.0,"key":"SMITH"},{"data":"Acrobatics","floor":40.0,"key":"SMITH"},{"data":"Wraith Form v2","floor":42.0,"key":"SMITH"},{"floor":49,"key":"RECALL"}],"lesson_learned_per_floor":[[],[],[],[],[],[],[],[],[],[],[],[],[],[],[],[],[],[],[],[],[],[],[],[],[],[],[],[],[],[],[],[],[],[],[],[],[],[],[],[],[],[],[],[],[],[],[],[],[],[],[]],"neow_cost":"NO_GOLD","improvable_cards":{},"seed_source_timestamp":669531941599300,"shop_contents":[{"floor":20,"relics":["Omamori","TwistedFunnel"],"cards":["Flechettes","Choke","Cloak And Dagger","Blur","Noxious Fumes","Swift Strike","Sadistic Nature"],"potions":["Explosive Potion","FearPotion","ColorlessPotion"]},{"floor":37,"relics":["Molten Egg 2","InkBottle","Sling"],"cards":["Predator","Dagger Throw","Backflip","Prepared","Noxious Fumes","Deep Breath","Thinking Ahead"],"potions":["SteroidPotion","Swift Potion","Ancient Potion"]},{"floor":39,"relics":["Letter Opener","Anchor","Cauldron"],"cards":["Dash","Sucker Punch","Distraction","Noxious Fumes","Forethought","Master of Strategy"],"potions":["Fire Potion","DuplicationPotion","SneckoOil"]}],"circlet_count":0,"master_deck":["AscendersBane","Survivor","Neutralize","Backstab","Dagger Throw+1","After Image","Acrobatics+1","Eviscerate","Well Laid Plans+1","Terror+1","Dash","Backflip","Blade Dance","After Image","Acrobatics+1","Blade Dance","Doppelganger+1","After Image","Tactician+1","Burst","Adrenaline","A Thousand Cuts","Wraith Form v2+1","Caltrops","Backstab","Footwork","Acrobatics","Madness","Madness","Prepared+1","Acrobatics","Concentrate+1"],"special_seed":0,"potion_use_per_floor":[[],[],[],[],[],[],[],[],[],[],[],["DuplicationPotion"],[],["Fire Potion"],[],["DistilledChaos"],[],[],["Strength Potion"],[],[],[],[],["BlessingOfTheForge","SteroidPotion"],[],[],[],["Fire Potion"],[],["SteroidPotion"],[],[],["Swift Potion"],[],[],[],[],[],[],[],[],[],[],[],["Energy Potion"],[],[],[],[],["Dexterity Potion","LiquidMemories"],[]],"relics":["Ring of the Snake","Tingsha","Pen Nib","Calipers","Nunchaku","White Beast Statue","Oddly Smooth Stone","HoveringKite","Sundial","Singing Bowl","Darkstone Periapt","Pandora\u0027s Box","CeramicFish","Regal Pillow"],"potions_floor_usage":[50,50],"damage_taken":[{"damage":0.0,"enemies":"Cultist","floor":1.0,"turns":4.0},{"damage":0.0,"enemies":"Small Slimes","floor":3.0,"turns":4.0},{"damage":0.0,"enemies":"Jaw Worm","floor":4.0,"turns":1.0},{"damage":0.0,"enemies":"2 Fungi Beasts","floor":5.0,"turns":4.0},{"damage":17.0,"enemies":"Large Slime","floor":7.0,"turns":5.0},{"damage":11.0,"enemies":"3 Sentries","floor":8.0,"turns":7.0},{"damage":4.0,"enemies":"Looter","floor":10.0,"turns":3.0},{"damage":6.0,"enemies":"Gremlin Nob","floor":12.0,"turns":3.0},{"damage":0.0,"enemies":"2 Fungi Beasts","floor":13.0,"turns":4.0},{"damage":1.0,"enemies":"3 Sentries","floor":14.0,"turns":9.0},{"damage":13.0,"enemies":"Slime Boss","floor":16.0,"turns":7.0},{"damage":0.0,"enemies":"Chosen","floor":18.0,"turns":3.0},{"damage":0.0,"enemies":"2 Thieves","floor":19.0,"turns":3.0},{"damage":7.0,"enemies":"Snecko","floor":21.0,"turns":7.0},{"damage":18.0,"enemies":"Slavers","floor":24.0,"turns":6.0},{"damage":8.0,"enemies":"Snake Plant","floor":25.0,"turns":4.0},{"damage":0.0,"enemies":"Cultist and Chosen","floor":28.0,"turns":4.0},{"damage":9.0,"enemies":"Gremlin Leader","floor":30.0,"turns":6.0},{"damage":2.0,"enemies":"Centurion and Healer","floor":31.0,"turns":8.0},{"damage":12.0,"enemies":"Automaton","floor":33.0,"turns":10.0},{"damage":0.0,"enemies":"3 Darklings","floor":35.0,"turns":5.0},{"damage":2.0,"enemies":"Orb Walker","floor":36.0,"turns":3.0},{"damage":6.0,"enemies":"Maw","floor":38.0,"turns":6.0},{"damage":1.0,"enemies":"Giant Head","floor":41.0,"turns":4.0},{"damage":0.0,"enemies":"Reptomancer","floor":45.0,"turns":4.0},{"damage":1,"enemies":"Writhing Mass","floor":46,"turns":6},{"damage":6,"enemies":"Sphere and 2 Shapes","floor":48,"turns":4},{"damage":6,"enemies":"Awakened One","floor":50,"turns":5},{"damage":40,"enemies":"Time Eater","floor":51,"turns":2}],"green_key_taken_log":24,"seed_played":"2469754958079955572","neow_bonus_log":{"cardsObtained":[],"cardsUpgraded":[],"cardsRemoved":[],"cardsTransformed":[],"relicsObtained":["Tingsha"],"maxHpGained":0,"goldGained":0,"damageTaken":0,"goldLost":99,"maxHpLost":0},"potions_obtained":[{"floor":4.0,"key":"Weak Potion"},{"floor":8.0,"key":"DuplicationPotion"},{"floor":10.0,"key":"Fire Potion"},{"floor":13.0,"key":"DistilledChaos"},{"floor":14.0,"key":"BlessingOfTheForge"},{"floor":16.0,"key":"Strength Potion"},{"floor":18.0,"key":"SteroidPotion"},{"floor":19.0,"key":"BlessingOfTheForge"},{"floor":24.0,"key":"SteroidPotion"},{"floor":25.0,"key":"Fire Potion"},{"floor":28.0,"key":"SteroidPotion"},{"floor":30.0,"key":"CunningPotion"},{"floor":31.0,"key":"Swift Potion"},{"floor":33.0,"key":"CunningPotion"},{"floor":35.0,"key":"Energy Potion"},{"floor":45.0,"key":"SkillPotion"},{"floor":46,"key":"LiquidMemories"},{"floor":48,"key":"Dexterity Potion"}],"is_trial":false,"path_per_floor":["M","T","M","M","M","R","M","E","T","M","R","E","M","E","R","B",null,"M","M","$","M","?","R","E","M","T","R","M","R","E","M","R","B",null,"M","M","$","M","$","R","E","R","T","?","E","M","?","M","R","B","B"],"character_chosen":"THE_SILENT","basemod:card_modifiers":[null,null,null,null,null,null,null,null,null,null,null,null,null,null,null,null,null,null,null,null,null,null,null,null,null,null,null,null,null,null,null,null],"items_purchased":["Sundial","Acrobatics"],"campfire_rested":2,"item_purchase_floors":[20,39],"current_hp_per_floor":[59,59,59,59,59,59,42,31,31,27,46,40,40,39,39,26,56,56,56,56,49,49,49,33,25,25,45,45,45,38,38,38,26,61,63,63,63,59,59,59,60,60,60,46,46,45,45,39,39,33,0],"gold":156,"neow_bonus":"ONE_RARE_RELIC","is_prod":false,"is_daily":false,"rewards_skipped":[{"floor":21,"relics":[],"potions":["Explosive Potion"]},{"floor":36,"relics":[],"potions":["EssenceOfSteel"]},{"floor":38,"relics":[],"potions":["Poison Potion"]},{"floor":41,"relics":[],"potions":["Strength Potion"]},{"floor":45,"relics":["Ninja Scroll"],"potions":[]}],"chose_seed":false,"campfire_upgraded":7,"win_rate":0,"floor_exit_playtime":[44,46,81,100,148,155,222,292,296,341,346,391,442,553,559,672,768,817,875,890,980,991,1001,1114,1177,1180,1184,1250,1257,1380,1506,1515,1708,1753,1873,1922,1933,2056,2104,2129,2270,2283,2287,2294,2399,2565,2569,2675,2679,3039],"timestamp":1681957466,"blue_key_relic_skipped_log":{"floor":26,"relicID":"Orichalcum"},"path_taken":["M","?","M","M","M","R","M","E","T","M","R","E","M","E","R","BOSS","M","M","$","M","?","R","E","?","T","R","M","R","E","M","R","BOSS","M","M","$","M","$","R","E","R","T","?","E","M","?","M","R","BOSS","BOSS"],"build_version":"2022-12-18","purchased_purges":3,"victory":false,"max_hp_per_floor":[66,66,66,66,66,66,66,66,66,66,66,66,66,66,66,66,66,66,66,66,66,66,66,68,68,68,68,68,68,70,72,72,72,72,74,76,76,78,78,78,80,80,80,80,80,80,80,80,80,80,80],"relic_stats":{"Darkstone Periapt":0,"Regal Pillow":0,"Calipers":[969],"Singing Bowl":14,"counters":[29,141],"CeramicFish":45,"HoveringKite":[65],"Tingsha":[609],"Pen Nib":[47],"White Beast Statue":[0.0,0.02499840000000001,0.0,0.27258880000000013,0.0,0.4967808000000003,0.0,0.1935360000000001,0.0,0.012096000000000006,0.0,8.915966464000004],"Nunchaku":[43],"Sundial":[28],"Pandora\u0027s Box":["Adrenaline","A Thousand Cuts","Sucker Punch","Flying Knee","Wraith Form v2","Bane","Caltrops","Backstab","Footwork"],"obtain_stats":[{"Darkstone Periapt":30,"Regal Pillow":43,"Calipers":8,"Singing Bowl":24,"CeramicFish":41,"Oddly Smooth Stone":14,"HoveringKite":17,"Tingsha":0,"Pen Nib":2,"White Beast Statue":12,"Nunchaku":9,"Sundial":20,"Pandora\u0027s Box":34,"Ring of the Snake":0},{"Darkstone Periapt":18,"Regal Pillow":24,"Calipers":6,"Singing Bowl":15,"CeramicFish":24,"Oddly Smooth Stone":10,"HoveringKite":11,"Tingsha":0,"Pen Nib":1,"White Beast Statue":8,"Nunchaku":6,"Sundial":13,"Pandora\u0027s Box":20,"Ring of the Snake":0},{"Darkstone Periapt":84,"Regal Pillow":120,"Calipers":25,"Singing Bowl":70,"CeramicFish":120,"Oddly Smooth Stone":44,"HoveringKite":51,"Tingsha":0,"Pen Nib":4,"White Beast Statue":31,"Nunchaku":25,"Sundial":57,"Pandora\u0027s Box":102,"Ring of the Snake":0}],"Ring of the Snake":[58]},"card_choices":[{"not_picked":["Acrobatics","Flying Knee"],"picked":"Backstab","floor":1.0},{"not_picked":["Dagger Spray","Quick Slash"],"picked":"Dagger Throw","floor":3.0},{"not_picked":["Deadly Poison","Acrobatics"],"picked":"After Image","floor":4.0},{"not_picked":["Footwork","Dodge and Roll"],"picked":"Acrobatics","floor":5.0},{"not_picked":["Acrobatics","Caltrops"],"picked":"Eviscerate","floor":7.0},{"not_picked":["Bullet Time","Flying Knee"],"picked":"Well Laid Plans","floor":8.0},{"not_picked":["Bane","Sucker Punch"],"picked":"Terror","floor":10.0},{"not_picked":["Malaise","Leg Sweep"],"picked":"Dash","floor":12.0},{"not_picked":["Dodge and Roll","Dash"],"picked":"Backflip","floor":13.0},{"not_picked":["Slice","Predator"],"picked":"Blade Dance","floor":14.0},{"not_picked":["Storm of Steel","Wraith Form v2"],"picked":"After Image","floor":16.0},{"not_picked":["Dagger Throw","Backstab"],"picked":"Acrobatics","floor":18.0},{"not_picked":["Dagger Throw","Acrobatics"],"picked":"Blade Dance","floor":19.0},{"not_picked":["Sucker Punch","Poisoned Stab"],"picked":"Doppelganger","floor":21.0},{"not_picked":["Sucker Punch","Predator","Prepared"],"picked":"Singing Bowl","floor":24.0},{"not_picked":["Deadly Poison","Poisoned Stab"],"picked":"After Image","floor":25.0},{"not_picked":["Riddle With Holes","Quick Slash"],"picked":"Tactician","floor":28.0},{"not_picked":["Infinite Blades","Sucker Punch","Terror"],"picked":"Singing Bowl","floor":30.0},{"not_picked":["Cloak And Dagger","PiercingWail","Sucker Punch"],"picked":"Singing Bowl","floor":31.0},{"not_picked":["Unload","Grand Finale"],"picked":"Burst","floor":33.0},{"not_picked":["Well Laid Plans","Sucker Punch","Blade Dance"],"picked":"Singing Bowl","floor":35.0},{"not_picked":["All Out Attack","Quick Slash","Blade Dance"],"picked":"Singing Bowl","floor":36.0},{"not_picked":["Catalyst+1","Setup","Quick Slash+1"],"picked":"Singing Bowl","floor":38.0},{"not_picked":["Blade Dance","Dagger Spray+1","Cloak And Dagger"],"picked":"Singing Bowl","floor":41.0},{"not_picked":["Envenom","Outmaneuver"],"picked":"Prepared+1","floor":45.0},{"not_picked":["Sucker Punch","Underhanded Strike"],"picked":"Acrobatics","floor":46},{"not_picked":["PiercingWail","Accuracy"],"picked":"Concentrate+1","floor":48}],"player_experience":1828682,"relics_obtained":[{"floor":2.0,"key":"Pen Nib"},{"floor":8.0,"key":"Calipers"},{"floor":9.0,"key":"Nunchaku"},{"floor":12.0,"key":"White Beast Statue"},{"floor":14.0,"key":"Oddly Smooth Stone"},{"floor":24.0,"key":"Singing Bowl"},{"floor":30.0,"key":"Darkstone Periapt"},{"floor":41.0,"key":"CeramicFish"},{"floor":43.0,"key":"Regal Pillow"}],"event_choices":[{"damage_healed":0.0,"max_hp_gain":0.0,"max_hp_loss":0.0,"gold_gain":0.0,"event_name":"Accursed Blacksmith","player_choice":"Forge","floor":22.0,"gold_loss":0.0,"damage_taken":0.0,"cards_upgraded":["Doppelganger"]},{"damage_healed":0.0,"max_hp_gain":0.0,"max_hp_loss":0.0,"gold_gain":0.0,"event_name":"Winding Halls","player_choice":"Embrace Madness","floor":44.0,"gold_loss":0.0,"damage_taken":14.0,"cards_obtained":["Madness","Madness"]},{"cards_removed":["Sucker Punch"],"damage_healed":0,"gold_gain":0,"player_choice":"Removed Attack","damage_taken":0,"max_hp_gain":0,"max_hp_loss":0,"event_name":"Falling","floor":47,"gold_loss":0}],"is_beta":false,"boss_relics":[{"not_picked":["Fusion Hammer","WristBlade"],"picked":"HoveringKite"},{"not_picked":["Tiny House","Busted Crown"],"picked":"Pandora\u0027s Box"}],"items_purged_floors":[20,37,39],"is_endless":false,"potions_floor_spawned":[4,8,10,13,14,16,18,19,21,24,25,28,30,31,33,35,36,38,41,45,46,48],"killed_by":"Time Eater","ascension_level":20,"potion_discard_per_floor":[[],[],[],[],[],[],[],[],[],["Weak Potion"],[],[],[],[],[],[],[],["BlessingOfTheForge"],[],[],[],[],[],[],[],[],[],[],[],[],["CunningPotion"],[],[],[],["CunningPotion"],[],[],[],[],[],[],[],[],[],[],["SkillPotion"],[],["SteroidPotion"],[],[],[]]}