{"neow_bonuses_skipped_log":["RANDOM_COLORLESS","TWENTY_PERCENT_HP_BONUS","BOSS_RELIC"],"neow_costs_skipped_log":["NONE","CURSE","NONE"],"potions_obtained_entropic_brew":[[],[],[],[],[],[],[],[],[],[],[],[],[],[],[],[],[],[],[],[],[],[],[],[],[],[],[],[],[],[],[],[],[],[],[],[],[],[],[],[]],"gold_per_floor":[119,119,134,146,146,146,171,171,171,16,16,47,60,86,86,163,163,182,182,198,198,248,248,275,292,319,319,353,373,386,397,397,475,475,491,511,511,524,44,44],"floor_reached":40,"playtime":1577,"items_purged":["Strike_G"],"score":892,"play_id":"c40a600c-797c-4787-a3c0-754462c86d6e","local_time":"20230414114146","score_breakdown":["Floors Climbed (40): 200","Enemies Slain (13): 26","Exordium Elites Killed (3): 30","City Elites Killed (2): 40","Beyond Elites Killed (0): 0","Bosses Slain (2): 150","Ascension (20): 446"],"is_ascension_mode":true,"potions_obtained_alchemize":[[],[],[],[],[],[],[],[],[],[],[],[],[],[],[],[],[],[],[],[],[],[],[],[],[],[],[],[],[],[],[],[],[],[],[],[],[],[],[],[]],"campfire_choices":[{"data":"Slice","floor":6.0,"key":"SMITH"},{"floor":11,"key":"REST"},{"data":"Deadly Poison","floor":15,"key":"SMITH"},{"floor":23,"key":"REST"},{"data":"Footwork","floor":32,"key":"SMITH"}],"lesson_learned_per_floor":[[],[],[],[],[],[],[],[],[],[],[],[],[],[],[],[],[],[],[],[],[],[],[],[],[],[],[],[],[],[],[],[],[],[],[],[],[],[],[],[]],"neow_cost":"NONE","improvable_cards":{},"seed_source_timestamp":200554586848900,"shop_contents":[{"floor":8,"relics":["Sundial","Nunchaku","TheAbacus"],"cards":["Endless Agony","Dagger Throw","Prepared","Acrobatics","Caltrops","Trip","Magnetism"],"potions":["SkillPotion","Explosive Potion","DuplicationPotion"]},{"floor":10,"relics":["Mercury Hourglass","Juzu Bracelet","HandDrill"],"cards":["All Out Attack","Poisoned Stab","Storm of Steel","Deflect","Well Laid Plans","Purity","Sadistic Nature"],"potions":["Dexterity Potion","GamblersBrew"]},{"floor":39,"relics":[],"cards":["All Out Attack","Bane","Corpse Explosion","Accuracy","Swift Strike","Violence"],"potions":["SkillPotion","CultistPotion","Fire Potion"]}],"circlet_count":0,"master_deck":["AscendersBane","Strike_G","Defend_G","Defend_G","Defend_G","Defend_G","Defend_G+1","Survivor","Neutralize+1","Footwork+1","Deadly Poison+1","Slice+1","Dash","Escape Plan","Backflip","Glass Knife","Night Terror+1","Bouncing Flask+1","Choke+1","Predator","Backflip+1","Well Laid Plans","Prepared+1","After Image","Acrobatics","Neutralize","Corpse Explosion","Catalyst"],"special_seed":0,"potion_use_per_floor":[[],[],[],[],[],[],["CultistPotion"],[],[],[],[],["LiquidMemories"],[],["AttackPotion"],[],[],[],[],[],[],[],[],[],["Explosive Potion"],[],[],[],[],[],[],[],[],["SkillPotion"],[],[],[],[],[],[],["FearPotion"]],"relics":["Ring of the Snake","Regal Pillow","Ninja Scroll","Bag of Marbles","Omamori","Astrolabe","Necronomicon","Eternal Feather","Pen Nib","WarpedTongs","Shuriken","Black Star","Membership Card","Mummified Hand","Bottled Tornado"],"potions_floor_usage":[7,12,14,24,33,40],"damage_taken":[{"damage":0.0,"enemies":"2 Louse","floor":1.0,"turns":2.0},{"damage":0.0,"enemies":"Jaw Worm","floor":3.0,"turns":8.0},{"damage":7.0,"enemies":"Small Slimes","floor":4.0,"turns":4.0},{"damage":8,"enemies":"Lagavulin","floor":7,"turns":8},{"damage":13,"enemies":"3 Sentries","floor":12,"turns":9},{"damage":0,"enemies":"Red Slaver","floor":13,"turns":1},{"damage":8,"enemies":"Gremlin Nob","floor":14,"turns":3},{"damage":22,"enemies":"The Guardian","floor":16,"turns":12},{"damage":0,"enemies":"Spheric Guardian","floor":18,"turns":2},{"damage":0,"enemies":"Chosen","floor":20,"turns":1},{"damage":7,"enemies":"Slavers","floor":24,"turns":3},{"damage":0,"enemies":"Snecko","floor":25,"turns":2},{"damage":16,"enemies":"Gremlin Leader","floor":28,"turns":4},{"damage":12,"enemies":"Cultist and Chosen","floor":29,"turns":4},{"damage":0,"enemies":"Shelled Parasite and Fungi","floor":30,"turns":3},{"damage":0,"enemies":"Centurion and Healer","floor":31,"turns":2},{"damage":22,"enemies":"Automaton","floor":33,"turns":10},{"damage":5,"enemies":"3 Darklings","floor":35,"turns":6},{"damage":0,"enemies":"Orb Walker","floor":36,"turns":1},{"damage":16,"enemies":"Maw","floor":38,"turns":9},{"damage":60,"enemies":"Giant Head","floor":40,"turns":7}],"seed_played":"9150403034563655726","neow_bonus_log":{"cardsObtained":[],"cardsUpgraded":[],"cardsRemoved":[],"cardsTransformed":[],"relicsObtained":[],"maxHpGained":0,"goldGained":0,"damageTaken":0,"goldLost":0,"maxHpLost":0},"potions_obtained":[{"floor":0.0,"key":"EntropicBrew"},{"floor":0.0,"key":"CultistPotion"},{"floor":3.0,"key":"AttackPotion"},{"floor":16,"key":"Explosive Potion"},{"floor":24,"key":"FearPotion"},{"floor":29,"key":"SkillPotion"},{"floor":38,"key":"PowerPotion"}],"is_trial":false,"path_per_floor":["M","?","M","M","?","R","E","$","T","$","R","E","M","E","R","B",null,"M","?","M","?","?","R","E","M","T","?","E","M","M","M","R","B",null,"M","M","?","M","$","E"],"character_chosen":"THE_SILENT","basemod:card_modifiers":[null,null,null,null,null,null,null,null,null,null,null,null,null,null,null,null,null,null,null,null,null,null,null,null,null,null,null,null],"items_purchased":["LiquidMemories","Membership Card","Mummified Hand","Catalyst","Bottled Tornado"],"campfire_rested":2,"item_purchase_floors":[10,39,39,39,39],"current_hp_per_floor":[59,59,59,52,32,32,24,24,24,24,58,45,45,37,37,15,53,53,32,32,32,32,66,59,59,59,59,43,31,31,31,43,21,55,50,50,50,34,34,0],"gold":44,"neow_bonus":"THREE_SMALL_POTIONS","is_prod":false,"is_daily":false,"rewards_skipped":[{"floor":0,"relics":[],"potions":["GhostInAJar"]},{"floor":1,"relics":[],"potions":["Weak Potion"]},{"floor":30,"relics":[],"potions":["CunningPotion"]},{"floor":31,"relics":[],"potions":["LiquidBronze"]}],"chose_seed":false,"campfire_upgraded":3,"win_rate":0,"floor_exit_playtime":[43,48,110,142,145,152,204,225,230,244,248,324,352,393,398,513,532,559,566,581,590,594,604,654,688,692,696,766,833,876,904,912,1112,1128,1235,1250,1269,1423,1438],"timestamp":1681486906,"path_taken":["M","?","M","M","?","R","E","$","T","$","R","E","M","E","R","BOSS","M","?","M","?","?","R","E","M","T","?","E","M","M","?","R","BOSS","M","M","?","M","$","E"],"build_version":"2022-12-18","purchased_purges":1,"victory":false,"max_hp_per_floor":[66,66,66,66,66,66,66,66,66,66,66,66,66,66,66,66,66,66,66,66,66,66,66,66,66,66,66,66,66,66,66,66,66,66,66,66,66,66,66,66],"relic_stats":{"Regal Pillow":30,"counters":[21,101],"Astrolabe":["Night Terror","Bouncing Flask","Choke"],"Eternal Feather":12,"Pen Nib":[13],"Omamori":2,"Bottled Tornado":"Well Laid Plans","WarpedTongs":[46],"Shuriken":[24],"Mummified Hand":[3],"Necronomicon":[33],"Black Star":0,"Membership Card":314,"obtain_stats":[{"Regal Pillow":7,"Astrolabe":17,"Eternal Feather":24,"Pen Nib":26,"Omamori":14,"Bottled Tornado":39,"WarpedTongs":27,"Ninja Scroll":9,"Shuriken":28,"Mummified Hand":39,"Bag of Marbles":12,"Necronomicon":19,"Black Star":34,"Membership Card":39,"Ring of the Snake":0},{"Regal Pillow":4,"Astrolabe":8,"Eternal Feather":11,"Pen Nib":12,"Omamori":7,"Bottled Tornado":20,"WarpedTongs":12,"Ninja Scroll":4,"Shuriken":13,"Mummified Hand":20,"Bag of Marbles":5,"Necronomicon":9,"Black Star":17,"Membership Card":20,"Ring of the Snake":0},{"Regal Pillow":22,"Astrolabe":47,"Eternal Feather":53,"Pen Nib":55,"Omamori":35,"Bottled Tornado":94,"WarpedTongs":55,"Ninja Scroll":22,"Shuriken":59,"Mummified Hand":94,"Bag of Marbles":31,"Necronomicon":49,"Black Star":78,"Membership Card":94,"Ring of the Snake":0}],"Ring of the Snake":[42]},"card_choices":[{"not_picked":["Dodge and Roll","Tactician"],"picked":"Footwork","floor":1.0},{"not_picked":["Calculated Gamble","Deflect"],"picked":"Deadly Poison","floor":3.0},{"not_picked":["Backflip","Blur"],"picked":"Slice","floor":4.0},{"not_picked":["Cloak And Dagger","Heel Hook"],"picked":"Dash","floor":7},{"not_picked":["Finisher","Slice"],"picked":"Escape Plan","floor":12},{"not_picked":["Caltrops","Sucker Punch","Bane"],"picked":"SKIP","floor":13},{"not_picked":["Burst","Acrobatics"],"picked":"Backflip","floor":14},{"not_picked":["Grand Finale","Night Terror"],"picked":"Glass Knife","floor":16},{"not_picked":["Infinite Blades","Choke","Quick Slash"],"picked":"SKIP","floor":18},{"not_picked":["Sucker Punch","Accuracy+1","Slice"],"picked":"SKIP","floor":20},{"not_picked":["Sucker Punch","Flying Knee"],"picked":"Predator","floor":24},{"not_picked":["A Thousand Cuts","Bane","Flying Knee"],"picked":"SKIP","floor":25},{"not_picked":["Dagger Spray","Deflect","Expertise"],"picked":"SKIP","floor":28},{"not_picked":["Expertise","Underhanded Strike"],"picked":"Backflip+1","floor":29},{"not_picked":["Setup","Backflip"],"picked":"Well Laid Plans","floor":30},{"not_picked":["Accuracy","Sucker Punch"],"picked":"Prepared+1","floor":31},{"not_picked":["Tools of the Trade","Unload"],"picked":"After Image","floor":33},{"not_picked":["Quick Slash","Flying Knee"],"picked":"Acrobatics","floor":35},{"not_picked":["Slice","Crippling Poison","Cloak And Dagger"],"picked":"SKIP","floor":36},{"not_picked":["Flechettes+1","Underhanded Strike","Dagger Throw+1"],"picked":"SKIP","floor":38}],"player_experience":1778810,"relics_obtained":[{"floor":7,"key":"Regal Pillow"},{"floor":9,"key":"Ninja Scroll"},{"floor":12,"key":"Bag of Marbles"},{"floor":14,"key":"Omamori"},{"floor":19,"key":"Necronomicon"},{"floor":24,"key":"Eternal Feather"},{"floor":26,"key":"Pen Nib"},{"floor":28,"key":"Shuriken"}],"event_choices":[{"damage_healed":0.0,"max_hp_gain":0.0,"max_hp_loss":0.0,"gold_gain":0.0,"event_name":"Liars Game","player_choice":"Ignored","floor":2.0,"gold_loss":0.0,"damage_taken":0.0},{"damage_healed":0.0,"max_hp_gain":0.0,"max_hp_loss":0.0,"gold_gain":0.0,"event_name":"Shining Light","player_choice":"Entered Light","floor":5.0,"gold_loss":0.0,"damage_taken":20.0,"cards_upgraded":["Neutralize","Defend_G"]},{"damage_healed":0,"gold_gain":0,"player_choice":"Obtained Book","damage_taken":21,"max_hp_gain":0,"max_hp_loss":0,"event_name":"Cursed Tome","floor":19,"gold_loss":0},{"damage_healed":0,"gold_gain":0,"player_choice":"Ignored","damage_taken":0,"max_hp_gain":0,"max_hp_loss":0,"event_name":"Vampires","floor":21,"gold_loss":0},{"damage_healed":0,"gold_gain":50,"player_choice":"Stole From Cult","damage_taken":0,"max_hp_gain":0,"max_hp_loss":0,"event_name":"Nest","floor":22,"gold_loss":0},{"damage_healed":0,"gold_gain":0,"player_choice":"Rummage","damage_taken":0,"relics_obtained":["WarpedTongs"],"max_hp_gain":0,"max_hp_loss":0,"event_name":"Accursed Blacksmith","floor":27,"gold_loss":0,"cards_obtained":["Pain"]},{"damage_healed":0,"gold_gain":0,"player_choice":"2 cards matched","damage_taken":0,"max_hp_gain":0,"max_hp_loss":0,"event_name":"Match and Keep!","floor":37,"gold_loss":0,"cards_obtained":["Neutralize","Corpse Explosion"]}],"is_beta":false,"boss_relics":[{"not_picked":["Snecko Eye","Fusion Hammer"],"picked":"Astrolabe"},{"not_picked":["SacredBark","Pandora\u0027s Box"],"picked":"Black Star"}],"items_purged_floors":[10],"is_endless":false,"potions_floor_spawned":[1,3,16,24,29,30,31,38],"killed_by":"Giant Head","ascension_level":20,"potion_discard_per_floor":[[],[],["EntropicBrew"],[],[],[],[],[],[],[],[],[],[],[],[],[],[],[],[],[],[],[],[],[],[],[],[],[],[],[],[],[],[],[],[],[],[],[],[],[]]}