{"neow_bonuses_skipped_log":["UPGRADE_CARD","THREE_SMALL_POTIONS","BOSS_RELIC"],"potions_obtained_entropic_brew":[[],[],[],[],[],[],[],[],[],[],[]],"neow_costs_skipped_log":["NONE","NONE","NONE"],"gold_per_floor":[14,34,84,95,95,95,124,143,222,232,232],"floor_reached":11,"playtime":377,"items_purged":[],"score":150,"play_id":"fd58621f-3cfc-44a3-a95c-f06790293d4c","local_time":"20230419213124","score_breakdown":["Floors Climbed (11): 55","Enemies Slain (5): 10","Exordium Elites Killed (1): 10","Bosses Slain (0): 0","Ascension (20): 75"],"is_ascension_mode":true,"potions_obtained_alchemize":[[],[],[],[],[],[],[],[],[],[],[]],"campfire_choices":[{"data":"1","floor":6,"key":"LIFT"}],"lesson_learned_per_floor":[[],[],[],[],[],[],[],[],[],[],[]],"neow_cost":"NO_GOLD","improvable_cards":{},"seed_source_timestamp":669145906173500,"shop_contents":[],"circlet_count":0,"master_deck":["AscendersBane","Strike_G","Strike_G","Strike_G","Strike_G","Strike_G","Defend_G","Defend_G","Defend_G","Defend_G","Defend_G","Survivor","Neutralize","Predator","Flying Knee","Well Laid Plans","Cloak And Dagger"],"potion_use_per_floor":[[],[],[],[],[],[],["EssenceOfSteel"],[],[],["Poison Potion"],[]],"relics":["Ring of the Snake","Girya","Incense Burner","Question Card"],"potions_floor_usage":[7,10],"damage_taken":[{"damage":1,"enemies":"Small Slimes","floor":1,"turns":5},{"damage":0,"enemies":"Cultist","floor":2,"turns":4},{"damage":24,"enemies":"Jaw Worm","floor":4,"turns":7},{"damage":19,"enemies":"Lagavulin","floor":7,"turns":9},{"damage":1,"enemies":"Looter","floor":8,"turns":3},{"damage":4,"enemies":"Gremlin Gang","floor":10,"turns":4},{"damage":11,"enemies":"Exordium Wildlife","floor":11,"turns":4}],"seed_played":"7472317885516301534","neow_bonus_log":{"cardsObtained":[],"cardsUpgraded":[],"cardsRemoved":[],"cardsTransformed":[],"relicsObtained":["Girya"],"maxHpGained":0,"goldGained":0,"damageTaken":0,"goldLost":99,"maxHpLost":0},"potions_obtained":[{"floor":1,"key":"EssenceOfSteel"},{"floor":8,"key":"Poison Potion"},{"floor":10,"key":"SteroidPotion"}],"is_trial":false,"path_per_floor":["M","M","?","M","?","R","E","M","T","M","M"],"character_chosen":"THE_SILENT","basemod:card_modifiers":[null,null,null,null,null,null,null,null,null,null,null,null,null,null,null,null,null],"items_purchased":[],"campfire_rested":0,"item_purchase_floors":[],"current_hp_per_floor":[58,58,58,34,34,34,15,14,14,10,0],"gold":232,"neow_bonus":"ONE_RARE_RELIC","is_prod":false,"is_daily":false,"rewards_skipped":[],"chose_seed":false,"campfire_upgraded":0,"win_rate":0,"floor_exit_playtime":[66,105,108,163,168,171,258,284,287,342],"timestamp":1681954284,"path_taken":["M","M","?","?","?","R","E","M","T","M","M"],"build_version":"2022-12-18","purchased_purges":0,"victory":false,"max_hp_per_floor":[66,66,66,66,66,66,66,66,66,66,66],"relic_stats":{"Girya":1,"counters":[7,36],"Question Card":1,"obtain_stats":[{"Girya":0,"Incense Burner":7,"Question Card":9,"Ring of the Snake":0},{"Girya":0,"Incense Burner":4,"Question Card":5,"Ring of the Snake":0},{"Girya":0,"Incense Burner":25,"Question Card":28,"Ring of the Snake":0}],"Ring of the Snake":[14]},"card_choices":[{"not_picked":["Dagger Spray","Sucker Punch"],"picked":"Predator","floor":1},{"not_picked":["Eviscerate","Flechettes"],"picked":"Flying Knee","floor":2},{"not_picked":["Dodge and Roll","PiercingWail","Skewer"],"picked":"SKIP","floor":4},{"not_picked":["Choke","Escape Plan","Infinite Blades"],"picked":"SKIP","floor":7},{"not_picked":["Bouncing Flask","Quick Slash"],"picked":"Well Laid Plans","floor":8},{"not_picked":["Outmaneuver","Poisoned Stab","Catalyst"],"picked":"Cloak And Dagger","floor":10}],"player_experience":1828305,"relics_obtained":[{"floor":7,"key":"Incense Burner"},{"floor":9,"key":"Question Card"}],"event_choices":[{"damage_healed":0,"gold_gain":50,"player_choice":"Pray","damage_taken":0,"max_hp_gain":0,"max_hp_loss":0,"event_name":"Golden Shrine","floor":3,"gold_loss":0},{"damage_healed":0,"gold_gain":0,"player_choice":"Fled","damage_taken":0,"max_hp_gain":0,"max_hp_loss":0,"event_name":"Scrap Ooze","floor":5,"gold_loss":0}],"is_beta":false,"boss_relics":[],"items_purged_floors":[],"is_endless":false,"potions_floor_spawned":[1,8,10],"killed_by":"Exordium Wildlife","ascension_level":20,"potion_discard_per_floor":[[],[],[],[],[],[],[],[],[],[],[]]}