{"neow_bonuses_skipped_log":["TRANSFORM_CARD","TWO_FIFTY_GOLD","BOSS_RELIC"],"potions_obtained_entropic_brew":[[],[],[],[],[],[],[],[],[],[],[],[],[],[],[],[]],"neow_costs_skipped_log":["NONE","PERCENT_DAMAGE","NONE"],"gold_per_floor":[213,51,68,86,161,161,161,33,33,33,44,73,73,89,89,89],"floor_reached":16,"playtime":634,"items_purged":["Defend_G"],"score":200,"play_id":"ea24e0ee-80d5-44b0-95a6-53265da3e089","local_time":"20230413144417","score_breakdown":["Floors Climbed (16): 80","Enemies Slain (5): 10","Exordium Elites Killed (1): 10","Bosses Slain (0): 0","Ascension (20): 100"],"is_ascension_mode":true,"potions_obtained_alchemize":[[],[],[],[],[],[],[],[],[],[],[],[],[],[],[],[]],"campfire_choices":[{"data":"Cloak And Dagger","floor":6,"key":"SMITH"},{"data":"Dagger Spray","floor":10,"key":"SMITH"},{"data":"Slice","floor":13,"key":"SMITH"},{"data":"Crippling Poison","floor":15,"key":"SMITH"}],"lesson_learned_per_floor":[[],[],[],[],[],[],[],[],[],[],[],[],[],[],[],[]],"neow_cost":"NONE","improvable_cards":{},"seed_source_timestamp":126045738620000,"shop_contents":[{"floor":2,"relics":["Turnip","TheAbacus"],"cards":["Backstab","Dagger Throw","Dodge and Roll","Acrobatics","Caltrops","PanicButton","Chrysalis"],"potions":["BlessingOfTheForge","EntropicBrew","GhostInAJar"]},{"floor":8,"relics":["HornCleat","Matryoshka","Cauldron"],"cards":["Poisoned Stab","Masterful Stab","Acrobatics","Distraction","Well Laid Plans","Panacea","Master of Strategy"],"potions":["FearPotion","Block Potion"]}],"circlet_count":0,"master_deck":["AscendersBane","Strike_G","Strike_G","Strike_G","Strike_G","Strike_G","Defend_G","Defend_G","Defend_G","Defend_G","Survivor","Neutralize","Cloak And Dagger+1","Dagger Spray+1","Quick Slash","Slice+1","Crippling Poison+1"],"special_seed":0,"potion_use_per_floor":[[],[],[],[],[],[],[],[],[],[],[],["AttackPotion"],[],["Explosive Potion"],[],[]],"relics":["Ring of the Snake","Pen Nib","Snake Skull","Ginger"],"potions_floor_usage":[12,14],"damage_taken":[{"damage":0,"enemies":"Small Slimes","floor":1,"turns":5},{"damage":7,"enemies":"Jaw Worm","floor":3,"turns":5},{"damage":0,"enemies":"2 Louse","floor":4,"turns":3},{"damage":0,"enemies":"Exordium Wildlife","floor":11,"turns":2},{"damage":5,"enemies":"Gremlin Nob","floor":12,"turns":3},{"damage":0,"enemies":"Lots of Slimes","floor":14,"turns":2},{"damage":42,"enemies":"Hexaghost","floor":16,"turns":7}],"seed_played":"-5546488888973334140","neow_bonus_log":{"cardsObtained":[],"cardsUpgraded":[],"cardsRemoved":[],"cardsTransformed":[],"relicsObtained":[],"maxHpGained":0,"goldGained":100,"damageTaken":0,"goldLost":0,"maxHpLost":0},"potions_obtained":[{"floor":3,"key":"Explosive Potion"},{"floor":14,"key":"Ancient Potion"}],"is_trial":false,"path_per_floor":["M","$","M","M","?","R","?","$","T","R","M","E","R","M","R","B"],"character_chosen":"THE_SILENT","basemod:card_modifiers":[null,null,null,null,null,null,null,null,null,null,null,null,null,null,null,null,null],"items_purchased":["Pen Nib","AttackPotion"],"campfire_rested":0,"item_purchase_floors":[2,8],"current_hp_per_floor":[59,59,52,52,41,41,46,46,46,46,46,41,41,41,41,0],"gold":89,"neow_bonus":"HUNDRED_GOLD","is_prod":false,"is_daily":false,"rewards_skipped":[],"chose_seed":false,"campfire_upgraded":4,"win_rate":0,"floor_exit_playtime":[69,186,253,323,328,338,340,388,391,401,457,513,519,555,560],"timestamp":1681411457,"path_taken":["M","$","M","M","?","R","?","?","T","R","M","E","R","M","R","BOSS"],"build_version":"2022-12-18","purchased_purges":1,"victory":false,"max_hp_per_floor":[66,66,66,66,66,66,71,71,71,71,71,71,71,71,71,71],"relic_stats":{"counters":[7,27],"Pen Nib":[5],"Snake Skull":[1],"Ginger":[1],"obtain_stats":[{"Pen Nib":2,"Snake Skull":9,"Ginger":12,"Ring of the Snake":0},{"Pen Nib":1,"Snake Skull":3,"Ginger":5,"Ring of the Snake":0},{"Pen Nib":5,"Snake Skull":13,"Ginger":18,"Ring of the Snake":0}],"Ring of the Snake":[14]},"card_choices":[{"not_picked":["Acrobatics","Outmaneuver"],"picked":"Cloak And Dagger","floor":1},{"not_picked":["Flechettes","Outmaneuver","Deflect"],"picked":"SKIP","floor":3},{"not_picked":["Tactician","Concentrate"],"picked":"Dagger Spray","floor":4},{"not_picked":["Bane","Flying Knee"],"picked":"Quick Slash","floor":11},{"not_picked":["Blur","A Thousand Cuts"],"picked":"Slice","floor":12},{"not_picked":["Underhanded Strike","Catalyst"],"picked":"Crippling Poison","floor":14}],"player_experience":1752432,"relics_obtained":[{"floor":9,"key":"Snake Skull"},{"floor":12,"key":"Ginger"}],"event_choices":[{"damage_healed":0,"gold_gain":75,"player_choice":"Gather Gold","damage_taken":11,"max_hp_gain":0,"max_hp_loss":0,"event_name":"World of Goop","floor":5,"gold_loss":0},{"damage_healed":0,"gold_gain":0,"player_choice":"Donut","damage_taken":0,"max_hp_gain":5,"max_hp_loss":0,"event_name":"Big Fish","floor":7,"gold_loss":0}],"is_beta":false,"boss_relics":[],"items_purged_floors":[8],"is_endless":false,"potions_floor_spawned":[3,14],"killed_by":"Hexaghost","ascension_level":20,"potion_discard_per_floor":[[],[],[],[],[],[],[],[],[],[],[],[],[],[],[],[]]}