{"neow_bonuses_skipped_log":["ONE_RANDOM_RARE_CARD","HUNDRED_GOLD","BOSS_RELIC"],"neow_costs_skipped_log":["NONE","NONE","NONE"],"potions_obtained_entropic_brew":[[],[],[],[],[],[],[],["Regen Potion","AttackPotion"]],"gold_per_floor":[109,109,124,144,144,144,162,162],"floor_reached":8,"playtime":302,"items_purged":[],"score":96,"play_id":"71d52411-5a0d-4f42-9c10-fbdcb552e108","local_time":"20230414122251","score_breakdown":["Floors Climbed (8): 40","Enemies Slain (4): 8","Exordium Elites Killed (0): 0","Bosses Slain (0): 0","Ascension (20): 48"],"is_ascension_mode":true,"potions_obtained_alchemize":[[],[],[],[],[],[],[],[]],"campfire_choices":[{"data":"Dagger Spray","floor":6,"key":"SMITH"}],"lesson_learned_per_floor":[[],[],[],[],[],[],[],[]],"neow_cost":"TEN_PERCENT_HP_LOSS","improvable_cards":{},"seed_source_timestamp":204305348378800,"shop_contents":[],"circlet_count":0,"master_deck":["AscendersBane","Strike_G","Strike_G","Strike_G","Strike_G","Strike_G","Defend_G","Defend_G","Defend_G","Defend_G","Defend_G","Survivor","Neutralize","Quick Slash","Dagger Spray+1","Accuracy","Flying Knee"],"potion_use_per_floor":[[],[],[],[],[],[],[],["LiquidMemories","EntropicBrew","AttackPotion"]],"relics":["Ring of the Snake","The Specimen","Golden Idol"],"potions_floor_usage":[8,8,8],"damage_taken":[{"damage":2,"enemies":"Small Slimes","floor":1,"turns":5},{"damage":2,"enemies":"Jaw Worm","floor":3,"turns":6},{"damage":1,"enemies":"2 Louse","floor":4,"turns":4},{"damage":9,"enemies":"Blue Slaver","floor":7,"turns":4},{"damage":49,"enemies":"Lagavulin","floor":8,"turns":10}],"seed_played":"6611174728961150459","neow_bonus_log":{"cardsObtained":[],"cardsUpgraded":[],"cardsRemoved":[],"cardsTransformed":[],"relicsObtained":["The Specimen"],"maxHpGained":0,"goldGained":0,"damageTaken":0,"goldLost":0,"maxHpLost":6},"potions_obtained":[{"floor":4,"key":"EntropicBrew"},{"floor":7,"key":"LiquidMemories"}],"is_trial":false,"path_per_floor":["M","?","M","M","?","R","M","E"],"character_chosen":"THE_SILENT","basemod:card_modifiers":[null,null,null,null,null,null,null,null,null,null,null,null,null,null,null,null,null],"items_purchased":[],"campfire_rested":0,"item_purchase_floors":[],"current_hp_per_floor":[57,54,52,51,51,51,42,0],"gold":162,"neow_bonus":"ONE_RARE_RELIC","is_prod":false,"is_daily":false,"rewards_skipped":[],"chose_seed":false,"campfire_upgraded":1,"win_rate":0,"floor_exit_playtime":[78,82,125,166,170,175,214],"timestamp":1681489371,"path_taken":["M","?","M","M","?","R","M","E"],"build_version":"2022-12-18","purchased_purges":0,"victory":false,"max_hp_per_floor":[60,54,54,54,54,54,54,54],"relic_stats":{"The Specimen":[0],"counters":[5,29],"Golden Idol":11,"obtain_stats":[{"The Specimen":0,"Golden Idol":2,"Ring of the Snake":0},{"The Specimen":0,"Golden Idol":1,"Ring of the Snake":0},{"The Specimen":0,"Golden Idol":5,"Ring of the Snake":0}],"Ring of the Snake":[10]},"card_choices":[{"not_picked":["Deadly Poison","Flechettes"],"picked":"Quick Slash","floor":1},{"not_picked":["Underhanded Strike","Blade Dance"],"picked":"Dagger Spray","floor":3},{"not_picked":["Poisoned Stab","Outmaneuver"],"picked":"Accuracy","floor":4},{"not_picked":["PiercingWail","Deadly Poison"],"picked":"Flying Knee","floor":7}],"player_experience":1782516,"relics_obtained":[],"event_choices":[{"damage_healed":0,"gold_gain":0,"player_choice":"Lose Max HP","damage_taken":0,"relics_obtained":["Golden Idol"],"max_hp_gain":0,"max_hp_loss":6,"event_name":"Golden Idol","floor":2,"gold_loss":0},{"damage_healed":0,"gold_gain":0,"player_choice":"Ignored","damage_taken":0,"max_hp_gain":0,"max_hp_loss":0,"event_name":"Liars Game","floor":5,"gold_loss":0}],"is_beta":false,"boss_relics":[],"items_purged_floors":[],"is_endless":false,"potions_floor_spawned":[4,7],"killed_by":"Lagavulin","ascension_level":20,"potion_discard_per_floor":[[],[],[],[],[],[],[],[]]}