{"neow_bonuses_skipped_log":["THREE_CARDS","THREE_ENEMY_KILL","BOSS_RELIC"],"potions_obtained_entropic_brew":[[],[],[],[],[],[],[],[],[],[],[],[],[],[],[],[],[],[],[],[],[],[],[],[],[],[],[],[],[],[],[],[],[],[],[],[],[],[],[],[],[],[],[],[],[],[],[],[],[],[]],"neow_costs_skipped_log":["NONE","NONE","NONE"],"gold_per_floor":[20,40,59,59,59,59,74,107,107,27,27,44,44,58,58,136,136,146,146,122,122,47,47,67,67,67,87,119,119,129,89,89,165,165,175,200,200,212,223,249,524,524,524,169,182,216,231,82,82,82],"floor_reached":50,"playtime":3054,"items_purged":["Bite","Regret","Bite"],"score":1044,"play_id":"90a73702-cf4c-49c7-9660-88911fef6b79","local_time":"20230413230600","score_breakdown":["Floors Climbed (50): 250","Enemies Slain (16): 32","Exordium Elites Killed (1): 10","City Elites Killed (1): 20","Beyond Elites Killed (2): 60","Bosses Slain (2): 150","Ascension (20): 522"],"is_ascension_mode":true,"potions_obtained_alchemize":[[],[],[],[],[],[],[],[],[],[],[],[],[],[],[],[],[],[],[],[],[],[],[],[],[],[],[],[],[],[],[],[],[],[],[],[],[],[],[],[],[],[],[],[],[],[],[],[],[],[]],"campfire_choices":[{"data":"Cloak And Dagger","floor":6.0,"key":"SMITH"},{"floor":11.0,"key":"REST"},{"data":"Footwork","floor":13.0,"key":"SMITH"},{"data":"Neutralize","floor":15.0,"key":"SMITH"},{"data":"Wraith Form v2","floor":23.0,"key":"SMITH"},{"data":"Terror","floor":25.0,"key":"SMITH"},{"data":"Calculated Gamble","floor":32.0,"key":"SMITH"},{"data":"Calculated Gamble","floor":42.0,"key":"SMITH"},{"floor":49,"key":"RECALL"}],"lesson_learned_per_floor":[[],[],[],[],[],[],[],[],[],[],[],[],[],[],[],[],[],[],[],[],[],[],[],[],[],[],[],[],[],[],[],[],[],[],[],[],[],[],[],[],[],[],[],[],[],[],[],[],[],[]],"neow_cost":"NO_GOLD","improvable_cards":{},"seed_source_timestamp":0,"shop_contents":[{"floor":10,"relics":["Boot","Akabeko","ClockworkSouvenir"],"cards":["Dagger Spray","Poisoned Stab","Concentrate","Blur","Purity","Thinking Ahead"],"potions":["ColorlessPotion","SpeedPotion","GhostInAJar"]},{"floor":22,"relics":["Bottled Flame","Bottled Lightning","Lee\u0027s Waffle"],"cards":["Dagger Spray","Grand Finale","Reflex","Escape Plan","Noxious Fumes","Trip","Apotheosis"],"potions":["SpeedPotion","Regen Potion","ColorlessPotion"]},{"floor":31,"relics":["Tiny Chest","Snake Skull","Frozen Eye"],"cards":["Finisher","Skewer","Acrobatics","Infinite Blades","Jack Of All Trades","Panache"],"potions":["DistilledChaos","DuplicationPotion","SneckoOil"]},{"floor":44,"relics":["Regal Pillow"],"cards":["Riddle With Holes","All Out Attack","Calculated Gamble","Leg Sweep","Well Laid Plans","Transmutation"],"potions":["Dexterity Potion","Regen Potion","Fruit Juice"]},{"floor":48,"relics":["Meat on the Bone","Toxic Egg 2"],"cards":["Underhanded Strike","Dash","PiercingWail","Terror","Accuracy","Madness","Secret Weapon"],"potions":["Fire Potion","Block Potion","Strength Potion"]}],"circlet_count":0,"master_deck":["AscendersBane","Defend_G","Defend_G","Defend_G+1","Survivor","Neutralize+1","Cloak And Dagger+1","Sucker Punch+1","Predator","Backflip","Footwork+1","Wraith Form v2+1","Calculated Gamble+1","Bite","Bite","Bite","Terror+1","Backflip","Acrobatics","Phantasmal Killer","Escape Plan","Calculated Gamble+1","Night Terror","Noxious Fumes","Footwork","Well Laid Plans","Finesse+1","Underhanded Strike+1"],"special_seed":0,"potion_use_per_floor":[[],[],[],[],[],[],[],["SteroidPotion"],[],[],[],[],[],[],[],[],[],[],[],[],[],[],[],[],[],[],[],["Block Potion"],[],[],[],[],[],[],[],[],[],[],[],["Energy Potion"],[],[],[],[],[],["BlessingOfTheForge"],[],[],[],["Dexterity Potion"]],"relics":["Ring of the Snake","Ginger","Pocketwatch","Coffee Dripper","Girya","Du-Vu Doll","HoveringKite","Bird Faced Urn","Blood Vial","Membership Card","War Paint","Anchor","Medical Kit"],"potions_floor_usage":[50],"damage_taken":[{"damage":0.0,"enemies":"2 Louse","floor":1.0,"turns":4.0},{"damage":3.0,"enemies":"Small Slimes","floor":2.0,"turns":4.0},{"damage":12.0,"enemies":"Jaw Worm","floor":3.0,"turns":8.0},{"damage":3.0,"enemies":"Looter","floor":7.0,"turns":3.0},{"damage":26.0,"enemies":"Lagavulin","floor":8.0,"turns":7.0},{"damage":4.0,"enemies":"Large Slime","floor":12.0,"turns":7.0},{"damage":0.0,"enemies":"Blue Slaver","floor":14.0,"turns":3.0},{"damage":16.0,"enemies":"The Guardian","floor":16.0,"turns":18.0},{"damage":4.0,"enemies":"3 Byrds","floor":18.0,"turns":7.0},{"damage":13.0,"enemies":"2 Thieves","floor":20.0,"turns":4.0},{"damage":6.0,"enemies":"Cultist and Chosen","floor":24.0,"turns":7.0},{"damage":2.0,"enemies":"Snake Plant","floor":27.0,"turns":4.0},{"damage":4.0,"enemies":"Book of Stabbing","floor":28.0,"turns":8.0},{"damage":12.0,"enemies":"Sentry and Sphere","floor":30.0,"turns":6.0},{"damage":26.0,"enemies":"Collector","floor":33.0,"turns":11.0},{"damage":15.0,"enemies":"3 Shapes","floor":35.0,"turns":8.0},{"damage":0.0,"enemies":"Mind Bloom Boss Battle","floor":36.0,"turns":7.0},{"damage":31.0,"enemies":"3 Darklings","floor":38.0,"turns":7.0},{"damage":25.0,"enemies":"Sphere and 2 Shapes","floor":39.0,"turns":9.0},{"damage":1.0,"enemies":"Nemesis","floor":40.0,"turns":11.0},{"damage":9.0,"enemies":"Transient","floor":45.0,"turns":6.0},{"damage":2.0,"enemies":"Reptomancer","floor":46.0,"turns":7.0},{"damage":12.0,"enemies":"Spire Growth","floor":47.0,"turns":5.0},{"damage":71,"enemies":"Awakened One","floor":50,"turns":7}],"green_key_taken_log":40,"seed_played":"5335610437950158610","neow_bonus_log":{"cardsObtained":[],"cardsUpgraded":[],"cardsRemoved":["Strike_G","Defend_G"],"cardsTransformed":[],"relicsObtained":[],"maxHpGained":0,"goldGained":0,"damageTaken":0,"goldLost":99,"maxHpLost":0},"potions_obtained":[{"floor":2.0,"key":"SteroidPotion"},{"floor":12.0,"key":"SmokeBomb"},{"floor":18.0,"key":"Dexterity Potion"},{"floor":27.0,"key":"Block Potion"},{"floor":33.0,"key":"Energy Potion"},{"floor":45.0,"key":"BlessingOfTheForge"}],"is_trial":false,"path_per_floor":["M","M","M","?","?","R","M","E","T","$","R","M","R","M","R","B",null,"M","?","M","?","$","R","M","R","T","M","E","?","M","$","R","B",null,"M","?","?","M","M","E","?","R","T","$","M","E","M","$","R","B"],"character_chosen":"THE_SILENT","basemod:card_modifiers":[null,null,null,null,null,null,null,null,null,null,null,null,null,null,null,null,null,null,null,null,null,null,null,null,null,null,null,null],"items_purchased":["Footwork","Calculated Gamble","Membership Card","Finesse","War Paint","Medical Kit"],"campfire_rested":1,"item_purchase_floors":[10,31,44,44,44,48],"current_hp_per_floor":[59,56,44,44,37,37,34,8,8,8,27,23,23,23,23,7,51,47,46,43,43,43,43,46,46,46,46,46,46,36,36,36,29,42,41,46,46,27,30,46,46,46,46,46,46,46,44,44,44,0],"gold":82,"neow_bonus":"REMOVE_TWO","is_prod":false,"is_daily":false,"rewards_skipped":[{"floor":38,"relics":[],"potions":["Energy Potion"]}],"chose_seed":false,"campfire_upgraded":7,"win_rate":0,"floor_exit_playtime":[61,96,160,174,186,194,232,311,313,323,327,459,465,512,518,770,796,905,916,1002,1011,1042,1054,1160,1169,1171,1223,1345,1351,1482,1518,1526,1733,1745,1881,2001,2004,2144,2316,2495,2508,2515,2518,2537,2644,2776,2849,2879,2886],"timestamp":1681441560,"blue_key_relic_skipped_log":{"floor":43,"relicID":"Frozen Egg 2"},"path_taken":["M","M","M","?","?","R","M","E","T","$","R","M","R","M","R","BOSS","M","?","M","?","?","R","M","R","T","M","E","?","M","?","R","BOSS","M","?","?","M","M","E","?","R","T","$","?","E","M","$","R","BOSS"],"build_version":"2022-12-18","purchased_purges":3,"victory":false,"max_hp_per_floor":[66,66,66,66,66,66,66,66,66,66,66,66,66,66,66,66,66,66,46,46,46,46,46,46,46,46,46,46,46,46,46,46,46,46,46,46,46,46,46,46,46,46,46,46,46,46,46,46,46,46],"relic_stats":{"Blood Vial":2,"Girya":0,"counters":[24,168],"Bird Faced Urn":[30],"HoveringKite":[36],"Ginger":[24],"Membership Card":332,"War Paint":["Finesse","Defend_G"],"Medical Kit":[0],"obtain_stats":[{"Girya":26,"HoveringKite":34,"Ginger":8,"War Paint":44,"Medical Kit":48,"Du-Vu Doll":28,"Blood Vial":40,"Anchor":46,"Bird Faced Urn":36,"Coffee Dripper":17,"Membership Card":44,"Ring of the Snake":0,"Pocketwatch":9},{"Girya":11,"HoveringKite":15,"Ginger":5,"War Paint":20,"Medical Kit":23,"Du-Vu Doll":13,"Blood Vial":20,"Anchor":22,"Bird Faced Urn":17,"Coffee Dripper":8,"Membership Card":20,"Ring of the Snake":0,"Pocketwatch":5},{"Girya":72,"HoveringKite":101,"Ginger":26,"War Paint":143,"Medical Kit":161,"Du-Vu Doll":84,"Blood Vial":143,"Anchor":156,"Bird Faced Urn":116,"Coffee Dripper":54,"Membership Card":143,"Ring of the Snake":0,"Pocketwatch":26}],"Ring of the Snake":[48],"Pocketwatch":[141]},"card_choices":[{"not_picked":["Bane","Prepared"],"picked":"Cloak And Dagger","floor":1.0},{"not_picked":["Heel Hook","Prepared","Bane"],"picked":"SKIP","floor":2.0},{"not_picked":["Slice","Prepared"],"picked":"Sucker Punch","floor":3.0},{"not_picked":["Infinite Blades","Phantasmal Killer"],"picked":"Predator","floor":7.0},{"not_picked":["PiercingWail","Deadly Poison"],"picked":"Backflip","floor":8.0},{"not_picked":["Dagger Throw","Blade Dance","Reflex"],"picked":"SKIP","floor":12.0},{"not_picked":["Dagger Throw","Blade Dance","Reflex"],"picked":"SKIP","floor":12.0},{"not_picked":["Distraction","PiercingWail","Bane"],"picked":"SKIP","floor":14.0},{"not_picked":["Venomology","Tools of the Trade"],"picked":"Wraith Form v2","floor":16.0},{"not_picked":["Underhanded Strike","Infinite Blades"],"picked":"Calculated Gamble","floor":18.0},{"not_picked":["Choke","Skewer"],"picked":"Terror","floor":20.0},{"not_picked":["Bane","Backstab"],"picked":"Backflip","floor":24.0},{"not_picked":["Sucker Punch","Infinite Blades"],"picked":"Acrobatics","floor":27.0},{"not_picked":["Storm of Steel","Quick Slash"],"picked":"Phantasmal Killer","floor":28.0},{"not_picked":["Dodge and Roll","Concentrate"],"picked":"Escape Plan","floor":30.0},{"not_picked":["Doppelganger","Adrenaline"],"picked":"Night Terror","floor":33.0},{"not_picked":["Blade Dance","Distraction+1"],"picked":"Noxious Fumes","floor":35.0},{"not_picked":["Outmaneuver","Prepared","Dagger Spray"],"picked":"SKIP","floor":36.0},{"not_picked":["Quick Slash","Deadly Poison"],"picked":"Footwork","floor":38.0},{"not_picked":["Dodge and Roll","Dagger Throw+1","Backflip"],"picked":"SKIP","floor":39.0},{"not_picked":["Storm of Steel","Blade Dance+1"],"picked":"Well Laid Plans","floor":40.0},{"not_picked":["PiercingWail+1","Dagger Spray"],"picked":"Underhanded Strike+1","floor":45.0},{"not_picked":["Crippling Poison","Unload","Choke"],"picked":"SKIP","floor":46.0},{"not_picked":["Slice","Bouncing Flask","Poisoned Stab"],"picked":"SKIP","floor":47.0}],"player_experience":1769244,"relics_obtained":[{"floor":8.0,"key":"Ginger"},{"floor":9.0,"key":"Pocketwatch"},{"floor":26.0,"key":"Girya"},{"floor":28.0,"key":"Du-Vu Doll"},{"floor":36.0,"key":"Bird Faced Urn"},{"floor":40.0,"key":"Blood Vial"},{"floor":46.0,"key":"Anchor"}],"event_choices":[{"damage_healed":0.0,"max_hp_gain":0.0,"max_hp_loss":0.0,"gold_gain":0.0,"event_name":"Living Wall","player_choice":"Grow","floor":4.0,"gold_loss":0.0,"damage_taken":0.0,"cards_upgraded":["Sucker Punch"]},{"cards_removed":["Defend_G"],"damage_healed":0.0,"max_hp_gain":0.0,"max_hp_loss":0.0,"gold_gain":0.0,"event_name":"Golden Wing","player_choice":"Card Removal","floor":5.0,"gold_loss":0.0,"damage_taken":7.0},{"damage_healed":0.0,"max_hp_gain":0.0,"max_hp_loss":20.0,"gold_gain":0.0,"event_name":"Vampires","player_choice":"Became a vampire","floor":19.0,"gold_loss":0.0,"damage_taken":0.0,"cards_obtained":["Bite","Bite","Bite","Bite","Bite"]},{"damage_healed":0.0,"max_hp_gain":0.0,"max_hp_loss":0.0,"gold_gain":0.0,"event_name":"The Mausoleum","player_choice":"Ignored","floor":21.0,"gold_loss":0.0,"damage_taken":0.0},{"damage_healed":0.0,"max_hp_gain":0.0,"max_hp_loss":0.0,"gold_gain":0.0,"event_name":"Ghosts","player_choice":"Ignored","floor":29.0,"gold_loss":0.0,"damage_taken":0.0},{"damage_healed":0.0,"max_hp_gain":0.0,"max_hp_loss":0.0,"gold_gain":0.0,"event_name":"MindBloom","player_choice":"Fight","floor":36.0,"gold_loss":0.0,"damage_taken":0.0},{"damage_healed":0.0,"max_hp_gain":0.0,"max_hp_loss":0.0,"gold_gain":0.0,"event_name":"Tomb of Lord Red Mask","player_choice":"Ignored","floor":37.0,"gold_loss":0.0,"damage_taken":0.0},{"damage_healed":0.0,"max_hp_gain":0.0,"max_hp_loss":0.0,"gold_gain":275.0,"event_name":"Golden Shrine","player_choice":"Desecrate","floor":41.0,"gold_loss":0.0,"damage_taken":0.0,"cards_obtained":["Regret"]}],"is_beta":false,"boss_relics":[{"not_picked":["Tiny House","SacredBark"],"picked":"Coffee Dripper"},{"not_picked":["Sozu","SlaversCollar"],"picked":"HoveringKite"}],"items_purged_floors":[22,44,48],"is_endless":false,"potions_floor_spawned":[2,12,18,27,33,38,45],"killed_by":"Awakened One","ascension_level":20,"potion_discard_per_floor":[[],[],[],[],[],[],[],[],[],[],[],[],[],[],[],[],[],[],[],[],[],[],[],[],[],[],["SmokeBomb"],[],[],[],[],[],[],[],[],[],[],[],[],[],[],[],[],[],[],[],[],[],[],[]]}