{"neow_bonuses_skipped_log":["TRANSFORM_CARD","THREE_SMALL_POTIONS","BOSS_RELIC"],"potions_obtained_entropic_brew":[[],[],[],[],[],[],[],[],[],["Dexterity Potion","Block Potion"],[],[],[],[],[],[],[],[],[],[],[],[],[],[],[],[],[],[],[],[],[]],"neow_costs_skipped_log":["NONE","NONE","NONE"],"gold_per_floor":[118,132,149,74,74,74,103,103,182,217,217,227,240,253,253,330,330,341,521,532,343,360,360,373,373,398,417,451,527,561,561],"floor_reached":31,"playtime":1137,"items_purged":["Defend_G","Quick Slash"],"score":574,"play_id":"14daf867-68a2-4c1e-8e35-357cfbae30b2","local_time":"20230416012924","score_breakdown":["Floors Climbed (31): 155","Enemies Slain (11): 22","Exordium Elites Killed (2): 20","City Elites Killed (2): 40","Bosses Slain (1): 50","Ascension (20): 287"],"is_ascension_mode":true,"potions_obtained_alchemize":[[],[],[],[],[],[],[],[],[],[],[],[],[],[],[],[],[],[],[],[],[],[],[],[],[],[],[],[],[],[],[]],"campfire_choices":[{"data":"Unload","floor":6.0,"key":"SMITH"},{"data":"Dagger Throw","floor":8.0,"key":"SMITH"},{"data":"Neutralize","floor":11.0,"key":"SMITH"},{"data":"Noxious Fumes","floor":15,"key":"SMITH"},{"floor":23,"key":"REST"}],"lesson_learned_per_floor":[[],[],[],[],[],[],[],[],[],[],[],[],[],[],[],[],[],[],[],[],[],[],[],[],[],[],[],[],[],[],[]],"neow_cost":"PERCENT_DAMAGE","improvable_cards":{},"seed_source_timestamp":336940032381600,"shop_contents":[{"floor":4,"relics":["Strawberry","Happy Flower","Strange Spoon"],"cards":["Dash","Unload","Crippling Poison","Terror","Caltrops","Bandage Up","Metamorphosis"],"potions":["Block Potion","BlessingOfTheForge","Strength Potion"]},{"floor":21,"relics":["Pear","Mercury Hourglass","PrismaticShard"],"cards":["Predator+1","Dagger Spray+1","Catalyst","Deadly Poison","Swift Strike+1","Mayhem"],"potions":["LiquidMemories","BlessingOfTheForge","CunningPotion"]}],"circlet_count":0,"master_deck":["AscendersBane","Survivor","Neutralize+1","Unload+1","Dagger Throw+1","All Out Attack+1","Backflip","Predator+1","Noxious Fumes+1","Terror+1","Dagger Spray+1","Glass Knife+1","Deflect","Dodge and Roll","Escape Plan+1","Footwork","Outmaneuver","Heel Hook+1","Crippling Poison","Die Die Die+1","Glass Knife+1","Backflip+1","Footwork","Acrobatics"],"special_seed":0,"potion_use_per_floor":[[],[],[],[],[],[],["Fire Potion"],[],[],["EntropicBrew","Dexterity Potion"],[],[],["Regen Potion"],[],[],[],[],[],[],[],[],[],[],[],[],[],["Block Potion"],["Regen Potion","SteroidPotion"],[],["PowerPotion"],[]],"relics":["Ring of the Snake","Tiny Chest","Molten Egg 2","Akabeko","Pandora\u0027s Box","War Paint","Paper Crane","Question Card","Bronze Scales"],"potions_floor_usage":[13,27,28,28,30],"damage_taken":[{"damage":0.0,"enemies":"Cultist","floor":1.0,"turns":4.0},{"damage":3.0,"enemies":"Small Slimes","floor":2.0,"turns":3.0},{"damage":0.0,"enemies":"2 Louse","floor":3.0,"turns":2.0},{"damage":2.0,"enemies":"3 Sentries","floor":7.0,"turns":3.0},{"damage":9.0,"enemies":"Lagavulin","floor":10.0,"turns":7.0},{"damage":0,"enemies":"Lots of Slimes","floor":12,"turns":2},{"damage":0,"enemies":"Blue Slaver","floor":13,"turns":3},{"damage":1,"enemies":"3 Louse","floor":14,"turns":2},{"damage":13,"enemies":"Slime Boss","floor":16,"turns":6},{"damage":0,"enemies":"Shell Parasite","floor":18,"turns":1},{"damage":3,"enemies":"2 Thieves","floor":20,"turns":2},{"damage":0,"enemies":"3 Cultists","floor":22,"turns":2},{"damage":0,"enemies":"Sentry and Sphere","floor":24,"turns":3},{"damage":2,"enemies":"Snake Plant","floor":27,"turns":2},{"damage":20,"enemies":"Book of Stabbing","floor":28,"turns":3},{"damage":18,"enemies":"Gremlin Leader","floor":30,"turns":4},{"damage":14,"enemies":"Centurion and Healer","floor":31,"turns":1}],"seed_played":"7072218485429887133","neow_bonus_log":{"cardsObtained":[],"cardsUpgraded":[],"cardsRemoved":[],"cardsTransformed":[],"relicsObtained":[],"maxHpGained":0,"goldGained":0,"damageTaken":15,"goldLost":0,"maxHpLost":0},"potions_obtained":[{"floor":1.0,"key":"Fire Potion"},{"floor":7.0,"key":"EntropicBrew"},{"floor":10.0,"key":"Regen Potion"},{"floor":13,"key":"LiquidBronze"},{"floor":24,"key":"SteroidPotion"},{"floor":27,"key":"Regen Potion"},{"floor":28,"key":"PowerPotion"}],"is_trial":false,"path_per_floor":["M","M","M","$","?","R","E","R","T","E","R","M","M","M","R","B",null,"M","?","M","$","M","R","M","?","T","M","E","T","E","M"],"character_chosen":"THE_SILENT","basemod:card_modifiers":[null,null,null,null,null,null,null,null,null,null,null,null,null,null,null,null,null,null,null,null,null,null,null,null],"items_purchased":["Footwork"],"campfire_rested":1,"item_purchase_floors":[21],"current_hp_per_floor":[44,41,41,41,41,41,39,39,39,30,30,30,39,38,38,25,56,56,37,34,34,34,53,53,35,35,33,22,22,4,0],"gold":561,"neow_bonus":"THREE_RARE_CARDS","is_prod":false,"is_daily":false,"rewards_skipped":[{"floor":12,"relics":[],"potions":["ColorlessPotion"]},{"floor":16,"relics":[],"potions":["DuplicationPotion"]},{"floor":20,"relics":[],"potions":["Explosive Potion"]},{"floor":22,"relics":[],"potions":["Block Potion"]}],"chose_seed":false,"campfire_upgraded":4,"win_rate":0,"floor_exit_playtime":[71,126,147,205,217,225,279,288,290,356,365,494,532,560,566,647,674,697,706,755,796,834,840,926,931,935,994,1045,1048,1120],"timestamp":1681622964,"path_taken":["M","M","?","?","?","R","E","R","T","E","R","M","M","M","R","BOSS","M","?","?","$","M","R","M","?","T","M","E","?","E","M"],"build_version":"2022-12-18","purchased_purges":2,"victory":false,"max_hp_per_floor":[66,66,66,66,66,66,66,66,66,66,66,66,66,66,66,66,66,66,66,66,66,66,66,66,71,71,71,71,71,71,71],"relic_stats":{"counters":[17,50],"Bronze Scales":[0],"Tiny Chest":1,"Pandora\u0027s Box":["Deflect","Dodge and Roll","Escape Plan","Footwork","Outmaneuver","Heel Hook","Crippling Poison","Die Die Die","Glass Knife"],"War Paint":["Escape Plan","Terror"],"Question Card":1,"obtain_stats":[{"Bronze Scales":30,"Tiny Chest":7,"Molten Egg 2":9,"Pandora\u0027s Box":17,"War Paint":26,"Paper Crane":28,"Question Card":29,"Akabeko":10,"Ring of the Snake":0},{"Bronze Scales":16,"Tiny Chest":4,"Molten Egg 2":4,"Pandora\u0027s Box":9,"War Paint":13,"Paper Crane":15,"Question Card":15,"Akabeko":5,"Ring of the Snake":0},{"Bronze Scales":49,"Tiny Chest":12,"Molten Egg 2":12,"Pandora\u0027s Box":32,"War Paint":40,"Paper Crane":45,"Question Card":45,"Akabeko":19,"Ring of the Snake":0}],"Ring of the Snake":[34]},"card_choices":[{"not_picked":["After Image","Night Terror"],"picked":"Unload","floor":0.0},{"not_picked":["Expertise","Flechettes"],"picked":"Quick Slash","floor":1.0},{"not_picked":["Flying Knee","PiercingWail"],"picked":"Dagger Throw","floor":2.0},{"not_picked":["Outmaneuver","Blade Dance"],"picked":"All Out Attack","floor":3.0},{"not_picked":["All Out Attack","Choke"],"picked":"Backflip","floor":7.0},{"not_picked":["Corpse Explosion","Dagger Throw+1"],"picked":"Predator+1","floor":10.0},{"not_picked":["Blade Dance","Deadly Poison"],"picked":"Noxious Fumes","floor":12},{"not_picked":["Flechettes+1","Underhanded Strike+1"],"picked":"Terror","floor":13},{"not_picked":["Backflip","Noxious Fumes"],"picked":"Dagger Spray+1","floor":14},{"not_picked":["Grand Finale+1","Die Die Die+1"],"picked":"Glass Knife+1","floor":16},{"not_picked":["Concentrate","Flechettes+1","Underhanded Strike+1"],"picked":"SKIP","floor":18},{"not_picked":["Prepared","Quick Slash+1"],"picked":"Backflip+1","floor":20},{"not_picked":["Quick Slash+1","Underhanded Strike+1","Dagger Throw+1"],"picked":"SKIP","floor":22},{"not_picked":["Quick Slash+1","Underhanded Strike+1","Dagger Throw+1"],"picked":"SKIP","floor":22},{"not_picked":["Quick Slash+1","Underhanded Strike+1","Dagger Throw+1"],"picked":"SKIP","floor":22},{"not_picked":["Slice+1","Setup+1","Backstab+1"],"picked":"SKIP","floor":24},{"not_picked":["PiercingWail","Deadly Poison","Flechettes+1"],"picked":"SKIP","floor":27},{"not_picked":["Deadly Poison","Backstab+1"],"picked":"Acrobatics","floor":28},{"not_picked":["Sucker Punch+1","Distraction","Caltrops","Unload+1"],"picked":"SKIP","floor":30}],"player_experience":1797924,"relics_obtained":[{"floor":7.0,"key":"Tiny Chest"},{"floor":9.0,"key":"Molten Egg 2"},{"floor":10.0,"key":"Akabeko"},{"floor":26,"key":"War Paint"},{"floor":28,"key":"Paper Crane"},{"floor":29,"key":"Question Card"},{"floor":30,"key":"Bronze Scales"}],"event_choices":[{"damage_healed":0.0,"max_hp_gain":0.0,"max_hp_loss":0.0,"gold_gain":0.0,"event_name":"Living Wall","player_choice":"Grow","floor":5.0,"gold_loss":0.0,"damage_taken":0.0,"cards_upgraded":["All Out Attack"]},{"damage_healed":0,"gold_gain":180,"player_choice":"GOLD GOLD ","damage_taken":19,"max_hp_gain":0,"max_hp_loss":0,"event_name":"Knowing Skull","floor":19,"potions_obtained":[],"gold_loss":0,"cards_obtained":[]},{"damage_healed":0,"gold_gain":0,"player_choice":"Shed Blood","damage_taken":23,"max_hp_gain":5,"max_hp_loss":0,"event_name":"Forgotten Altar","floor":25,"gold_loss":0}],"is_beta":false,"boss_relics":[{"not_picked":["Ring of the Serpent","Astrolabe"],"picked":"Pandora\u0027s Box"}],"items_purged_floors":[4,21],"is_endless":false,"potions_floor_spawned":[1,7,10,12,13,16,20,22,24,27,28],"killed_by":"Centurion and Healer","ascension_level":20,"potion_discard_per_floor":[[],[],[],[],[],[],[],[],[],[],[],[],[],[],[],[],[],[],[],[],[],[],[],["LiquidBronze"],[],[],[],[],[],[],[]]}