{"neow_bonuses_skipped_log":["RANDOM_COLORLESS","REMOVE_TWO","BOSS_RELIC"],"potions_obtained_entropic_brew":[[],[],[],[],[],[],[],[],[],[],[],[],[],[],[],[],[],[],[]],"neow_costs_skipped_log":["NONE","TEN_PERCENT_HP_LOSS","NONE"],"gold_per_floor":[216,228,88,13,0,0,21,47,47,103,122,122,137,137,137,211,211,224,224],"floor_reached":19,"playtime":864,"items_purged":[],"score":330,"play_id":"809c35df-1fb0-4465-8589-8c009d520504","local_time":"20230416220855","score_breakdown":["Floors Climbed (19): 95","Enemies Slain (5): 10","Exordium Elites Killed (1): 10","City Elites Killed (0): 0","Bosses Slain (1): 50","Ascension (20): 165"],"is_ascension_mode":true,"potions_obtained_alchemize":[[],[],[],[],[],[],[],[],[],[],[],[],[],[],[],[],[],[],[]],"campfire_choices":[{"data":"A Thousand Cuts","floor":6.0,"key":"SMITH"},{"floor":12,"key":"REST"},{"data":"Terror","floor":15,"key":"SMITH"}],"lesson_learned_per_floor":[[],[],[],[],[],[],[],[],[],[],[],[],[],[],[],[],[],[],[]],"neow_cost":"NONE","improvable_cards":{},"seed_source_timestamp":411697827435800,"shop_contents":[{"floor":3,"relics":["Pear","Gambling Chip","Lee\u0027s Waffle"],"cards":["Quick Slash","Eviscerate","Blur","Well Laid Plans","Flash of Steel","Metamorphosis"],"potions":["LiquidMemories","Block Potion"]}],"circlet_count":0,"master_deck":["AscendersBane","Strike_G","Strike_G","Strike_G","Strike_G","Defend_G","Defend_G","Defend_G","Defend_G","Defend_G","Survivor","Neutralize","Masterful Stab","A Thousand Cuts+1","Terror+1","Endless Agony","Predator","Prepared","Dash","Escape Plan","Tools of the Trade","Prepared+1"],"special_seed":0,"potion_use_per_floor":[[],[],[],[],[],[],[],["PowerPotion"],[],[],[],[],[],[],[],["Dexterity Potion"],[],["Swift Potion"],[]],"relics":["Ring of the Snake","Odd Mushroom","PreservedInsect","Paper Crane","Du-Vu Doll","Ancient Tea Set","HoveringKite"],"potions_floor_usage":[16,18],"damage_taken":[{"damage":3.0,"enemies":"Jaw Worm","floor":1.0,"turns":4.0},{"damage":0.0,"enemies":"Small Slimes","floor":2.0,"turns":3.0},{"damage":21.0,"enemies":"The Mushroom Lair","floor":7.0,"turns":6.0},{"damage":15.0,"enemies":"3 Sentries","floor":8.0,"turns":5.0},{"damage":14,"enemies":"3 Sentries","floor":10,"turns":7},{"damage":1,"enemies":"2 Louse","floor":11,"turns":3},{"damage":2,"enemies":"Large Slime","floor":13,"turns":3},{"damage":4,"enemies":"The Guardian","floor":16,"turns":9},{"damage":30,"enemies":"Spheric Guardian","floor":18,"turns":6},{"damage":26,"enemies":"Shell Parasite","floor":19,"turns":4}],"seed_played":"-3135544300898264270","neow_bonus_log":{"cardsObtained":[],"cardsUpgraded":[],"cardsRemoved":[],"cardsTransformed":[],"relicsObtained":[],"maxHpGained":0,"goldGained":100,"damageTaken":0,"goldLost":0,"maxHpLost":0},"potions_obtained":[{"floor":2.0,"key":"SmokeBomb"},{"floor":11,"key":"Dexterity Potion"},{"floor":13,"key":"Swift Potion"}],"is_trial":false,"path_per_floor":["M","M","$","?","?","R","?","E","T","?","M","R","M","T","R","B",null,"M","M"],"character_chosen":"THE_SILENT","basemod:card_modifiers":[null,null,null,null,null,null,null,null,null,null,null,null,null,null,null,null,null,null,null,null,null,null],"items_purchased":["Terror","PowerPotion"],"campfire_rested":1,"item_purchase_floors":[3,3],"current_hp_per_floor":[56,56,56,56,56,56,35,20,20,6,5,24,22,22,22,18,54,24,0],"gold":224,"neow_bonus":"HUNDRED_GOLD","is_prod":false,"is_daily":false,"rewards_skipped":[],"chose_seed":false,"campfire_upgraded":2,"win_rate":0,"floor_exit_playtime":[43,75,126,153,161,169,283,352,354,447,497,501,543,545,553,705,719,808],"timestamp":1681697335,"path_taken":["M","M","$","?","?","R","?","E","T","?","M","R","M","?","R","BOSS","M","M"],"build_version":"2022-12-18","purchased_purges":0,"victory":false,"max_hp_per_floor":[66,66,66,66,66,66,66,66,66,66,66,66,66,66,66,66,66,66,66],"relic_stats":{"counters":[10,50],"HoveringKite":[8],"PreservedInsect":30,"Ancient Tea Set":[2],"obtain_stats":[{"Du-Vu Doll":10,"HoveringKite":17,"PreservedInsect":8,"Odd Mushroom":7,"Paper Crane":9,"Ancient Tea Set":14,"Ring of the Snake":0},{"Du-Vu Doll":5,"HoveringKite":8,"PreservedInsect":4,"Odd Mushroom":3,"Paper Crane":4,"Ancient Tea Set":7,"Ring of the Snake":0},{"Du-Vu Doll":25,"HoveringKite":40,"PreservedInsect":18,"Odd Mushroom":13,"Paper Crane":18,"Ancient Tea Set":31,"Ring of the Snake":0}],"Ring of the Snake":[21]},"card_choices":[{"not_picked":["Backflip","Acrobatics"],"picked":"Masterful Stab","floor":1.0},{"not_picked":["Deflect","Finisher"],"picked":"A Thousand Cuts","floor":2.0},{"not_picked":["Escape Plan","Finisher"],"picked":"Endless Agony","floor":7.0},{"not_picked":["Poisoned Stab","Expertise"],"picked":"Predator","floor":8.0},{"not_picked":["Outmaneuver","Riddle With Holes"],"picked":"Prepared","floor":10},{"not_picked":["Acrobatics","Outmaneuver"],"picked":"Dash","floor":11},{"not_picked":["Heel Hook","Flying Knee"],"picked":"Escape Plan","floor":13},{"not_picked":["Unload","Burst"],"picked":"Tools of the Trade","floor":16},{"not_picked":["Backflip","Deflect+1"],"picked":"Prepared+1","floor":18}],"player_experience":1803161,"relics_obtained":[{"floor":7.0,"key":"Odd Mushroom"},{"floor":8.0,"key":"PreservedInsect"},{"floor":9.0,"key":"Paper Crane"},{"floor":10,"key":"Du-Vu Doll"},{"floor":14,"key":"Ancient Tea Set"}],"event_choices":[{"cards_removed":["Strike_G"],"damage_healed":0.0,"max_hp_gain":0.0,"max_hp_loss":0.0,"gold_gain":0.0,"event_name":"The Cleric","player_choice":"Card Removal","floor":4.0,"gold_loss":75.0,"damage_taken":0.0},{"damage_healed":0.0,"max_hp_gain":0.0,"max_hp_loss":0.0,"gold_gain":0.0,"event_name":"World of Goop","player_choice":"Left Gold","floor":5.0,"gold_loss":13.0,"damage_taken":0.0},{"damage_healed":0.0,"max_hp_gain":0.0,"max_hp_loss":0.0,"gold_gain":0.0,"event_name":"Mushrooms","player_choice":"Fought Mushrooms","floor":7.0,"gold_loss":0.0,"damage_taken":0.0},{"damage_healed":0,"gold_gain":0,"player_choice":"Searched \u00272\u0027 times","damage_taken":0,"max_hp_gain":0,"max_hp_loss":0,"event_name":"Dead Adventurer","floor":10,"gold_loss":0}],"is_beta":false,"boss_relics":[{"not_picked":["Runic Dome","Astrolabe"],"picked":"HoveringKite"}],"items_purged_floors":[],"is_endless":false,"potions_floor_spawned":[2,11,13],"killed_by":"Shell Parasite","ascension_level":20,"potion_discard_per_floor":[[],[],[],[],[],[],[],[],[],[],[],[],["SmokeBomb"],[],[],[],[],[],[]]}