{"neow_bonuses_skipped_log":["UPGRADE_CARD","THREE_ENEMY_KILL","BOSS_RELIC"],"neow_costs_skipped_log":["NONE","NONE","NONE"],"potions_obtained_entropic_brew":[[],[],[],[],[],[],[],[],[],[],[],[],[],[],[],[],[],[],[],[],[],[],[],[],[],[],[],[],[],[],[],[],[],[],[],[],[],[],[],[],[],[],[],[],[]],"gold_per_floor":[366,366,53,73,73,73,108,121,121,155,168,168,198,214,214,289,289,299,46,60,240,257,257,276,308,308,326,326,359,371,65,65,139,139,158,170,189,209,134,167,167,167,194,207,207],"floor_reached":45,"playtime":2851,"items_purged":["Strike_G"],"score":1064,"play_id":"34c44771-70fd-4fb2-9afd-d91ee6586b3e","local_time":"20230411201507","falling_options_log":["Acrobatics","Noxious Fumes"],"score_breakdown":["Floors Climbed (45): 225","Enemies Slain (16): 32","Exordium Elites Killed (3): 30","City Elites Killed (2): 40","Beyond Elites Killed (1): 30","Bosses Slain (2): 150","Money Money (1055): 25","Well Fed: 25","Ascension (20): 507"],"is_ascension_mode":true,"potions_obtained_alchemize":[[],[],[],[],[],[],[],["LiquidBronze"],[],["BlessingOfTheForge"],["Weak Potion"],[],["Regen Potion"],["Regen Potion"],[],["FairyPotion"],[],["FearPotion","Dexterity Potion","Energy Potion"],[],["DuplicationPotion"],[],["AttackPotion"],[],["Regen Potion"],["FairyPotion"],[],["Fire Potion"],[],["Energy Potion"],["Weak Potion","SkillPotion","LiquidBronze","SkillPotion"],[],[],["AttackPotion","GamblersBrew","CunningPotion","PowerPotion"],[],[],["Poison Potion"],["Fire Potion"],["AttackPotion"],[],["Explosive Potion","FearPotion","PowerPotion","AttackPotion","DistilledChaos"],[],[],[],["Dexterity Potion"],["Ancient Potion"]],"campfire_choices":[{"data":"Glass Knife","floor":6,"key":"SMITH"},{"floor":12,"key":"REST"},{"data":"Venomology","floor":15,"key":"SMITH"},{"floor":23,"key":"REST"},{"floor":28,"key":"REST"},{"floor":32,"key":"REST"},{"floor":41,"key":"REST"}],"lesson_learned_per_floor":[[],[],[],[],[],[],[],[],[],[],[],[],[],[],[],[],[],[],[],[],[],[],[],[],[],[],[],[],[],[],[],[],[],[],[],[],[],[],[],[],[],[],[],[],[]],"neow_cost":"PERCENT_DAMAGE","improvable_cards":{},"seed_source_timestamp":924226234346900,"shop_contents":[{"floor":3,"relics":["Blue Candle","Toy Ornithopter","ClockworkSouvenir"],"cards":["Dagger Throw","Blur","Dodge and Roll","Infinite Blades","Dramatic Entrance","The Bomb"],"potions":["Weak Potion"]},{"floor":19,"relics":["Molten Egg 2","Bag of Marbles","Frozen Eye"],"cards":["Dagger Throw","Heel Hook","Dodge and Roll","Noxious Fumes","Purity"],"potions":["Poison Potion","ColorlessPotion","Block Potion"]},{"floor":31,"relics":["Pen Nib","Akabeko"],"cards":["Slice","Poisoned Stab","Terror","Bandage Up","HandOfGreed"],"potions":["DistilledChaos","SteroidPotion","Dexterity Potion"]},{"floor":39,"relics":["Bottled Flame","Juzu Bracelet","HandDrill"],"cards":["Dash","Finisher","Dodge and Roll","Blade Dance","Caltrops","Forethought","Secret Technique"],"potions":["CultistPotion","EssenceOfSteel","CunningPotion"]}],"circlet_count":0,"master_deck":["AscendersBane","Strike_G","Strike_G","Strike_G","Defend_G","Defend_G","Defend_G","Defend_G","Defend_G","Survivor","Neutralize","Glass Knife+1","Crippling Poison","Venomology+1","Night Terror","PiercingWail","Wraith Form v2","Caltrops+1","Apotheosis","Acrobatics","Backflip+1","Noxious Fumes","Setup","Backflip","Footwork","Adrenaline","Catalyst","After Image","Flechettes+1"],"potion_use_per_floor":[[],[],[],["Regen Potion"],[],[],[],[],[],["FearPotion"],["Poison Potion"],[],["Weak Potion","Regen Potion","BlessingOfTheForge"],[],[],["Regen Potion","FairyPotion"],[],["Fire Potion","FearPotion"],[],["BlessingOfTheForge","Energy Potion"],[],["Strength Potion"],[],["AttackPotion","Regen Potion"],[],[],["DuplicationPotion","Fire Potion"],[],["Fruit Juice","Energy Potion"],["SkillPotion","LiquidBronze"],[],[],["SkillPotion","AttackPotion"],[],[],["PowerPotion"],["Poison Potion","Fire Potion"],["GamblersBrew"],[],["AttackPotion","SpeedPotion","Explosive Potion","FearPotion","AttackPotion"],[],[],[],["DistilledChaos"],["PowerPotion","GamblersBrew"]],"relics":["Ring of the Snake","TungstenRod","Singing Bowl","Mercury Hourglass","Snake Skull","Fusion Hammer","StrikeDummy","Gremlin Horn","Strange Spoon","Empty Cage","Potion Belt","Bronze Scales"],"potions_floor_usage":[4,10,11,13,13,13,16,18,18,20,20,22,24,24,27,27,29,29,30,30,33,33,36,37,37,38,40,40,40,40,40,44,45,45],"damage_taken":[{"damage":0,"enemies":"2 Louse","floor":1,"turns":5},{"damage":0,"enemies":"Small Slimes","floor":4,"turns":6},{"damage":33,"enemies":"3 Sentries","floor":7,"turns":11},{"damage":0,"enemies":"Cultist","floor":8,"turns":3},{"damage":7,"enemies":"Gremlin Nob","floor":10,"turns":3},{"damage":3,"enemies":"Exordium Wildlife","floor":11,"turns":3},{"damage":7,"enemies":"Lagavulin","floor":13,"turns":6},{"damage":10,"enemies":"Blue Slaver","floor":14,"turns":5},{"damage":57,"enemies":"Hexaghost","floor":16,"turns":13},{"damage":17,"enemies":"Spheric Guardian","floor":18,"turns":4},{"damage":9,"enemies":"Chosen","floor":20,"turns":5},{"damage":0,"enemies":"Snake Plant","floor":22,"turns":3},{"damage":10,"enemies":"Shelled Parasite and Fungi","floor":24,"turns":5},{"damage":5,"enemies":"Gremlin Leader","floor":25,"turns":6},{"damage":6,"enemies":"3 Cultists","floor":27,"turns":4},{"damage":24,"enemies":"Slavers","floor":29,"turns":4},{"damage":15,"enemies":"Centurion and Healer","floor":30,"turns":10},{"damage":36,"enemies":"Automaton","floor":33,"turns":11},{"damage":2,"enemies":"Orb Walker","floor":35,"turns":5},{"damage":28,"enemies":"3 Darklings","floor":36,"turns":4},{"damage":0,"enemies":"Sphere and 2 Shapes","floor":37,"turns":5},{"damage":0,"enemies":"Jaw Worm Horde","floor":38,"turns":4},{"damage":22,"enemies":"Nemesis","floor":40,"turns":9},{"damage":17,"enemies":"3 Darklings","floor":44,"turns":6},{"damage":33,"enemies":"Reptomancer","floor":45,"turns":6}],"green_key_taken_log":40,"seed_played":"-6039237926873252522","neow_bonus_log":{"cardsObtained":[],"cardsUpgraded":[],"cardsRemoved":[],"cardsTransformed":[],"relicsObtained":[],"maxHpGained":0,"goldGained":250,"damageTaken":15,"goldLost":0,"maxHpLost":0},"potions_obtained":[{"floor":8,"key":"Poison Potion"},{"floor":13,"key":"Fire Potion"},{"floor":16,"key":"BlessingOfTheForge"},{"floor":20,"key":"Strength Potion"},{"floor":27,"key":"Fruit Juice"},{"floor":37,"key":"SpeedPotion"},{"floor":40,"key":"GamblersBrew"}],"is_trial":false,"path_per_floor":["M","?","$","M","?","R","E","M","T","E","M","R","E","M","R","B",null,"M","$","M","?","M","R","M","E","T","M","R","E","M","$","R","B",null,"M","M","M","M","$","E","R","?","T","M","E"],"character_chosen":"THE_SILENT","basemod:card_modifiers":[null,null,null,null,null,null,null,null,null,null,null,null,null,null,null,null,null,null,null,null,null,null,null,null,null,null,null,null,null],"items_purchased":["Regen Potion","Glass Knife","FearPotion","Apotheosis","Acrobatics","Backflip","Footwork","Strange Spoon"],"campfire_rested":5,"item_purchase_floors":[3,3,3,19,19,31,31,31],"current_hp_per_floor":[44,39,39,54,54,54,21,21,21,16,15,36,44,34,34,13,56,39,39,30,14,16,37,43,40,40,34,56,37,24,24,48,12,65,65,37,39,41,41,19,45,45,45,28,0],"gold":207,"neow_bonus":"TWO_FIFTY_GOLD","is_prod":false,"is_daily":false,"rewards_skipped":[{"floor":22,"relics":[],"potions":["Poison Potion"]},{"floor":25,"relics":[],"potions":["Block Potion"]},{"floor":30,"relics":[],"potions":["DistilledChaos"]},{"floor":33,"relics":[],"potions":["EssenceOfSteel"]}],"chose_seed":false,"campfire_upgraded":2,"win_rate":0,"floor_exit_playtime":[69,78,104,150,155,162,273,310,313,356,397,401,500,548,554,692,709,782,807,874,888,946,952,1056,1219,1223,1303,1307,1390,1543,1577,1580,1839,1867,1936,2036,2113,2215,2257,2454,2457,2475,2481,2644],"timestamp":1681258507,"blue_key_relic_skipped_log":{"floor":26,"relicID":"Ninja Scroll"},"path_taken":["M","?","$","M","?","R","E","M","T","E","M","R","E","M","R","BOSS","M","$","M","?","M","R","M","E","T","M","R","E","M","$","R","BOSS","M","?","M","M","$","E","R","?","T","M","E"],"build_version":"2022-12-18","purchased_purges":1,"victory":false,"max_hp_per_floor":[66,66,66,66,66,66,66,66,66,68,70,70,70,70,70,70,70,70,70,70,70,72,72,74,76,76,76,76,81,83,83,83,83,83,85,85,87,89,89,89,89,89,89,89,89],"relic_stats":{"Strange Spoon":[32],"Singing Bowl":18,"Gremlin Horn":[16,16],"counters":[25,146],"Bronze Scales":[57],"Snake Skull":[82],"obtain_stats":[{"Potion Belt":40,"Strange Spoon":31,"Singing Bowl":9,"Gremlin Horn":29,"Bronze Scales":43,"Snake Skull":13,"Fusion Hammer":17,"StrikeDummy":25,"Empty Cage":34,"TungstenRod":7,"Ring of the Snake":0,"Mercury Hourglass":10},{"Potion Belt":23,"Strange Spoon":17,"Singing Bowl":4,"Gremlin Horn":16,"Bronze Scales":23,"Snake Skull":7,"Fusion Hammer":9,"StrikeDummy":14,"Empty Cage":18,"TungstenRod":3,"Ring of the Snake":0,"Mercury Hourglass":5},{"Potion Belt":134,"Strange Spoon":96,"Singing Bowl":25,"Gremlin Horn":86,"Bronze Scales":134,"Snake Skull":37,"Fusion Hammer":55,"StrikeDummy":78,"Empty Cage":107,"TungstenRod":22,"Ring of the Snake":0,"Mercury Hourglass":28}],"TungstenRod":69,"Ring of the Snake":[50],"Mercury Hourglass":[459]},"card_choices":[{"not_picked":["Sucker Punch","Skewer"],"picked":"Blade Dance","floor":1},{"not_picked":["Flying Knee","Backflip"],"picked":"Crippling Poison","floor":4},{"not_picked":["Sucker Punch","Deadly Poison"],"picked":"Venomology","floor":7},{"not_picked":["All Out Attack","PiercingWail"],"picked":"Predator","floor":8},{"not_picked":["Doppelganger","Infinite Blades","Quick Slash"],"picked":"Singing Bowl","floor":10},{"not_picked":["Sucker Punch","Bane","Poisoned Stab"],"picked":"Singing Bowl","floor":11},{"not_picked":["Burst","Acrobatics"],"picked":"Night Terror","floor":13},{"not_picked":["Poisoned Stab","Slice"],"picked":"PiercingWail","floor":14},{"not_picked":["Venomology","Grand Finale"],"picked":"Wraith Form v2","floor":16},{"not_picked":["Outmaneuver","PiercingWail"],"picked":"Caltrops+1","floor":18},{"not_picked":["Poisoned Stab+1","Escape Plan"],"picked":"Backflip+1","floor":20},{"not_picked":["Predator+1","Deadly Poison","Footwork"],"picked":"Singing Bowl","floor":22},{"not_picked":["Poisoned Stab+1","Corpse Explosion","Underhanded Strike+1"],"picked":"Singing Bowl","floor":24},{"not_picked":["Catalyst","Sucker Punch","Cloak And Dagger+1"],"picked":"Singing Bowl","floor":25},{"not_picked":["Bane","Poisoned Stab"],"picked":"Noxious Fumes","floor":27},{"not_picked":["Slice","Terror"],"picked":"Setup","floor":29},{"not_picked":["Outmaneuver","Poisoned Stab","Prepared"],"picked":"Singing Bowl","floor":30},{"not_picked":["Unload","Venomology"],"picked":"Adrenaline","floor":33},{"not_picked":["Flying Knee","Blur","Dagger Spray"],"picked":"Singing Bowl","floor":35},{"not_picked":["Backflip","Crippling Poison+1"],"picked":"Catalyst","floor":36},{"not_picked":["Distraction","Quick Slash","Setup+1"],"picked":"Singing Bowl","floor":37},{"not_picked":["PiercingWail","Backflip","All Out Attack"],"picked":"Singing Bowl","floor":38},{"not_picked":["Prepared","Sucker Punch"],"picked":"After Image","floor":40},{"not_picked":["Dodge and Roll+1","Quick Slash+1"],"picked":"Flechettes+1","floor":44}],"player_experience":1700692,"relics_obtained":[{"floor":7,"key":"TungstenRod"},{"floor":9,"key":"Singing Bowl"},{"floor":10,"key":"Mercury Hourglass"},{"floor":13,"key":"Snake Skull"},{"floor":25,"key":"StrikeDummy"},{"floor":29,"key":"Gremlin Horn"},{"floor":40,"key":"Potion Belt"},{"floor":43,"key":"Bronze Scales"}],"event_choices":[{"damage_healed":0,"gold_gain":0,"player_choice":"Fled","damage_taken":5,"max_hp_gain":0,"max_hp_loss":0,"event_name":"Scrap Ooze","floor":2,"gold_loss":0},{"damage_healed":0,"gold_gain":0,"player_choice":"Leave","damage_taken":0,"max_hp_gain":0,"max_hp_loss":0,"event_name":"The Cleric","floor":5,"gold_loss":0},{"damage_healed":0,"gold_gain":180,"player_choice":"GOLD GOLD ","damage_taken":19,"max_hp_gain":0,"max_hp_loss":0,"event_name":"Knowing Skull","floor":21,"potions_obtained":[],"gold_loss":0,"cards_obtained":[]},{"cards_removed":["Predator"],"damage_healed":0,"gold_gain":0,"player_choice":"Removed Attack","damage_taken":0,"max_hp_gain":0,"max_hp_loss":0,"event_name":"Falling","floor":42,"gold_loss":0}],"is_beta":false,"boss_relics":[{"not_picked":["Busted Crown","Tiny House"],"picked":"Fusion Hammer"},{"not_picked":["WristBlade","Ring of the Serpent"],"picked":"Empty Cage"}],"items_purged_floors":[39],"is_endless":false,"potions_floor_spawned":[8,13,16,20,22,25,27,30,33,37,40],"killed_by":"Reptomancer","ascension_level":20,"potion_discard_per_floor":[[],[],[],[],[],[],[],["LiquidBronze"],[],[],[],[],[],[],[],[],[],["Dexterity Potion"],[],[],[],[],[],[],[],[],[],[],[],["Weak Potion"],[],[],["FairyPotion","CunningPotion"],[],[],[],[],[],[],[],[],[],[],[],[]]}