{"neow_bonuses_skipped_log":["UPGRADE_CARD","HUNDRED_GOLD","BOSS_RELIC"],"neow_costs_skipped_log":["NONE","NONE","NONE"],"potions_obtained_entropic_brew":[[],[],[],[],[],[],[],[],[],[],[],[],[],[],[],[]],"gold_per_floor":[119,119,134,153,153,153,153,179,179,189,189,189,205,234,234,234],"floor_reached":16,"playtime":558,"items_purged":[],"score":220,"play_id":"b77c738c-fd98-47ab-ab94-2a1214b4a8d7","local_time":"20230414111506","score_breakdown":["Floors Climbed (16): 80","Enemies Slain (5): 10","Exordium Elites Killed (2): 20","Bosses Slain (0): 0","Ascension (20): 110"],"is_ascension_mode":true,"potions_obtained_alchemize":[[],[],[],[],[],[],[],[],[],[],[],[],[],[],[],[]],"campfire_choices":[{"floor":6,"key":"REST"},{"data":"Choke","floor":12,"key":"SMITH"},{"data":"Blade Dance","floor":15,"key":"SMITH"}],"lesson_learned_per_floor":[[],[],[],[],[],[],[],[],[],[],[],[],[],[],[],[]],"neow_cost":"TEN_PERCENT_HP_LOSS","improvable_cards":{},"seed_source_timestamp":199984709403000,"shop_contents":[],"circlet_count":0,"master_deck":["AscendersBane","Strike_G","Strike_G","Strike_G","Strike_G","Defend_G","Defend_G","Defend_G","Defend_G+1","Survivor","Neutralize","After Image","PiercingWail+1","Choke+1","Masterful Stab","Poisoned Stab","Backstab","Blade Dance+1","Prepared"],"potion_use_per_floor":[[],[],[],[],[],[],[],["Energy Potion"],[],[],[],[],[],[],[],["EssenceOfSteel"]],"relics":["Ring of the Snake","MealTicket","Happy Flower","Dream Catcher","Incense Burner"],"potions_floor_usage":[8,16],"damage_taken":[{"damage":1,"enemies":"Jaw Worm","floor":1,"turns":7},{"damage":0,"enemies":"2 Louse","floor":3,"turns":3},{"damage":1,"enemies":"Small Slimes","floor":4,"turns":4},{"damage":10,"enemies":"Lagavulin","floor":8,"turns":5},{"damage":0,"enemies":"Blue Slaver","floor":10,"turns":3},{"damage":0,"enemies":"Red Slaver","floor":13,"turns":3},{"damage":25,"enemies":"3 Sentries","floor":14,"turns":12},{"damage":37,"enemies":"Hexaghost","floor":16,"turns":11}],"seed_played":"-783815051253487507","neow_bonus_log":{"cardsObtained":["After Image","PiercingWail"],"cardsUpgraded":[],"cardsRemoved":[],"cardsTransformed":["Strike_G","Defend_G"],"relicsObtained":[],"maxHpGained":0,"goldGained":0,"damageTaken":0,"goldLost":0,"maxHpLost":6},"potions_obtained":[{"floor":1,"key":"Energy Potion"},{"floor":4,"key":"Energy Potion"},{"floor":10,"key":"EssenceOfSteel"}],"is_trial":false,"path_per_floor":["M","?","M","M","?","R","T","E","T","M","?","R","M","E","R","B"],"character_chosen":"THE_SILENT","basemod:card_modifiers":[null,null,null,null,null,null,null,null,null,null,null,null,null,null,null,null,null,null,null],"items_purchased":[],"campfire_rested":1,"item_purchase_floors":[],"current_hp_per_floor":[58,40,40,39,28,46,46,36,36,36,56,56,56,31,31,0],"gold":234,"neow_bonus":"TRANSFORM_TWO_CARDS","is_prod":false,"is_daily":false,"rewards_skipped":[],"chose_seed":false,"campfire_upgraded":2,"win_rate":0,"floor_exit_playtime":[71,74,102,141,146,150,152,221,227,265,272,279,307,434,441],"timestamp":1681485306,"blue_key_relic_skipped_log":{"floor":9,"relicID":"Bottled Lightning"},"path_taken":["M","?","M","M","?","R","?","E","T","M","?","R","M","E","R","BOSS"],"build_version":"2022-12-18","purchased_purges":0,"victory":false,"max_hp_per_floor":[60,60,60,60,60,60,60,60,60,60,60,60,60,60,60,60],"relic_stats":{"Dream Catcher":0,"Happy Flower":[11],"counters":[8,48],"MealTicket":0,"obtain_stats":[{"Dream Catcher":8,"Happy Flower":7,"MealTicket":5,"Incense Burner":14,"Ring of the Snake":0},{"Dream Catcher":4,"Happy Flower":3,"MealTicket":3,"Incense Burner":7,"Ring of the Snake":0},{"Dream Catcher":19,"Happy Flower":14,"MealTicket":14,"Incense Burner":37,"Ring of the Snake":0}],"Ring of the Snake":[16]},"card_choices":[{"not_picked":["Masterful Stab","Underhanded Strike"],"picked":"Choke","floor":1},{"not_picked":["Dagger Throw","All Out Attack"],"picked":"Masterful Stab","floor":3},{"not_picked":["Slice","Flying Knee"],"picked":"Poisoned Stab","floor":4},{"not_picked":["Sucker Punch","Infinite Blades","Quick Slash"],"picked":"SKIP","floor":8},{"not_picked":["Backflip","Setup"],"picked":"Backstab","floor":10},{"not_picked":["A Thousand Cuts","Slice"],"picked":"Blade Dance","floor":13},{"not_picked":["Dash","Backflip"],"picked":"Prepared","floor":14}],"player_experience":1778252,"relics_obtained":[{"floor":7,"key":"Happy Flower"},{"floor":8,"key":"Dream Catcher"},{"floor":14,"key":"Incense Burner"}],"event_choices":[{"damage_healed":0,"gold_gain":0,"player_choice":"Entered Light","damage_taken":18,"max_hp_gain":0,"max_hp_loss":0,"event_name":"Shining Light","floor":2,"gold_loss":0,"cards_upgraded":["PiercingWail","Defend_G"]},{"damage_healed":0,"gold_gain":0,"player_choice":"Success","damage_taken":11,"relics_obtained":["MealTicket"],"max_hp_gain":0,"max_hp_loss":0,"event_name":"Scrap Ooze","floor":5,"gold_loss":0},{"damage_healed":20,"gold_gain":0,"player_choice":"Banana","damage_taken":0,"max_hp_gain":0,"max_hp_loss":0,"event_name":"Big Fish","floor":11,"gold_loss":0}],"is_beta":false,"boss_relics":[],"items_purged_floors":[],"is_endless":false,"potions_floor_spawned":[1,4,10],"killed_by":"Hexaghost","ascension_level":20,"potion_discard_per_floor":[[],[],[],[],[],[],[],[],[],[],[],[],[],[],[],[]]}