{"neow_bonuses_skipped_log":["THREE_CARDS","TWENTY_PERCENT_HP_BONUS","BOSS_RELIC"],"potions_obtained_entropic_brew":[[],[],[],[],[],[],[],[],[],[],[],[],[],[],[],[],[],[],[],[],[],[],[],[],[],[],[],[],[],[],[],[],[],[],[],[],[],[],[],[]],"neow_costs_skipped_log":["NONE","NO_GOLD","NONE"],"gold_per_floor":[117,117,127,141,116,41,41,41,65,65,93,93,123,134,134,207,257,276,276,292,310,18,18,35,35,114,140,140,159,159,173,173,245,245,264,284,284,303,315,315],"floor_reached":40,"playtime":2820,"items_purged":["Strike_G"],"score":990,"play_id":"aef1af63-43c8-49fe-94fe-ec5efa899d6e","local_time":"20230419171420","falling_options_log":["Prepared","Footwork"],"score_breakdown":["Floors Climbed (40): 200","Enemies Slain (15): 30","Exordium Elites Killed (2): 20","City Elites Killed (1): 20","Beyond Elites Killed (0): 0","Bosses Slain (2): 150","Perfect (1): 50","Overkill: 25","Ascension (20): 495"],"is_ascension_mode":true,"potions_obtained_alchemize":[[],[],[],[],[],[],[],[],[],[],[],[],[],[],[],[],[],[],[],[],[],[],[],["PowerPotion"],[],[],[],[],["SneckoOil","Fire Potion"],[],["Poison Potion"],[],["SpeedPotion"],[],["GamblersBrew","FearPotion"],["LiquidBronze"],[],["BlessingOfTheForge"],["SkillPotion","DistilledChaos"],["Strength Potion","LiquidBronze"]],"campfire_choices":[{"data":"Acrobatics","floor":8.0,"key":"SMITH"},{"data":"Dash","floor":10.0,"key":"SMITH"},{"floor":12.0,"key":"REST"},{"data":"Neutralize","floor":15.0,"key":"SMITH"},{"data":"Concentrate","floor":23.0,"key":"SMITH"},{"data":"Setup","floor":28,"key":"SMITH"},{"floor":30,"key":"REST"},{"data":"Doppelganger","floor":32,"key":"SMITH"}],"lesson_learned_per_floor":[[],[],[],[],[],[],[],[],[],[],[],[],[],[],[],[],[],[],[],[],[],[],[],[],[],[],[],[],[],[],[],[],[],[],[],[],[],[],[],[]],"neow_cost":"NONE","improvable_cards":{},"seed_source_timestamp":651190339088600,"shop_contents":[{"floor":22,"relics":["Bag of Marbles","Akabeko"],"cards":["Dagger Spray","Flying Knee","Deadly Poison","Noxious Fumes","Finesse","Sadistic Nature"],"potions":["PowerPotion","PowerPotion","Poison Potion"]}],"circlet_count":0,"master_deck":["AscendersBane","Defend_G+1","Defend_G","Defend_G","Defend_G","Defend_G+1","Survivor","Neutralize+1","Dash+1","Acrobatics+1","Predator","Bouncing Flask+1","Dash","Doppelganger+1","Concentrate+1","Setup+1","Catalyst+1","Prepared","Venomology","Catalyst","Backflip","Crippling Poison+1","Burst","Venomology","Footwork","Dodge and Roll+1","Wraith Form v2","Deflect+1","Dagger Spray+1","Acrobatics"],"special_seed":0,"potion_use_per_floor":[[],[],[],[],[],[],[],[],[],[],["PowerPotion"],[],["Dexterity Potion"],[],[],[],[],[],[],[],[],[],[],["Ancient Potion"],[],[],["PowerPotion"],[],["SteroidPotion","Energy Potion"],[],["Fire Potion","Fire Potion"],[],["Poison Potion"],[],["SpeedPotion","GamblersBrew"],[],[],["Swift Potion"],["BlessingOfTheForge","SkillPotion","DistilledChaos"],["PowerPotion"]],"relics":["Ring of the Snake","NeowsBlessing","Bag of Preparation","Nunchaku","War Paint","Bird Faced Urn","Tiny House","Orrery","Ornamental Fan","Ancient Tea Set","HoveringKite"],"potions_floor_usage":[24,27,29,29,31,31,33,35,35,38,39,39,39,40],"damage_taken":[{"damage":0.0,"enemies":"Small Slimes","floor":1.0,"turns":1.0},{"damage":0.0,"enemies":"Jaw Worm","floor":3.0,"turns":1.0},{"damage":0.0,"enemies":"2 Louse","floor":4.0,"turns":1.0},{"damage":6.0,"enemies":"Exordium Thugs","floor":5.0,"turns":4.0},{"damage":24.0,"enemies":"3 Sentries","floor":11.0,"turns":11.0},{"damage":5.0,"enemies":"Lagavulin","floor":13.0,"turns":5.0},{"damage":0.0,"enemies":"2 Fungi Beasts","floor":14.0,"turns":4.0},{"damage":12.0,"enemies":"The Guardian","floor":16.0,"turns":10.0},{"damage":0.0,"enemies":"Spheric Guardian","floor":18.0,"turns":3.0},{"damage":11.0,"enemies":"Shell Parasite","floor":20.0,"turns":5.0},{"damage":5.0,"enemies":"Snake Plant","floor":21.0,"turns":3.0},{"damage":21,"enemies":"Chosen and Byrds","floor":24,"turns":7},{"damage":10,"enemies":"Gremlin Leader","floor":27,"turns":5},{"damage":8,"enemies":"Centurion and Healer","floor":29,"turns":12},{"damage":7,"enemies":"Shelled Parasite and Fungi","floor":31,"turns":3},{"damage":0,"enemies":"Collector","floor":33,"turns":3},{"damage":25,"enemies":"3 Darklings","floor":35,"turns":6},{"damage":1,"enemies":"Orb Walker","floor":36,"turns":2},{"damage":3,"enemies":"3 Darklings","floor":38,"turns":3},{"damage":0,"enemies":"Jaw Worm Horde","floor":39,"turns":5},{"damage":45,"enemies":"Giant Head","floor":40,"turns":5}],"seed_played":"-8472960474036820018","neow_bonus_log":{"cardsObtained":[],"cardsUpgraded":[],"cardsRemoved":[],"cardsTransformed":[],"relicsObtained":["NeowsBlessing"],"maxHpGained":0,"goldGained":0,"damageTaken":0,"goldLost":0,"maxHpLost":0},"potions_obtained":[{"floor":1.0,"key":"Dexterity Potion"},{"floor":4.0,"key":"PowerPotion"},{"floor":13.0,"key":"Strength Potion"},{"floor":17.0,"key":"SteroidPotion"},{"floor":21.0,"key":"Ancient Potion"},{"floor":27,"key":"Energy Potion"},{"floor":29,"key":"Fire Potion"},{"floor":36,"key":"Swift Potion"},{"floor":39,"key":"PowerPotion"}],"is_trial":false,"path_per_floor":["M","?","M","M","M","?","?","R","T","R","E","R","E","M","R","B",null,"M","?","M","M","$","R","M","?","T","E","R","M","R","M","R","B",null,"M","M","?","M","M","E"],"character_chosen":"THE_SILENT","basemod:card_modifiers":[null,null,null,null,null,null,null,null,null,null,null,null,null,null,null,null,null,null,null,null,null,null,null,null,null,null,null,null,null,null],"items_purchased":["Orrery","Backflip"],"campfire_rested":2,"item_purchase_floors":[22,22],"current_hp_per_floor":[59,48,48,48,42,42,42,42,42,42,18,37,32,32,32,20,60,60,60,49,44,44,44,23,23,23,15,15,9,30,23,23,23,59,36,37,37,38,40,0],"gold":315,"neow_bonus":"THREE_ENEMY_KILL","is_prod":false,"is_daily":false,"rewards_skipped":[{"floor":18,"relics":[],"potions":["SmokeBomb"]}],"chose_seed":false,"campfire_upgraded":6,"win_rate":0,"floor_exit_playtime":[78,82,106,121,176,196,200,209,214,230,371,374,435,515,522,673,786,852,866,986,1082,1167,1179,1303,1314,1320,1451,1467,1719,1722,1827,1839,1961,1985,2262,2332,2348,2463,2676],"timestamp":1681938860,"path_taken":["M","?","M","M","M","?","?","R","T","R","E","R","E","M","R","BOSS","M","?","M","M","?","R","M","?","T","E","R","?","R","M","R","BOSS","M","M","?","M","M","E"],"build_version":"2022-12-18","purchased_purges":1,"victory":false,"max_hp_per_floor":[66,66,66,66,66,66,66,66,66,66,66,66,66,66,66,66,71,71,71,71,71,71,71,71,71,71,71,71,71,71,71,71,71,71,71,71,71,71,71,71],"relic_stats":{"Nunchaku":[10],"counters":[21,99],"Ornamental Fan":[0],"Bird Faced Urn":[18],"HoveringKite":[15],"Bag of Preparation":[40],"War Paint":["Defend_G","Bouncing Flask"],"Ancient Tea Set":[6],"obtain_stats":[{"Nunchaku":9,"Tiny House":17,"NeowsBlessing":0,"Ornamental Fan":26,"Bird Faced Urn":13,"Orrery":22,"HoveringKite":34,"Bag of Preparation":2,"War Paint":11,"Ancient Tea Set":27,"Ring of the Snake":0},{"Nunchaku":4,"Tiny House":8,"NeowsBlessing":0,"Ornamental Fan":12,"Bird Faced Urn":6,"Orrery":11,"HoveringKite":16,"Bag of Preparation":1,"War Paint":5,"Ancient Tea Set":13,"Ring of the Snake":0},{"Nunchaku":7,"Tiny House":37,"NeowsBlessing":0,"Ornamental Fan":55,"Bird Faced Urn":23,"Orrery":48,"HoveringKite":78,"Bag of Preparation":1,"War Paint":18,"Ancient Tea Set":60,"Ring of the Snake":0}],"Ring of the Snake":[42]},"card_choices":[{"not_picked":["Underhanded Strike","Expertise"],"picked":"Dash","floor":1.0},{"not_picked":["Dagger Spray","Outmaneuver"],"picked":"Acrobatics","floor":3.0},{"not_picked":["Flechettes","Blade Dance"],"picked":"Predator","floor":4.0},{"not_picked":["Flying Knee","Outmaneuver"],"picked":"Underhanded Strike","floor":5.0},{"not_picked":["Finisher","Poisoned Stab"],"picked":"Bouncing Flask","floor":11.0},{"not_picked":["Infinite Blades","Sucker Punch","Poisoned Stab"],"picked":"SKIP","floor":13.0},{"not_picked":["Deadly Poison","Quick Slash"],"picked":"Dash","floor":14.0},{"not_picked":["Storm of Steel","Glass Knife"],"picked":"Doppelganger","floor":16.0},{"not_picked":["Skewer","Outmaneuver"],"picked":"Concentrate","floor":17.0},{"not_picked":["Underhanded Strike","Deadly Poison"],"picked":"Setup","floor":18.0},{"not_picked":["Cloak And Dagger","Escape Plan"],"picked":"Catalyst+1","floor":20.0},{"not_picked":["Dagger Throw+1","Setup"],"picked":"Prepared","floor":21.0},{"not_picked":["Quick Slash","Prepared"],"picked":"Venomology","floor":22.0},{"not_picked":["Outmaneuver","Prepared"],"picked":"Catalyst","floor":22.0},{"not_picked":["Bouncing Flask","Masterful Stab","Underhanded Strike"],"picked":"SKIP","floor":22.0},{"not_picked":["Outmaneuver","Slice","Glass Knife"],"picked":"SKIP","floor":22.0},{"not_picked":["Setup","Cloak And Dagger","Outmaneuver"],"picked":"SKIP","floor":22.0},{"not_picked":["Slice+1","Dagger Spray"],"picked":"Crippling Poison+1","floor":24},{"not_picked":["A Thousand Cuts","Sucker Punch"],"picked":"Footwork","floor":27},{"not_picked":["Poisoned Stab","Deflect","Flying Knee"],"picked":"SKIP","floor":29},{"not_picked":["Bane","Choke"],"picked":"Dodge and Roll+1","floor":31},{"not_picked":["Malaise","Corpse Explosion"],"picked":"Wraith Form v2","floor":33},{"not_picked":["Flying Knee","Dagger Throw","Slice"],"picked":"SKIP","floor":35},{"not_picked":["Dodge and Roll","Poisoned Stab"],"picked":"Deflect+1","floor":36},{"not_picked":["Dash","Riddle With Holes"],"picked":"Dagger Spray+1","floor":38},{"not_picked":["Sucker Punch+1","Terror"],"picked":"Acrobatics","floor":39}],"player_experience":1818158,"relics_obtained":[{"floor":9.0,"key":"Nunchaku"},{"floor":11.0,"key":"War Paint"},{"floor":13.0,"key":"Bird Faced Urn"},{"floor":26,"key":"Ornamental Fan"},{"floor":27,"key":"Ancient Tea Set"}],"event_choices":[{"damage_healed":0.0,"max_hp_gain":0.0,"max_hp_loss":0.0,"gold_gain":0.0,"event_name":"Scrap Ooze","player_choice":"Success","floor":2.0,"gold_loss":0.0,"damage_taken":11.0,"relics_obtained":["Bag of Preparation"]},{"cards_removed":["Strike_G"],"damage_healed":0.0,"max_hp_gain":0.0,"max_hp_loss":0.0,"gold_gain":0.0,"event_name":"The Cleric","player_choice":"Card Removal","floor":6.0,"gold_loss":75.0,"damage_taken":0.0},{"damage_healed":0.0,"max_hp_gain":0.0,"max_hp_loss":0.0,"gold_gain":0.0,"event_name":"Liars Game","player_choice":"Ignored","floor":7.0,"gold_loss":0.0,"damage_taken":0.0},{"cards_removed":["Strike_G"],"damage_healed":0.0,"max_hp_gain":0.0,"max_hp_loss":0.0,"gold_gain":0.0,"event_name":"Purifier","player_choice":"Purged","floor":19.0,"gold_loss":0.0,"damage_taken":0.0},{"damage_healed":0,"gold_gain":0,"cards_transformed":["Strike_G","Strike_G"],"player_choice":"Became Test Subject","damage_taken":0,"max_hp_gain":0,"max_hp_loss":0,"event_name":"Drug Dealer","floor":25,"gold_loss":0,"cards_obtained":["Burst","Venomology"]},{"cards_removed":["Underhanded Strike"],"damage_healed":0,"gold_gain":0,"player_choice":"Removed Attack","damage_taken":0,"max_hp_gain":0,"max_hp_loss":0,"event_name":"Falling","floor":37,"gold_loss":0}],"is_beta":false,"boss_relics":[{"not_picked":["Busted Crown","Black Star"],"picked":"Tiny House"},{"not_picked":["Pandora\u0027s Box","Coffee Dripper"],"picked":"HoveringKite"}],"items_purged_floors":[22],"is_endless":false,"potions_floor_spawned":[1,4,13,18,21,27,29,36,39],"killed_by":"Giant Head","ascension_level":20,"potion_discard_per_floor":[[],[],[],[],[],[],[],[],[],[],[],[],[],[],[],[],[],[],[],[],["Strength Potion"],[],[],[],[],[],[],[],["SneckoOil"],[],[],[],[],[],[],["FearPotion"],[],[],[],["LiquidBronze"]]}