{"neow_bonuses_skipped_log":["TEN_PERCENT_HP_BONUS","RANDOM_COLORLESS_2","BOSS_RELIC"],"neow_costs_skipped_log":["NONE","CURSE","NONE"],"potions_obtained_entropic_brew":[[],[],[],[],[],[],[],[],[],[],[],[],[],[],[],[]],"gold_per_floor":[118,130,142,142,104,132,132,132,132,149,161,161,211,211,211,211],"floor_reached":16,"playtime":531,"items_purged":[],"score":200,"play_id":"f0230f14-48de-4304-a2fc-5c7b48c6bc15","local_time":"20230410222247","score_breakdown":["Floors Climbed (16): 80","Enemies Slain (5): 10","Exordium Elites Killed (1): 10","Bosses Slain (0): 0","Ascension (20): 100"],"is_ascension_mode":true,"potions_obtained_alchemize":[[],[],[],[],[],[],[],[],[],[],[],[],[],[],[],[]],"campfire_choices":[{"floor":7.0,"key":"REST"},{"floor":12.0,"key":"REST"},{"data":"Deadly Poison","floor":15.0,"key":"SMITH"}],"lesson_learned_per_floor":[[],[],[],[],[],[],[],[],[],[],[],[],[],[],[],[]],"neow_cost":"NONE","improvable_cards":{},"seed_source_timestamp":847794600952600,"shop_contents":[],"circlet_count":0,"master_deck":["AscendersBane","Strike_G","Strike_G","Strike_G","Strike_G","Strike_G","Defend_G","Defend_G","Defend_G","Defend_G","Defend_G","Survivor","Neutralize","Noxious Fumes+1","Deadly Poison+1","Flying Knee","Choke","Bane"],"special_seed":0,"potion_use_per_floor":[[],[],[],[],[],["Block Potion","GhostInAJar"],[],[],[],[],[],[],[],[],[],[]],"relics":["Ring of the Snake","Tiny Chest","Matryoshka","Mercury Hourglass","Ice Cream"],"potions_floor_usage":[],"damage_taken":[{"damage":8.0,"enemies":"2 Louse","floor":1.0,"turns":3.0},{"damage":8.0,"enemies":"Small Slimes","floor":2.0,"turns":4.0},{"damage":6.0,"enemies":"Cultist","floor":3.0,"turns":4.0},{"damage":22.0,"enemies":"Lagavulin","floor":6.0,"turns":8.0},{"damage":1.0,"enemies":"3 Louse","floor":10.0,"turns":4.0},{"damage":22.0,"enemies":"Gremlin Gang","floor":11.0,"turns":4.0},{"damage":29,"enemies":"The Guardian","floor":16,"turns":5}],"seed_played":"815350504419123315","neow_bonus_log":{"cardsObtained":[],"cardsUpgraded":[],"cardsRemoved":[],"cardsTransformed":[],"relicsObtained":[],"maxHpGained":0,"goldGained":0,"damageTaken":0,"goldLost":0,"maxHpLost":0},"potions_obtained":[{"floor":1.0,"key":"Block Potion"},{"floor":3.0,"key":"GhostInAJar"}],"is_trial":false,"path_per_floor":["M","M","M","?","?","E","R","?","T","M","M","R","?","T","R","B"],"character_chosen":"THE_SILENT","basemod:card_modifiers":[null,null,null,null,null,null,null,null,null,null,null,null,null,null,null,null,null,null],"items_purchased":[],"campfire_rested":2,"item_purchase_floors":[],"current_hp_per_floor":[51,43,37,37,37,15,34,34,34,33,11,30,24,24,24,0],"gold":211,"neow_bonus":"THREE_CARDS","is_prod":false,"is_daily":false,"rewards_skipped":[],"chose_seed":false,"campfire_upgraded":1,"win_rate":0,"floor_exit_playtime":[66,97,141,152,156,266,271,282,290,358,442,446,452,455,481],"timestamp":1681179767,"path_taken":["M","M","M","?","?","E","R","?","T","M","?","R","?","?","R","BOSS"],"build_version":"2022-12-18","purchased_purges":0,"victory":false,"max_hp_per_floor":[66,66,66,66,66,66,66,66,66,66,66,66,66,66,66,66],"relic_stats":{"Ice Cream":[3],"Matryoshka":1,"counters":[7,32],"Tiny Chest":1,"obtain_stats":[{"Ice Cream":14,"Matryoshka":9,"Tiny Chest":6,"Ring of the Snake":0,"Mercury Hourglass":14},{"Ice Cream":6,"Matryoshka":4,"Tiny Chest":4,"Ring of the Snake":0,"Mercury Hourglass":6},{"Ice Cream":27,"Matryoshka":19,"Tiny Chest":19,"Ring of the Snake":0,"Mercury Hourglass":27}],"Ring of the Snake":[14],"Mercury Hourglass":[12]},"card_choices":[{"not_picked":["Well Laid Plans","Sucker Punch"],"picked":"Noxious Fumes","floor":0.0},{"not_picked":["Escape Plan","Tactician"],"picked":"Deadly Poison","floor":1.0},{"not_picked":["Sucker Punch","Slice"],"picked":"Flying Knee","floor":2.0},{"not_picked":["Doppelganger","Reflex"],"picked":"Choke","floor":3.0},{"not_picked":["Quick Slash","Underhanded Strike","Dodge and Roll"],"picked":"SKIP","floor":6.0},{"not_picked":["Dodge and Roll","Reflex"],"picked":"Bane","floor":10.0},{"not_picked":["Skewer","Terror","Outmaneuver"],"picked":"SKIP","floor":11.0}],"player_experience":1684234,"relics_obtained":[{"floor":6.0,"key":"Tiny Chest"},{"floor":9.0,"key":"Matryoshka"},{"floor":14.0,"key":"Mercury Hourglass"},{"floor":14.0,"key":"Ice Cream"}],"event_choices":[{"damage_healed":0.0,"max_hp_gain":0.0,"max_hp_loss":0.0,"gold_gain":0.0,"event_name":"Liars Game","player_choice":"Ignored","floor":4.0,"gold_loss":0.0,"damage_taken":0.0},{"damage_healed":0.0,"max_hp_gain":0.0,"max_hp_loss":0.0,"gold_gain":0.0,"event_name":"World of Goop","player_choice":"Left Gold","floor":5.0,"gold_loss":38.0,"damage_taken":0.0},{"damage_healed":0.0,"max_hp_gain":0.0,"max_hp_loss":0.0,"gold_gain":0.0,"event_name":"Upgrade Shrine","player_choice":"Upgraded","floor":8.0,"gold_loss":0.0,"damage_taken":0.0,"cards_upgraded":["Noxious Fumes"]},{"damage_healed":0.0,"max_hp_gain":0.0,"max_hp_loss":0.0,"gold_gain":50.0,"event_name":"FaceTrader","player_choice":"Touch","floor":13.0,"gold_loss":0.0,"damage_taken":6.0}],"is_beta":false,"boss_relics":[],"items_purged_floors":[],"is_endless":false,"potions_floor_spawned":[1,3],"killed_by":"The Guardian","ascension_level":20,"potion_discard_per_floor":[[],[],[],[],[],[],[],[],[],[],[],[],[],[],[],[]]}