{"neow_bonuses_skipped_log":["RANDOM_COLORLESS","THREE_SMALL_POTIONS","BOSS_RELIC"],"neow_costs_skipped_log":["NONE","NONE","NONE"],"potions_obtained_entropic_brew":[[],[],[],[],[],[],[],[],[],[],[],[],[],[],[],[]],"gold_per_floor":[114,114,164,175,189,218,218,235,235,253,193,193,58,69,69,69],"floor_reached":16,"playtime":588,"items_purged":["Strike_G"],"score":204,"play_id":"58e6062d-acad-4473-a94e-e40a8317a4c3","local_time":"20230413205952","score_breakdown":["Floors Climbed (16): 80","Enemies Slain (6): 12","Exordium Elites Killed (1): 10","Bosses Slain (0): 0","Ascension (20): 102"],"is_ascension_mode":true,"potions_obtained_alchemize":[[],[],[],[],[],[],[],[],[],[],[],[],[],[],[],[]],"campfire_choices":[{"floor":7,"key":"REST"},{"data":"Glass Knife","floor":12,"key":"SMITH"},{"data":"Terror","floor":15,"key":"SMITH"}],"lesson_learned_per_floor":[[],[],[],[],[],[],[],[],[],[],[],[],[],[],[],[]],"neow_cost":"TEN_PERCENT_HP_LOSS","improvable_cards":{},"seed_source_timestamp":148640700706700,"shop_contents":[{"floor":11,"relics":["WingedGreaves","Bag of Marbles","HandDrill"],"cards":["Skewer","Sucker Punch","Catalyst","Prepared","Infinite Blades","Enlightenment","Thinking Ahead"],"potions":["PowerPotion","BlessingOfTheForge","FearPotion"]},{"floor":13,"relics":["Dream Catcher","StrikeDummy","White Beast Statue"],"cards":["Masterful Stab","Endless Agony","Deflect","Deadly Poison","Noxious Fumes","Purity","Master of Strategy"],"potions":["LiquidMemories","Energy Potion","EntropicBrew"]}],"circlet_count":0,"master_deck":["AscendersBane","Strike_G","Strike_G","Strike_G","Defend_G","Defend_G","Defend_G","Defend_G","Survivor","Neutralize","All Out Attack","Underhanded Strike","Dagger Throw","Underhanded Strike","Backstab","Glass Knife+1","Terror+1"],"potion_use_per_floor":[[],[],[],[],[],["Dexterity Potion","Dexterity Potion"],[],[],[],[],[],[],[],[],[],["Fire Potion"]],"relics":["Ring of the Snake","The Courier","Shuriken","Toolbox"],"potions_floor_usage":[6,6,16],"damage_taken":[{"damage":0,"enemies":"2 Louse","floor":1,"turns":5},{"damage":4,"enemies":"Small Slimes","floor":4,"turns":3},{"damage":0,"enemies":"Cultist","floor":5,"turns":3},{"damage":31,"enemies":"Lagavulin","floor":6,"turns":10},{"damage":19,"enemies":"Large Slime","floor":8,"turns":5},{"damage":0,"enemies":"Exordium Wildlife","floor":10,"turns":2},{"damage":0,"enemies":"Blue Slaver","floor":14,"turns":1},{"damage":36,"enemies":"The Guardian","floor":16,"turns":12}],"seed_played":"8987276031518306271","neow_bonus_log":{"cardsObtained":[],"cardsUpgraded":[],"cardsRemoved":["Strike_G","Defend_G"],"cardsTransformed":[],"relicsObtained":[],"maxHpGained":0,"goldGained":0,"damageTaken":0,"goldLost":0,"maxHpLost":6},"potions_obtained":[{"floor":4,"key":"Dexterity Potion"},{"floor":5,"key":"Dexterity Potion"},{"floor":10,"key":"Energy Potion"},{"floor":14,"key":"Fire Potion"}],"is_trial":false,"path_per_floor":["M","?","?","M","M","E","R","M","T","M","$","R","$","M","R","B"],"character_chosen":"THE_SILENT","basemod:card_modifiers":[null,null,null,null,null,null,null,null,null,null,null,null,null,null,null,null,null],"items_purchased":["Toolbox"],"campfire_rested":1,"item_purchase_floors":[13],"current_hp_per_floor":[59,64,64,60,60,29,48,29,29,29,29,29,29,29,29,0],"gold":69,"neow_bonus":"REMOVE_TWO","is_prod":false,"is_daily":false,"rewards_skipped":[],"chose_seed":false,"campfire_upgraded":2,"win_rate":0,"floor_exit_playtime":[105,109,117,155,198,306,313,384,387,416,439,449,459,474,479],"timestamp":1681433992,"path_taken":["M","?","?","M","M","E","R","M","T","?","$","R","$","M","R","BOSS"],"build_version":"2022-12-18","purchased_purges":1,"victory":false,"max_hp_per_floor":[60,65,65,65,65,65,65,65,65,65,65,65,65,65,65,65],"relic_stats":{"counters":[8,41],"Shuriken":[5],"The Courier":49,"obtain_stats":[{"Shuriken":9,"Toolbox":13,"The Courier":6,"Ring of the Snake":0},{"Shuriken":5,"Toolbox":6,"The Courier":4,"Ring of the Snake":0},{"Shuriken":26,"Toolbox":28,"The Courier":21,"Ring of the Snake":0}],"Ring of the Snake":[16]},"card_choices":[{"not_picked":["Sucker Punch","Expertise"],"picked":"All Out Attack","floor":1},{"not_picked":["Outmaneuver","Finisher"],"picked":"Underhanded Strike","floor":4},{"not_picked":["Prepared","PiercingWail"],"picked":"Dagger Throw","floor":5},{"not_picked":["Dodge and Roll","Cloak And Dagger"],"picked":"Underhanded Strike","floor":6},{"not_picked":["Dagger Spray","Caltrops"],"picked":"Backstab","floor":8},{"not_picked":["Deadly Poison","Outmaneuver"],"picked":"Glass Knife","floor":10},{"not_picked":["Choke","Dagger Spray"],"picked":"Terror","floor":14}],"player_experience":1768656,"relics_obtained":[{"floor":6,"key":"The Courier"},{"floor":9,"key":"Shuriken"}],"event_choices":[{"damage_healed":0,"gold_gain":0,"player_choice":"Donut","damage_taken":0,"max_hp_gain":5,"max_hp_loss":0,"event_name":"Big Fish","floor":2,"gold_loss":0},{"damage_healed":0,"gold_gain":50,"player_choice":"Pray","damage_taken":0,"max_hp_gain":0,"max_hp_loss":0,"event_name":"Golden Shrine","floor":3,"gold_loss":0}],"is_beta":false,"boss_relics":[],"items_purged_floors":[11],"is_endless":false,"potions_floor_spawned":[4,5,10,14],"killed_by":"The Guardian","ascension_level":20,"potion_discard_per_floor":[[],[],[],[],[],[],[],[],[],[],[],[],[],[],[],[]]}