{"neow_bonuses_skipped_log":["RANDOM_COLORLESS","TEN_PERCENT_HP_BONUS","BOSS_RELIC"],"potions_obtained_entropic_brew":[[],[],[],[],[],[],[],[],[],[],[],[],[],[],[],[],[],[],[],[],[],[]],"neow_costs_skipped_log":["NONE","NONE","NONE"],"gold_per_floor":[149,180,212,212,1,1,68,68,95,155,191,218,322,414,426,509,521,553,1,44,79,79],"floor_reached":22,"playtime":1151,"items_purged":["Strike_G","Strike_G"],"score":416,"play_id":"713ddd61-99af-4d4c-b2a8-c4f369b5913a","local_time":"20230411233447","score_breakdown":["Floors Climbed (22): 110","Enemies Slain (9): 18","Exordium Elites Killed (3): 30","City Elites Killed (0): 0","Bosses Slain (1): 50","Ascension (20): 208"],"is_ascension_mode":true,"potions_obtained_alchemize":[[],[],[],[],[],[],[],[],[],[],[],[],[],[],[],[],[],[],[],[],[],[]],"campfire_choices":[{"data":"Accuracy","floor":6,"key":"SMITH"},{"data":"HandOfGreed","floor":8,"key":"SMITH"},{"floor":15,"key":"REST"}],"lesson_learned_per_floor":[[],[],[],[],[],[],[],[],[],[],[],[],[],[],[],[],[],[],[],[],[],[]],"neow_cost":"PERCENT_DAMAGE","improvable_cards":{},"seed_source_timestamp":937906708782800,"shop_contents":[{"floor":5,"relics":["CeramicFish","Bottled Lightning","DollysMirror"],"cards":["All Out Attack","Sucker Punch","Deadly Poison","Mind Blast","Secret Weapon"],"potions":["GamblersBrew","Strength Potion","AttackPotion"]},{"floor":19,"relics":["Bottled Flame"],"cards":["Poisoned Stab","All Out Attack","Blur","Deadly Poison","Enlightenment","The Bomb"],"potions":["ColorlessPotion","Ancient Potion"]}],"circlet_count":0,"master_deck":["AscendersBane","Strike_G","Strike_G","Defend_G","Defend_G+1","Defend_G","Defend_G","Defend_G","Survivor","Neutralize","HandOfGreed+1","Backflip","Blade Dance+1","Deflect","Blade Dance","Accuracy+1","Phantasmal Killer","Deadly Poison","Deflect","Corpse Explosion","Terror","Well Laid Plans","Finisher"],"potion_use_per_floor":[[],[],[],[],[],[],["AttackPotion"],[],[],[],[],[],["Regen Potion"],["SkillPotion"],[],[],[],[],[],["Energy Potion"],[],[]],"relics":["Ring of the Snake","Bronze Scales","PreservedInsect","MawBank","Question Card","SlaversCollar","Toolbox","War Paint"],"potions_floor_usage":[7,13,14,20],"damage_taken":[{"damage":0,"enemies":"Small Slimes","floor":1,"turns":4},{"damage":0,"enemies":"Cultist","floor":2,"turns":3},{"damage":0,"enemies":"Jaw Worm","floor":3,"turns":5},{"damage":6,"enemies":"3 Sentries","floor":7,"turns":6},{"damage":5,"enemies":"Exordium Thugs","floor":10,"turns":4},{"damage":2,"enemies":"Looter","floor":11,"turns":3},{"damage":7,"enemies":"Gremlin Nob","floor":12,"turns":3},{"damage":4,"enemies":"Lots of Slimes","floor":13,"turns":9},{"damage":10,"enemies":"3 Sentries","floor":14,"turns":7},{"damage":21,"enemies":"The Guardian","floor":16,"turns":9},{"damage":18,"enemies":"Chosen","floor":18,"turns":5},{"damage":2,"enemies":"Shell Parasite","floor":20,"turns":3},{"damage":34,"enemies":"Chosen and Byrds","floor":21,"turns":7},{"damage":8,"enemies":"Centurion and Healer","floor":22,"turns":1}],"green_key_taken_log":12,"seed_played":"-8901715163803678902","neow_bonus_log":{"cardsObtained":[],"cardsUpgraded":[],"cardsRemoved":[],"cardsTransformed":[],"relicsObtained":[],"maxHpGained":0,"goldGained":0,"damageTaken":15,"goldLost":0,"maxHpLost":0},"potions_obtained":[{"floor":2,"key":"Energy Potion"},{"floor":3,"key":"AttackPotion"},{"floor":11,"key":"Regen Potion"},{"floor":13,"key":"SkillPotion"},{"floor":20,"key":"Ancient Potion"}],"is_trial":false,"path_per_floor":["M","M","M","?","$","R","E","R","T","M","M","E","M","E","R","B",null,"M","$","M","M","M"],"character_chosen":"THE_SILENT","basemod:card_modifiers":[null,null,null,null,null,null,null,null,null,null,null,null,null,null,null,null,null,null,null,null,null,null,null],"items_purchased":["Blade Dance","Accuracy","Toolbox","Well Laid Plans","War Paint","Fire Potion"],"campfire_rested":1,"item_purchase_floors":[5,5,19,19,19,19],"current_hp_per_floor":[44,44,44,44,44,44,38,38,38,33,31,24,35,25,44,23,55,37,37,35,1,0],"gold":79,"neow_bonus":"RANDOM_COLORLESS_2","is_prod":false,"is_daily":false,"rewards_skipped":[{"floor":12,"relics":[],"potions":["Weak Potion"]}],"chose_seed":false,"campfire_upgraded":2,"win_rate":0,"floor_exit_playtime":[59,82,130,137,156,166,270,277,280,340,377,432,538,633,641,766,782,862,917,1018,1127],"timestamp":1681270487,"path_taken":["M","M","M","?","$","R","E","R","T","M","M","E","M","E","R","BOSS","M","$","M","M","?"],"build_version":"2022-12-18","purchased_purges":2,"victory":false,"max_hp_per_floor":[66,66,66,66,66,66,66,66,66,66,66,66,66,66,66,66,66,66,66,66,66,66],"relic_stats":{"counters":[14,69],"Bronze Scales":[117],"PreservedInsect":62,"War Paint":["Blade Dance","Defend_G"],"MawBank":84,"Question Card":4,"obtain_stats":[{"SlaversCollar":17,"Bronze Scales":7,"Toolbox":19,"PreservedInsect":9,"War Paint":19,"MawBank":12,"Question Card":14,"Ring of the Snake":0},{"SlaversCollar":10,"Bronze Scales":4,"Toolbox":11,"PreservedInsect":4,"War Paint":11,"MawBank":7,"Question Card":9,"Ring of the Snake":0},{"SlaversCollar":53,"Bronze Scales":18,"Toolbox":58,"PreservedInsect":18,"War Paint":58,"MawBank":28,"Question Card":44,"Ring of the Snake":0}],"Ring of the Snake":[28]},"card_choices":[{"not_picked":["The Bomb","Metamorphosis"],"picked":"HandOfGreed","floor":0},{"not_picked":["Choke","Eviscerate"],"picked":"Backflip","floor":1},{"not_picked":["Distraction","PiercingWail"],"picked":"Blade Dance","floor":2},{"not_picked":["Leg Sweep","Dodge and Roll"],"picked":"Deflect","floor":3},{"not_picked":["Flying Knee","Finisher","Deflect"],"picked":"SKIP","floor":7},{"not_picked":["Flying Knee","Finisher","Deflect"],"picked":"SKIP","floor":7},{"not_picked":["Crippling Poison","Dodge and Roll","Sucker Punch"],"picked":"SKIP","floor":10},{"not_picked":["Crippling Poison","Dodge and Roll"],"picked":"Phantasmal Killer","floor":11},{"not_picked":["Bouncing Flask","Sucker Punch","Quick Slash"],"picked":"SKIP","floor":12},{"not_picked":["Escape Plan","Catalyst"],"picked":"Deadly Poison","floor":13},{"not_picked":["PiercingWail","Slice"],"picked":"Deflect","floor":14},{"not_picked":["Bullet Time","Burst","Night Terror"],"picked":"Corpse Explosion","floor":16},{"not_picked":["Dash","Reflex+1","Dagger Throw"],"picked":"Terror","floor":18},{"not_picked":["Underhanded Strike","Infinite Blades","Bouncing Flask"],"picked":"Finisher","floor":20},{"not_picked":["Flying Knee","Blur","Slice+1","Distraction"],"picked":"SKIP","floor":21}],"player_experience":1710734,"relics_obtained":[{"floor":7,"key":"Bronze Scales"},{"floor":9,"key":"PreservedInsect"},{"floor":12,"key":"MawBank"},{"floor":14,"key":"Question Card"}],"event_choices":[{"cards_removed":["Strike_G"],"damage_healed":0,"gold_gain":0,"player_choice":"Purged","damage_taken":0,"max_hp_gain":0,"max_hp_loss":0,"event_name":"Purifier","floor":4,"gold_loss":0}],"is_beta":false,"boss_relics":[{"not_picked":["Ectoplasm","Sozu"],"picked":"SlaversCollar"}],"items_purged_floors":[5,19],"is_endless":false,"potions_floor_spawned":[2,3,11,12,13,20],"killed_by":"Centurion and Healer","ascension_level":20,"potion_discard_per_floor":[[],[],[],[],[],[],[],[],[],[],[],[],[],[],[],[],[],[],[],[],[],[]]}