{"neow_bonuses_skipped_log":["THREE_CARDS","RANDOM_COMMON_RELIC","BOSS_RELIC"],"neow_costs_skipped_log":["NONE","NONE","NONE"],"potions_obtained_entropic_brew":[[],[],[],[],[],[],[],[],[],[],[],[],[],[],[],[],[],[],[],[],[],[],[],[],[],[],[],[],[],[],[],[],[]],"gold_per_floor":[117,137,5,25,25,25,100,128,128,143,161,181,206,226,226,300,300,320,81,92,92,92,92,120,135,161,161,173,202,214,214,214,214],"floor_reached":33,"playtime":1487,"items_purged":["Regret","Strike_G"],"score":623,"play_id":"6558ad9a-5be9-4b3e-9902-27d3718f86b4","local_time":"20230412134815","score_breakdown":["Floors Climbed (33): 165","Enemies Slain (12): 24","Exordium Elites Killed (2): 20","City Elites Killed (2): 40","Bosses Slain (1): 50","Well Fed: 25","Ascension (20): 299"],"is_ascension_mode":true,"potions_obtained_alchemize":[[],[],[],[],[],[],[],[],[],[],[],[],[],[],[],[],[],[],[],[],[],[],[],[],[],[],[],[],[],[],[],[],[]],"campfire_choices":[{"data":"Riddle With Holes","floor":6,"key":"SMITH"},{"data":"Cloak And Dagger","floor":15,"key":"SMITH"},{"floor":23,"key":"REST"},{"floor":27,"key":"REST"},{"floor":32,"key":"REST"}],"lesson_learned_per_floor":[[],[],[],[],[],[],[],[],[],[],[],[],[],[],[],[],[],[],[],[],[],[],[],[],[],[],[],[],[],[],[],[],[]],"neow_cost":"CURSE","improvable_cards":{},"seed_source_timestamp":35444521908100,"shop_contents":[{"floor":3,"relics":["Bottled Flame","Lantern","Frozen Eye"],"cards":["Underhanded Strike","Eviscerate","Deadly Poison","Outmaneuver","Infinite Blades","Flash of Steel","Apotheosis"],"potions":["Regen Potion","Weak Potion"]},{"floor":19,"relics":["Snake Skull","Whetstone","Dream Catcher"],"cards":["All Out Attack+1","Grand Finale+1","Deflect","Setup","Noxious Fumes","Finesse","HandOfGreed+1"],"potions":["DuplicationPotion","FairyPotion","Energy Potion"]}],"circlet_count":0,"master_deck":["AscendersBane","Strike_G","Strike_G","Strike_G","Strike_G","Defend_G","Defend_G","Defend_G","Defend_G","Defend_G","Survivor","Neutralize","Cloak And Dagger+1","Riddle With Holes+1","Dagger Throw","Endless Agony+1","Dagger Throw+1","Dagger Spray+1","Unload+1","Dash+1","All Out Attack+1","Malaise","Blur+1","Acrobatics","Blur","Prepared","Crippling Poison","Prepared"],"potion_use_per_floor":[[],[],[],[],[],[],[],["Strength Potion","FearPotion"],[],[],[],[],["Strength Potion"],[],[],[],[],[],[],["CunningPotion"],[],[],[],["GhostInAJar","SpeedPotion"],[],[],[],[],["SkillPotion"],[],[],[],["Swift Potion"]],"relics":["Ring of the Snake","Mango","Letter Opener","Molten Egg 2","The Courier","Nunchaku","Runic Pyramid","Orrery","Pear","Omamori","Bag of Marbles"],"potions_floor_usage":[8,8,13,20,24,24,29,33],"damage_taken":[{"damage":2,"enemies":"2 Louse","floor":1,"turns":5},{"damage":0,"enemies":"Jaw Worm","floor":2,"turns":6},{"damage":1,"enemies":"Small Slimes","floor":4,"turns":5},{"damage":5,"enemies":"Lagavulin","floor":8,"turns":3},{"damage":10,"enemies":"Gremlin Gang","floor":10,"turns":8},{"damage":0,"enemies":"3 Louse","floor":11,"turns":3},{"damage":0,"enemies":"Looter","floor":12,"turns":2},{"damage":2,"enemies":"3 Sentries","floor":13,"turns":4},{"damage":0,"enemies":"2 Fungi Beasts","floor":14,"turns":2},{"damage":20,"enemies":"Slime Boss","floor":16,"turns":8},{"damage":5,"enemies":"Spheric Guardian","floor":18,"turns":3},{"damage":18,"enemies":"2 Thieves","floor":20,"turns":3},{"damage":13,"enemies":"Slavers","floor":24,"turns":6},{"damage":22,"enemies":"Sentry and Sphere","floor":25,"turns":6},{"damage":12,"enemies":"Snecko","floor":28,"turns":6},{"damage":13,"enemies":"Gremlin Leader","floor":29,"turns":8},{"damage":11,"enemies":"Snake Plant","floor":30,"turns":4},{"damage":43,"enemies":"Collector","floor":33,"turns":5}],"seed_played":"-6553134162026047280","neow_bonus_log":{"cardsObtained":["Regret"],"cardsUpgraded":[],"cardsRemoved":[],"cardsTransformed":[],"relicsObtained":["Mango"],"maxHpGained":0,"goldGained":0,"damageTaken":0,"goldLost":0,"maxHpLost":0},"potions_obtained":[{"floor":1,"key":"Strength Potion"},{"floor":8,"key":"GhostInAJar"},{"floor":10,"key":"Strength Potion"},{"floor":14,"key":"DistilledChaos"},{"floor":18,"key":"CunningPotion"},{"floor":22,"key":"SpeedPotion"},{"floor":24,"key":"Swift Potion"},{"floor":28,"key":"SkillPotion"}],"is_trial":false,"path_per_floor":["M","M","$","M","?","R","?","E","T","M","M","M","E","M","R","B",null,"M","$","M","?","?","R","E","M","T","R","M","E","M","?","R","B"],"character_chosen":"THE_SILENT","basemod:card_modifiers":[null,null,null,null,null,null,null,null,null,null,null,null,null,null,null,null,null,null,null,null,null,null,null,null,null,null,null,null],"items_purchased":["FearPotion","Orrery","Blur"],"campfire_rested":3,"item_purchase_floors":[3,19,19],"current_hp_per_floor":[71,71,71,70,65,65,54,49,49,39,39,39,37,37,37,17,64,59,59,41,18,18,43,40,18,18,46,34,21,10,10,38,0],"gold":214,"neow_bonus":"ONE_RARE_RELIC","is_prod":false,"is_daily":false,"rewards_skipped":[{"floor":22,"relics":[],"potions":["Dexterity Potion"]}],"chose_seed":false,"campfire_upgraded":2,"win_rate":0,"floor_exit_playtime":[66,117,142,186,189,200,211,247,250,349,384,412,478,511,518,653,664,710,802,858,864,869,873,995,1080,1082,1086,1172,1289,1352,1355,1358],"timestamp":1681321695,"path_taken":["M","M","$","M","?","R","?","E","T","M","?","M","E","M","R","BOSS","M","$","M","?","?","R","E","?","T","R","M","E","M","?","R","BOSS"],"build_version":"2022-12-18","purchased_purges":2,"victory":false,"max_hp_per_floor":[80,80,80,80,80,80,80,80,80,80,80,80,80,80,80,80,80,80,80,80,85,85,85,95,95,95,95,95,95,95,95,95,95],"relic_stats":{"Nunchaku":[14],"counters":[18,87],"The Courier":60,"Omamori":0,"Letter Opener":[42],"obtain_stats":[{"Nunchaku":13,"Pear":24,"Orrery":19,"Mango":0,"Molten Egg 2":8,"The Courier":9,"Omamori":26,"Bag of Marbles":29,"Letter Opener":5,"Ring of the Snake":0,"Runic Pyramid":17},{"Nunchaku":8,"Pear":13,"Orrery":11,"Mango":0,"Molten Egg 2":4,"The Courier":4,"Omamori":14,"Bag of Marbles":16,"Letter Opener":3,"Ring of the Snake":0,"Runic Pyramid":10},{"Nunchaku":36,"Pear":58,"Orrery":49,"Mango":0,"Molten Egg 2":19,"The Courier":19,"Omamori":64,"Bag of Marbles":78,"Letter Opener":16,"Ring of the Snake":0,"Runic Pyramid":46}],"Ring of the Snake":[36]},"card_choices":[{"not_picked":["PiercingWail","Setup"],"picked":"Cloak And Dagger","floor":1},{"not_picked":["Deflect","Sucker Punch"],"picked":"Riddle With Holes","floor":2},{"not_picked":["Bane","Sucker Punch"],"picked":"Dagger Throw","floor":4},{"not_picked":["Dagger Throw+1","Sucker Punch+1"],"picked":"Endless Agony+1","floor":8},{"not_picked":["Cloak And Dagger","Deadly Poison"],"picked":"Dagger Throw+1","floor":10},{"not_picked":["Bouncing Flask","Poisoned Stab+1"],"picked":"Dagger Spray+1","floor":11},{"not_picked":["Bane+1","Expertise"],"picked":"Unload+1","floor":12},{"not_picked":["Deflect","Dagger Throw+1"],"picked":"Dash+1","floor":13},{"not_picked":["Flechettes+1","Quick Slash+1"],"picked":"All Out Attack+1","floor":14},{"not_picked":["Die Die Die+1","Unload+1"],"picked":"Malaise","floor":16},{"not_picked":["Sucker Punch+1","Deflect","Dash+1"],"picked":"SKIP","floor":18},{"not_picked":["PiercingWail+1","Deflect"],"picked":"Blur+1","floor":19},{"not_picked":["Expertise","Calculated Gamble"],"picked":"Acrobatics","floor":19},{"not_picked":["Choke+1","Bullet Time","Outmaneuver"],"picked":"SKIP","floor":19},{"not_picked":["Infinite Blades","Deadly Poison+1","Predator+1"],"picked":"SKIP","floor":19},{"not_picked":["Cloak And Dagger","Quick Slash+1","Dagger Spray+1"],"picked":"SKIP","floor":19},{"not_picked":["Blur","Caltrops","Bane+1"],"picked":"SKIP","floor":20},{"not_picked":["Expertise","Choke+1","All Out Attack+1"],"picked":"SKIP","floor":24},{"not_picked":["All Out Attack+1","Dagger Throw+1","Flying Knee+1"],"picked":"SKIP","floor":25},{"not_picked":["Bouncing Flask","Setup"],"picked":"Prepared","floor":28},{"not_picked":["Unload+1","Well Laid Plans"],"picked":"Crippling Poison","floor":29},{"not_picked":["Sucker Punch+1","Deflect"],"picked":"Prepared","floor":30}],"player_experience":1717993,"relics_obtained":[{"floor":8,"key":"Molten Egg 2"},{"floor":9,"key":"The Courier"},{"floor":13,"key":"Nunchaku"},{"floor":24,"key":"Pear"},{"floor":26,"key":"Omamori"},{"floor":29,"key":"Bag of Marbles"}],"event_choices":[{"damage_healed":0,"gold_gain":0,"player_choice":"Success","damage_taken":5,"relics_obtained":["Letter Opener"],"max_hp_gain":0,"max_hp_loss":0,"event_name":"Scrap Ooze","floor":5,"gold_loss":0},{"damage_healed":0,"gold_gain":75,"player_choice":"Gather Gold","damage_taken":11,"max_hp_gain":0,"max_hp_loss":0,"event_name":"World of Goop","floor":7,"gold_loss":0},{"damage_healed":0,"gold_gain":0,"player_choice":"Shed Blood","damage_taken":28,"max_hp_gain":5,"max_hp_loss":0,"event_name":"Forgotten Altar","floor":21,"gold_loss":0},{"damage_healed":0,"gold_gain":0,"player_choice":"Got Potions","damage_taken":0,"max_hp_gain":0,"max_hp_loss":0,"event_name":"Lab","floor":22,"gold_loss":0},{"damage_healed":0,"gold_gain":0,"player_choice":"Ignored","damage_taken":0,"max_hp_gain":0,"max_hp_loss":0,"event_name":"Vampires","floor":31,"gold_loss":0}],"is_beta":false,"boss_relics":[{"not_picked":["Sozu","Calling Bell"],"picked":"Runic Pyramid"}],"items_purged_floors":[3,19],"is_endless":false,"potions_floor_spawned":[1,8,10,14,18,24,28],"killed_by":"Collector","ascension_level":20,"potion_discard_per_floor":[[],[],[],[],[],[],[],[],[],[],[],[],[],[],[],[],[],["DistilledChaos"],[],[],[],[],[],[],[],[],[],[],[],[],[],[],[]]}