{"neow_bonuses_skipped_log":["TRANSFORM_CARD","RANDOM_COLORLESS_2","BOSS_RELIC"],"potions_obtained_entropic_brew":[[],[],[],[],[],[],[],[],[],[],[],[],[],[],[],[],[],[],[],[],[],[],[],[],[],[],[],[],[],[],[],[],[],[],[],[],[],[],[],[],[],[],[],[],[],[],[],[],[],[],[],[],[],[],[],[]],"neow_costs_skipped_log":["NONE","NO_GOLD","NONE"],"gold_per_floor":[118,118,132,132,143,143,68,100,100,100,111,141,141,156,156,231,231,250,261,273,273,288,288,288,317,317,217,217,39,39,72,72,150,150,162,1161,1173,540,556,589,589,619,619,619,652,652,666,680,680,680,680,680,680,62,90,90],"floor_reached":56,"playtime":3066,"items_purged":["Defend_G","Bite","Defend_G","Defend_G","Bite"],"score":2041,"play_id":"32fde830-accd-49bd-8e41-e0bd20fb4c8a","local_time":"20230419191928","score_breakdown":["Floors Climbed (56): 280","Enemies Slain (14): 28","Exordium Elites Killed (2): 20","City Elites Killed (2): 40","Beyond Elites Killed (3): 90","Bosses Slain (4): 500","Money Money (1655): 25","Perfect (1): 50","Ascension (20): 1008"],"is_ascension_mode":true,"potions_obtained_alchemize":[[],[],[],[],[],[],[],[],[],[],[],[],[],[],[],[],[],[],[],[],[],[],[],[],[],[],[],[],[],[],[],[],[],[],[],[],[],[],[],[],[],[],[],[],[],[],[],[],[],[],[],[],[],[],[],[]],"campfire_choices":[{"data":"Terror","floor":6,"key":"SMITH"},{"data":"Noxious Fumes","floor":13,"key":"SMITH"},{"data":"Accuracy","floor":15,"key":"SMITH"},{"data":"Cloak And Dagger","floor":23,"key":"SMITH"},{"data":"Doppelganger","floor":30,"key":"SMITH"},{"floor":32,"key":"REST"},{"data":"Acrobatics","floor":41,"key":"SMITH"},{"data":"Footwork","floor":44,"key":"SMITH"},{"floor":49,"key":"RECALL"},{"data":"Tools of the Trade","floor":53,"key":"SMITH"}],"lesson_learned_per_floor":[[],[],[],[],[],[],[],[],[],[],[],[],[],[],[],[],[],[],[],[],[],[],[],[],[],[],[],[],[],[],[],[],[],[],[],[],[],[],[],[],[],[],[],[],[],[],[],[],[],[],[],[],[],[],[],[]],"neow_cost":"NONE","improvable_cards":{},"seed_source_timestamp":658538700350800,"shop_contents":[{"floor":7,"relics":["Centennial Puzzle","Sundial","Cauldron"],"cards":["Underhanded Strike","Eviscerate","PiercingWail","Dodge and Roll","Infinite Blades","Good Instincts","Master of Strategy"],"potions":["Energy Potion","Swift Potion","LiquidMemories"]},{"floor":27,"relics":["Ninja Scroll","Darkstone Periapt","ClockworkSouvenir"],"cards":["Backstab","Quick Slash","Distraction","Backflip","Caltrops","Finesse","Panache"],"potions":["AttackPotion","Weak Potion","EntropicBrew"]},{"floor":29,"relics":["Bronze Scales","Snake Skull","PrismaticShard"],"cards":["Flechettes","Eviscerate","Crippling Poison","Cloak And Dagger","Footwork","Blind","Sadistic Nature"],"potions":["FairyPotion","BlessingOfTheForge"]},{"floor":38,"relics":["Akabeko"],"cards":["Endless Agony","Dagger Spray","Cloak And Dagger","Deadly Poison","Caltrops","Dramatic Entrance","Violence"],"potions":["BlessingOfTheForge","Poison Potion","ColorlessPotion"]},{"floor":54,"relics":["Art of War","TheAbacus"],"cards":["Skewer","Eviscerate","Blur","Bouncing Flask","Well Laid Plans+1","Good Instincts","Secret Weapon"],"potions":["Poison Potion"]}],"circlet_count":0,"master_deck":["AscendersBane","Defend_G","Defend_G","Survivor","Neutralize","Noxious Fumes+1","Cloak And Dagger+1","Terror+1","Blade Dance","Predator","Leg Sweep","Accuracy+1","Doppelganger+1","Blade Dance","Cloak And Dagger","Footwork+1","Bite+1","Bite+1","Tools of the Trade+1","Storm of Steel","Acrobatics+1","Backflip","Accuracy+1","Well Laid Plans+1","Deflect+1","Tactician+1"],"potion_use_per_floor":[[],[],[],[],[],[],[],["CunningPotion"],[],[],[],["Regen Potion"],[],[],[],[],[],[],[],[],[],[],[],[],["Strength Potion","ColorlessPotion"],[],[],[],[],[],["Energy Potion"],[],[],[],[],[],[],[],["ColorlessPotion"],[],[],["SteroidPotion"],[],[],["CunningPotion"],[],[],["Ancient Potion"],[],["DuplicationPotion"],["BlessingOfTheForge"],[],[],[],[],["Ancient Potion","Ancient Potion","DuplicationPotion"]],"relics":["Ring of the Snake","MealTicket","Omamori","Bottled Lightning","Boot","WristBlade","Potion Belt","White Beast Statue","Whetstone","Nloth\u0027s Gift","Ornamental Fan","HoveringKite","FossilizedHelix","Frozen Eye","Frozen Egg 2","Bag of Preparation","Pantograph","Happy Flower"],"potions_floor_usage":[8,12,25,25,31,39,42,45,48,50,51,56,56,56],"damage_taken":[{"damage":0,"enemies":"2 Louse","floor":1,"turns":3},{"damage":9,"enemies":"Jaw Worm","floor":3,"turns":6},{"damage":0,"enemies":"Cultist","floor":5,"turns":4},{"damage":23,"enemies":"Gremlin Nob","floor":8,"turns":4},{"damage":9,"enemies":"3 Louse","floor":11,"turns":4},{"damage":17,"enemies":"Lagavulin","floor":12,"turns":7},{"damage":0,"enemies":"Large Slime","floor":14,"turns":5},{"damage":8,"enemies":"The Guardian","floor":16,"turns":10},{"damage":6,"enemies":"2 Thieves","floor":18,"turns":4},{"damage":9,"enemies":"Chosen","floor":19,"turns":4},{"damage":1,"enemies":"Snake Plant","floor":20,"turns":2},{"damage":0,"enemies":"Centurion and Healer","floor":22,"turns":4},{"damage":29,"enemies":"Book of Stabbing","floor":25,"turns":5},{"damage":31,"enemies":"Slavers","floor":31,"turns":6},{"damage":53,"enemies":"Champ","floor":33,"turns":15},{"damage":8,"enemies":"Orb Walker","floor":35,"turns":2},{"damage":0,"enemies":"3 Shapes","floor":37,"turns":7},{"damage":7,"enemies":"3 Darklings","floor":39,"turns":5},{"damage":4,"enemies":"Nemesis","floor":40,"turns":7},{"damage":20,"enemies":"Reptomancer","floor":42,"turns":5},{"damage":19,"enemies":"Nemesis","floor":45,"turns":5},{"damage":0,"enemies":"Transient","floor":47,"turns":6},{"damage":0,"enemies":"Spire Growth","floor":48,"turns":4},{"damage":38,"enemies":"Time Eater","floor":50,"turns":9},{"damage":0,"enemies":"Donu and Deca","floor":51,"turns":7},{"damage":44,"enemies":"Shield and Spear","floor":55,"turns":7},{"damage":61,"enemies":"The Heart","floor":56,"turns":2}],"green_key_taken_log":40,"seed_played":"-3061838359297637110","neow_bonus_log":{"cardsObtained":[],"cardsUpgraded":[],"cardsRemoved":[],"cardsTransformed":[],"relicsObtained":["MealTicket"],"maxHpGained":0,"goldGained":0,"damageTaken":0,"goldLost":0,"maxHpLost":0},"potions_obtained":[{"floor":1,"key":"CunningPotion"},{"floor":8,"key":"Strength Potion"},{"floor":11,"key":"Regen Potion"},{"floor":22,"key":"ColorlessPotion"},{"floor":31,"key":"Ancient Potion"},{"floor":33,"key":"ColorlessPotion"},{"floor":35,"key":"SteroidPotion"},{"floor":37,"key":"Ancient Potion"},{"floor":39,"key":"DuplicationPotion"},{"floor":42,"key":"CunningPotion"},{"floor":45,"key":"BlessingOfTheForge"},{"floor":48,"key":"Explosive Potion"},{"floor":55,"key":"AttackPotion"}],"is_trial":false,"path_per_floor":["M","?","M","?","M","R","$","E","T","?","M","E","R","M","R","B",null,"M","M","M","?","M","R","?","E","T","$","?","$","R","E","R","B",null,"M","?","M","$","M","E","R","E","T","R","E","?","M","M","R","B","B",null,"R","$","E","B"],"character_chosen":"THE_SILENT","basemod:card_modifiers":[null,null,null,null,null,null,null,null,null,null,null,null,null,null,null,null,null,null,null,null,null,null,null,null,null,null],"items_purchased":["Energy Potion","FossilizedHelix","Frozen Eye","Pantograph","DuplicationPotion","Ancient Potion"],"campfire_rested":1,"item_purchase_floors":[29,38,38,54,54,54],"current_hp_per_floor":[59,54,45,50,50,50,65,42,42,42,33,31,31,31,31,23,59,53,44,43,43,43,43,43,14,14,29,29,44,44,29,43,15,41,39,39,48,49,47,48,48,29,29,29,18,18,34,37,37,13,24,43,43,49,11,0],"gold":90,"neow_bonus":"RANDOM_COMMON_RELIC","is_prod":false,"is_daily":false,"rewards_skipped":[{"floor":40,"relics":[],"potions":["Strength Potion"]},{"floor":45,"relics":["Bottled Flame"],"potions":[]},{"floor":47,"relics":[],"potions":["ColorlessPotion"]}],"chose_seed":false,"campfire_upgraded":8,"win_rate":0,"floor_exit_playtime":[42,46,109,112,154,162,185,224,231,243,357,427,436,492,512,610,625,668,728,753,776,817,826,836,900,910,942,950,986,991,1087,1091,1320,1345,1368,1377,1451,1478,1602,1750,1766,1920,1923,1937,2035,2059,2181,2248,2250,2514,2695,2706,2727,2765,2994],"timestamp":1681946368,"blue_key_relic_skipped_log":{"floor":43,"relicID":"Pear"},"path_taken":["M","?","M","?","M","R","$","E","T","?","M","E","R","?","R","BOSS","M","M","M","?","?","R","?","E","T","$","?","$","R","E","R","BOSS","M","?","M","$","M","E","R","E","T","R","E","?","M","?","R","BOSS","BOSS","R","$","E","BOSS"],"build_version":"2022-12-18","purchased_purges":5,"victory":false,"max_hp_per_floor":[66,66,66,71,71,71,71,71,71,71,71,71,71,71,71,71,71,71,71,71,71,71,71,49,49,49,49,49,49,49,49,49,49,49,49,49,49,49,49,49,49,49,49,49,49,49,49,49,49,49,49,49,49,49,49,49],"relic_stats":{"Happy Flower":[0],"counters":[27,149],"HoveringKite":[50],"Omamori":2,"Bag of Preparation":[14],"Whetstone":["Bite","Bite"],"Boot":[73],"White Beast Statue":[0.0,0.0,0.0,0.4,0.0,0.6000000000000001,0.0,0.0,0.0,0.0,0.0,5.343886080000002],"Frozen Eye":13.288267,"Ornamental Fan":[256],"Pantograph":25,"MealTicket":52,"Nloth\u0027s Gift":5,"Bottled Lightning":"Terror","obtain_stats":[{"Potion Belt":21,"Happy Flower":55,"Blue Candle":2,"HoveringKite":34,"Omamori":8,"Bag of Preparation":42,"Whetstone":26,"Frozen Egg 2":40,"Boot":12,"White Beast Statue":25,"Frozen Eye":38,"WristBlade":17,"Ornamental Fan":31,"Pantograph":54,"MealTicket":0,"Nloth\u0027s Gift":28,"Bottled Lightning":9,"FossilizedHelix":38,"Ring of the Snake":0},{"Potion Belt":11,"Happy Flower":26,"Blue Candle":1,"HoveringKite":15,"Omamori":4,"Bag of Preparation":20,"Whetstone":13,"Frozen Egg 2":19,"Boot":6,"White Beast Statue":13,"Frozen Eye":17,"WristBlade":8,"Ornamental Fan":14,"Pantograph":25,"MealTicket":0,"Nloth\u0027s Gift":13,"Bottled Lightning":4,"FossilizedHelix":17,"Ring of the Snake":0},{"Potion Belt":53,"Happy Flower":147,"Blue Candle":3,"HoveringKite":83,"Omamori":17,"Bag of Preparation":109,"Whetstone":62,"Frozen Egg 2":104,"Boot":28,"White Beast Statue":62,"Frozen Eye":92,"WristBlade":43,"Ornamental Fan":68,"Pantograph":140,"MealTicket":0,"Nloth\u0027s Gift":62,"Bottled Lightning":17,"FossilizedHelix":92,"Ring of the Snake":0}],"FossilizedHelix":[128],"Ring of the Snake":[54]},"card_choices":[{"not_picked":["Expertise","Outmaneuver"],"picked":"Noxious Fumes","floor":1},{"not_picked":["PiercingWail","Underhanded Strike"],"picked":"Cloak And Dagger","floor":3},{"not_picked":["Deadly Poison","Quick Slash"],"picked":"Terror","floor":5},{"not_picked":["PiercingWail","Reflex"],"picked":"Blade Dance","floor":8},{"not_picked":["Tactician","Sucker Punch"],"picked":"Predator","floor":11},{"not_picked":["Bane","Expertise"],"picked":"Leg Sweep","floor":12},{"not_picked":["Deflect","Heel Hook"],"picked":"Accuracy","floor":14},{"not_picked":["Glass Knife","Venomology"],"picked":"Doppelganger","floor":16},{"not_picked":["Crippling Poison","Outmaneuver"],"picked":"Blade Dance","floor":18},{"not_picked":["Heel Hook","Prepared"],"picked":"Cloak And Dagger","floor":19},{"not_picked":["Concentrate","Prepared","Terror"],"picked":"SKIP","floor":20},{"not_picked":["Caltrops+1","Dodge and Roll+1"],"picked":"Footwork","floor":22},{"not_picked":["Bullet Time","Dagger Throw","Masterful Stab+1"],"picked":"SKIP","floor":25},{"not_picked":["Slice","Bane"],"picked":"Tools of the Trade","floor":31},{"not_picked":["Wraith Form v2","Tools of the Trade"],"picked":"Storm of Steel","floor":33},{"not_picked":["Dodge and Roll","Bane+1","Slice"],"picked":"SKIP","floor":35},{"not_picked":["Dash+1","Caltrops"],"picked":"Acrobatics","floor":37},{"not_picked":["Storm of Steel","Noxious Fumes"],"picked":"Backflip","floor":39},{"not_picked":["Glass Knife","Envenom+1"],"picked":"Accuracy+1","floor":40},{"not_picked":["Dagger Throw","Flechettes","Quick Slash"],"picked":"SKIP","floor":42},{"not_picked":["Dagger Throw","Flechettes","Quick Slash"],"picked":"SKIP","floor":42},{"not_picked":["Distraction","Deadly Poison"],"picked":"Well Laid Plans+1","floor":45},{"not_picked":["Corpse Explosion","Poisoned Stab+1","Noxious Fumes+1"],"picked":"SKIP","floor":47},{"not_picked":["Corpse Explosion","Poisoned Stab+1","Noxious Fumes+1"],"picked":"SKIP","floor":47},{"not_picked":["Quick Slash","Dagger Spray"],"picked":"Deflect+1","floor":48},{"not_picked":["Corpse Explosion","Escape Plan+1"],"picked":"Tactician+1","floor":55}],"player_experience":1825239,"relics_obtained":[{"floor":8,"key":"Omamori"},{"floor":9,"key":"Bottled Lightning"},{"floor":12,"key":"Boot"},{"floor":21,"key":"Potion Belt"},{"floor":25,"key":"White Beast Statue"},{"floor":26,"key":"Whetstone"},{"floor":31,"key":"Ornamental Fan"},{"floor":40,"key":"Frozen Egg 2"},{"floor":42,"key":"Bag of Preparation"},{"floor":55,"key":"Happy Flower"}],"event_choices":[{"damage_healed":0,"gold_gain":0,"player_choice":"Success","damage_taken":5,"relics_obtained":["Blue Candle"],"max_hp_gain":0,"max_hp_loss":0,"event_name":"Scrap Ooze","floor":2,"gold_loss":0},{"damage_healed":0,"gold_gain":0,"player_choice":"Donut","damage_taken":0,"max_hp_gain":5,"max_hp_loss":0,"event_name":"Big Fish","floor":4,"gold_loss":0},{"damage_healed":0,"gold_gain":0,"player_choice":"Ignored","damage_taken":0,"max_hp_gain":0,"max_hp_loss":0,"event_name":"Liars Game","floor":10,"gold_loss":0},{"damage_healed":0,"gold_gain":0,"player_choice":"Relic","damage_taken":0,"max_hp_gain":0,"max_hp_loss":0,"event_name":"Wheel of Change","floor":21,"gold_loss":0},{"damage_healed":0,"gold_gain":0,"player_choice":"Became a vampire","damage_taken":0,"max_hp_gain":0,"max_hp_loss":22,"event_name":"Vampires","floor":24,"gold_loss":0,"cards_obtained":["Bite","Bite","Bite","Bite","Bite"]},{"damage_healed":0,"gold_gain":0,"player_choice":"Traded Relic","damage_taken":0,"relics_obtained":["Nloth\u0027s Gift"],"max_hp_gain":0,"max_hp_loss":0,"event_name":"N\u0027loth","floor":28,"relics_lost":["Blue Candle"],"gold_loss":0},{"damage_healed":0,"gold_gain":999,"player_choice":"Gold","damage_taken":0,"max_hp_gain":0,"max_hp_loss":0,"event_name":"MindBloom","floor":36,"gold_loss":0,"cards_obtained":["Normality","Normality"]},{"cards_removed":["Bite"],"damage_healed":0,"gold_gain":0,"player_choice":"Purged","damage_taken":0,"max_hp_gain":0,"max_hp_loss":0,"event_name":"Purifier","floor":46,"gold_loss":0}],"is_beta":false,"boss_relics":[{"not_picked":["Calling Bell","Philosopher\u0027s Stone"],"picked":"WristBlade"},{"not_picked":["Fusion Hammer","Astrolabe"],"picked":"HoveringKite"}],"items_purged_floors":[7,27,29,38,54],"is_endless":false,"potions_floor_spawned":[1,8,11,22,31,33,35,37,39,40,42,45,47,48,55],"killed_by":"The Heart","ascension_level":20,"potion_discard_per_floor":[[],[],[],[],[],[],[],[],[],[],[],[],[],[],[],[],[],[],[],[],[],[],[],[],[],[],[],[],[],[],[],[],[],[],[],[],[],[],[],[],[],[],[],[],[],[],[],[],[],[],[],[],[],[],["Explosive Potion"],[]]}