{"neow_bonuses_skipped_log":["TEN_PERCENT_HP_BONUS","REMOVE_TWO","BOSS_RELIC"],"neow_costs_skipped_log":["NONE","PERCENT_DAMAGE","NONE"],"potions_obtained_entropic_brew":[[],[],[],[],[],[],[],[],[],[],[],[],[],[],[],[]],"gold_per_floor":[119,129,129,146,146,171,171,198,198,198,174,184,184,216,216,216],"floor_reached":16,"playtime":669,"items_purged":[],"score":240,"play_id":"6be452a6-aac9-41c1-ae95-3d01f6684d95","local_time":"20230414102447","score_breakdown":["Floors Climbed (16): 80","Enemies Slain (5): 10","Exordium Elites Killed (3): 30","Bosses Slain (0): 0","Ascension (20): 120"],"is_ascension_mode":true,"potions_obtained_alchemize":[[],[],[],[],[],[],[],[],[],[],[],[],[],[],[],[]],"campfire_choices":[{"floor":7,"key":"REST"},{"data":"Dagger Spray","floor":10,"key":"SMITH"},{"floor":13,"key":"REST"},{"floor":15,"key":"REST"}],"lesson_learned_per_floor":[[],[],[],[],[],[],[],[],[],[],[],[],[],[],[],[]],"neow_cost":"NONE","improvable_cards":{},"seed_source_timestamp":196855000583200,"shop_contents":[],"circlet_count":0,"master_deck":["AscendersBane","Strike_G","Strike_G","Strike_G","Strike_G","Strike_G","Defend_G","Defend_G","Defend_G","Defend_G","Survivor","Neutralize","Blind","Dash","Dagger Spray+1","Dodge and Roll","Deadly Poison","Wraith Form v2","Poisoned Stab"],"potion_use_per_floor":[[],[],[],[],[],["GamblersBrew","DuplicationPotion"],[],["Weak Potion"],[],[],[],[],[],["EssenceOfSteel"],[],[]],"relics":["Ring of the Snake","Oddly Smooth Stone","Ornamental Fan","Lantern","Potion Belt"],"potions_floor_usage":[6,6,8,14],"damage_taken":[{"damage":8,"enemies":"Jaw Worm","floor":1,"turns":9},{"damage":4,"enemies":"Small Slimes","floor":2,"turns":4},{"damage":0,"enemies":"2 Louse","floor":4,"turns":4},{"damage":24,"enemies":"Gremlin Nob","floor":6,"turns":5},{"damage":16,"enemies":"3 Sentries","floor":8,"turns":12},{"damage":0,"enemies":"Exordium Thugs","floor":11,"turns":4},{"damage":0,"enemies":"Lots of Slimes","floor":12,"turns":4},{"damage":35,"enemies":"Lagavulin","floor":14,"turns":12},{"damage":22,"enemies":"Hexaghost","floor":16,"turns":9}],"seed_played":"3376275704313158431","neow_bonus_log":{"cardsObtained":[],"cardsUpgraded":[],"cardsRemoved":[],"cardsTransformed":[],"relicsObtained":[],"maxHpGained":0,"goldGained":0,"damageTaken":0,"goldLost":0,"maxHpLost":0},"potions_obtained":[{"floor":1,"key":"DuplicationPotion"},{"floor":2,"key":"GamblersBrew"},{"floor":6,"key":"Weak Potion"},{"floor":12,"key":"EssenceOfSteel"}],"is_trial":false,"path_per_floor":["M","M","?","M","?","E","R","E","T","R","M","M","R","E","R","B"],"character_chosen":"THE_SILENT","basemod:card_modifiers":[null,null,null,null,null,null,null,null,null,null,null,null,null,null,null,null,null,null,null],"items_purchased":[],"campfire_rested":3,"item_purchase_floors":[],"current_hp_per_floor":[51,47,40,40,40,16,35,19,19,19,19,19,38,3,22,0],"gold":216,"neow_bonus":"RANDOM_COLORLESS","is_prod":false,"is_daily":false,"rewards_skipped":[],"chose_seed":false,"campfire_upgraded":1,"win_rate":0,"floor_exit_playtime":[96,129,140,175,179,247,250,390,394,402,446,497,501,602,605],"timestamp":1681482287,"path_taken":["M","M","?","M","?","E","R","E","T","R","M","M","R","E","R","BOSS"],"build_version":"2022-12-18","purchased_purges":0,"victory":false,"max_hp_per_floor":[66,66,66,66,66,66,66,66,66,66,66,66,66,66,66,66],"relic_stats":{"counters":[9,63],"Ornamental Fan":[24],"obtain_stats":[{"Potion Belt":14,"Lantern":9,"Ornamental Fan":8,"Oddly Smooth Stone":6,"Ring of the Snake":0},{"Potion Belt":8,"Lantern":5,"Ornamental Fan":5,"Oddly Smooth Stone":4,"Ring of the Snake":0},{"Potion Belt":54,"Lantern":34,"Ornamental Fan":34,"Oddly Smooth Stone":22,"Ring of the Snake":0}],"Ring of the Snake":[18]},"card_choices":[{"not_picked":["Jack Of All Trades","Panacea"],"picked":"Blind","floor":0},{"not_picked":["Flying Knee","Footwork"],"picked":"Dash","floor":1},{"not_picked":["Riddle With Holes","Flechettes","Caltrops"],"picked":"SKIP","floor":2},{"not_picked":["Underhanded Strike","Prepared"],"picked":"Dagger Spray","floor":4},{"not_picked":["Deadly Poison","Cloak And Dagger"],"picked":"Dodge and Roll","floor":6},{"not_picked":["Blur","Deadly Poison","Outmaneuver"],"picked":"SKIP","floor":8},{"not_picked":["Dagger Spray","Eviscerate"],"picked":"Deadly Poison","floor":11},{"not_picked":["PiercingWail","Underhanded Strike"],"picked":"Wraith Form v2","floor":12},{"not_picked":["Bane","Dagger Throw"],"picked":"Poisoned Stab","floor":14}],"player_experience":1775235,"relics_obtained":[{"floor":6,"key":"Oddly Smooth Stone"},{"floor":8,"key":"Ornamental Fan"},{"floor":9,"key":"Lantern"},{"floor":14,"key":"Potion Belt"}],"event_choices":[{"cards_removed":["Defend_G"],"damage_healed":0,"gold_gain":0,"player_choice":"Card Removal","damage_taken":7,"max_hp_gain":0,"max_hp_loss":0,"event_name":"Golden Wing","floor":3,"gold_loss":0},{"damage_healed":0,"gold_gain":0,"player_choice":"Ignored","damage_taken":0,"max_hp_gain":0,"max_hp_loss":0,"event_name":"Liars Game","floor":5,"gold_loss":0}],"is_beta":false,"boss_relics":[],"items_purged_floors":[],"is_endless":false,"potions_floor_spawned":[1,2,6,12],"killed_by":"Hexaghost","ascension_level":20,"potion_discard_per_floor":[[],[],[],[],[],[],[],[],[],[],[],[],[],[],[],[]]}