{"neow_bonuses_skipped_log":["TRANSFORM_CARD","TEN_PERCENT_HP_BONUS","BOSS_RELIC"],"potions_obtained_entropic_brew":[[],[],[],[],[],[],[],[],[],[],[],[],[],[],[],[],[],[],[],[],[],[],[],[],[],[],[],[],[],[],[],[],[]],"neow_costs_skipped_log":["NONE","NONE","NONE"],"gold_per_floor":[116,116,133,153,153,153,153,153,153,167,198,198,36,66,66,143,143,161,137,149,74,49,49,49,49,49,65,65,83,83,103,103,103],"floor_reached":33,"playtime":1444,"items_purged":[],"score":660,"play_id":"c1e2309f-0fd0-4fc2-b0e2-da004795f64a","local_time":"20230416010812","score_breakdown":["Floors Climbed (33): 165","Enemies Slain (10): 20","Exordium Elites Killed (2): 20","City Elites Killed (0): 0","Bosses Slain (1): 50","Champion (1): 25","Perfect (1): 50","Ascension (20): 330"],"is_ascension_mode":true,"potions_obtained_alchemize":[[],[],[],[],[],[],[],[],[],[],[],[],[],[],[],[],[],[],[],[],[],[],[],[],[],[],[],[],[],[],[],[],[]],"campfire_choices":[{"floor":6.0,"key":"REST"},{"data":"Quick Slash","floor":8.0,"key":"SMITH"},{"data":"Skewer","floor":15,"key":"SMITH"},{"data":"Envenom","floor":23,"key":"SMITH"},{"data":"Ghostly","floor":25,"key":"SMITH"},{"data":"Ghostly","floor":30,"key":"SMITH"},{"data":"Calculated Gamble","floor":32,"key":"SMITH"}],"lesson_learned_per_floor":[[],[],[],[],[],[],[],[],[],[],[],[],[],[],[],[],[],[],[],[],[],[],[],[],[],[],[],[],[],[],[],[],[]],"neow_cost":"TEN_PERCENT_HP_LOSS","improvable_cards":{},"seed_source_timestamp":335450348459100,"shop_contents":[{"floor":13,"relics":["Juzu Bracelet","Cauldron"],"cards":["Skewer","Slice","Outmaneuver","Deadly Poison","Noxious Fumes","Dramatic Entrance","Sadistic Nature"],"potions":["LiquidBronze","DistilledChaos","Regen Potion"]},{"floor":22,"relics":["Blue Candle","TungstenRod","Lee\u0027s Waffle"],"cards":["Glass Knife","Dagger Throw","Outmaneuver","Footwork","Impatience","Sadistic Nature"],"potions":["Energy Potion","Block Potion","Ancient Potion"]}],"circlet_count":0,"master_deck":["AscendersBane","Strike_G+1","Strike_G","Strike_G","Strike_G","Defend_G+1","Defend_G","Defend_G","Defend_G","Defend_G","Survivor","Neutralize","Doppelganger+1","Quick Slash+1","Backflip","Endless Agony","Quick Slash","Storm of Steel","Skewer+1","Envenom+1","Die Die Die","Acrobatics","Ghostly+1","Ghostly","Ghostly+1","Calculated Gamble+1","Acrobatics"],"special_seed":0,"potion_use_per_floor":[[],[],[],[],[],[],[],[],[],[],[],[],[],["SteroidPotion"],[],["Explosive Potion"],[],[],[],["ColorlessPotion"],[],[],[],[],[],[],[],[],[],[],["SkillPotion"],[],["Ancient Potion"]],"relics":["Ring of the Snake","Toy Ornithopter","Sundial","Pen Nib","Oddly Smooth Stone","Cursed Key"],"potions_floor_usage":[14,16,20,31,33],"damage_taken":[{"damage":2.0,"enemies":"2 Louse","floor":1.0,"turns":4.0},{"damage":1.0,"enemies":"Small Slimes","floor":3.0,"turns":3.0},{"damage":2.0,"enemies":"Jaw Worm","floor":4.0,"turns":4.0},{"damage":0.0,"enemies":"Blue Slaver","floor":10.0,"turns":5.0},{"damage":14.0,"enemies":"Lagavulin","floor":11.0,"turns":7.0},{"damage":0,"enemies":"Gremlin Nob","floor":14,"turns":2},{"damage":0,"enemies":"Slime Boss","floor":16,"turns":8},{"damage":15,"enemies":"Shell Parasite","floor":18,"turns":4},{"damage":13,"enemies":"2 Thieves","floor":19,"turns":4},{"damage":15,"enemies":"Cultist and Chosen","floor":20,"turns":5},{"damage":0,"enemies":"Centurion and Healer","floor":27,"turns":4},{"damage":3,"enemies":"3 Cultists","floor":29,"turns":5},{"damage":12,"enemies":"Sentry and Sphere","floor":31,"turns":6},{"damage":21,"enemies":"Collector","floor":33,"turns":5}],"seed_played":"8601609571762372151","neow_bonus_log":{"cardsObtained":[],"cardsUpgraded":[],"cardsRemoved":[],"cardsTransformed":[],"relicsObtained":[],"maxHpGained":0,"goldGained":0,"damageTaken":0,"goldLost":0,"maxHpLost":6},"potions_obtained":[{"floor":1.0,"key":"Explosive Potion"},{"floor":10.0,"key":"FairyPotion"},{"floor":11.0,"key":"SteroidPotion"},{"floor":14,"key":"Ancient Potion"},{"floor":19,"key":"ColorlessPotion"},{"floor":27,"key":"EssenceOfSteel"},{"floor":29,"key":"SkillPotion"}],"is_trial":false,"path_per_floor":["M","?","M","M","?","R","?","R","T","M","E","?","$","E","R","B",null,"M","M","M","?","$","R","?","R","T","M","?","M","R","M","R","B"],"character_chosen":"THE_SILENT","basemod:card_modifiers":[null,null,null,null,null,null,null,null,null,null,null,null,null,null,null,null,null,null,null,null,null,null,null,null,null,null,null],"items_purchased":["Pen Nib","Acrobatics"],"campfire_rested":1,"item_purchase_floors":[13,22],"current_hp_per_floor":[57,57,56,54,36,54,54,54,54,54,40,45,45,50,50,55,63,48,35,25,25,25,25,25,25,25,25,25,22,22,15,15,0],"gold":103,"neow_bonus":"THREE_RARE_CARDS","is_prod":false,"is_daily":false,"rewards_skipped":[],"chose_seed":false,"campfire_upgraded":6,"win_rate":0,"floor_exit_playtime":[107,136,177,220,223,226,232,243,249,310,403,407,421,463,468,616,644,756,840,952,958,964,1007,1017,1026,1033,1117,1130,1233,1240,1318,1326],"timestamp":1681621692,"path_taken":["M","?","M","M","?","R","?","R","T","M","E","?","$","E","R","BOSS","M","M","M","?","$","R","?","R","T","M","?","M","R","M","R","BOSS"],"build_version":"2022-12-18","purchased_purges":0,"victory":false,"max_hp_per_floor":[60,60,60,60,60,60,60,60,60,60,60,65,65,65,65,65,65,65,65,65,65,65,65,32,32,32,32,32,32,32,32,32,32],"relic_stats":{"counters":[14,66],"Sundial":[6],"Pen Nib":[13],"Cursed Key":0,"obtain_stats":[{"Sundial":11,"Oddly Smooth Stone":14,"Pen Nib":13,"Cursed Key":17,"Toy Ornithopter":9,"Ring of the Snake":0},{"Sundial":5,"Oddly Smooth Stone":6,"Pen Nib":5,"Cursed Key":7,"Toy Ornithopter":3,"Ring of the Snake":0},{"Sundial":23,"Oddly Smooth Stone":25,"Pen Nib":23,"Cursed Key":33,"Toy Ornithopter":11,"Ring of the Snake":0}],"Toy Ornithopter":25,"Ring of the Snake":[30]},"card_choices":[{"not_picked":["Bullet Time","Storm of Steel"],"picked":"Doppelganger","floor":0.0},{"not_picked":["Footwork","Prepared"],"picked":"Quick Slash","floor":1.0},{"not_picked":["Catalyst","Backflip","Distraction"],"picked":"SKIP","floor":3.0},{"not_picked":["Catalyst","Backflip","Distraction"],"picked":"SKIP","floor":3.0},{"not_picked":["Catalyst","Distraction"],"picked":"Backflip","floor":3.0},{"not_picked":["Prepared","Riddle With Holes"],"picked":"Endless Agony","floor":4.0},{"not_picked":["Poisoned Stab","Prepared"],"picked":"Quick Slash","floor":10.0},{"not_picked":["Quick Slash","Flying Knee"],"picked":"Storm of Steel","floor":11.0},{"not_picked":["Burst","Dash"],"picked":"Skewer","floor":14},{"not_picked":["Storm of Steel","Grand Finale"],"picked":"Envenom","floor":16},{"not_picked":["Quick Slash","Dagger Spray","Infinite Blades+1"],"picked":"SKIP","floor":18},{"not_picked":["Sucker Punch","Riddle With Holes","Dodge and Roll"],"picked":"SKIP","floor":19},{"not_picked":["Dagger Spray","Blade Dance"],"picked":"Die Die Die","floor":20},{"not_picked":["Endless Agony","Quick Slash","Grand Finale"],"picked":"SKIP","floor":27},{"not_picked":["Blade Dance","Masterful Stab","Dash","Choke","Dagger Throw","Flying Knee","PiercingWail","Footwork","Backflip","Prepared","Dodge and Roll","Sucker Punch","Infinite Blades","Distraction","Bouncing Flask","Outmaneuver","Caltrops","Underhanded Strike","Acrobatics"],"picked":"Calculated Gamble","floor":28},{"not_picked":["Deadly Poison","Flying Knee","Underhanded Strike"],"picked":"SKIP","floor":29},{"not_picked":["Sucker Punch+1","Quick Slash"],"picked":"Acrobatics","floor":31}],"player_experience":1796480,"relics_obtained":[{"floor":9.0,"key":"Toy Ornithopter"},{"floor":11.0,"key":"Sundial"},{"floor":14,"key":"Oddly Smooth Stone"}],"event_choices":[{"damage_healed":0.0,"max_hp_gain":0.0,"max_hp_loss":0.0,"gold_gain":0.0,"event_name":"Living Wall","player_choice":"Grow","floor":2.0,"gold_loss":0.0,"damage_taken":0.0,"cards_upgraded":["Doppelganger"]},{"damage_healed":0.0,"max_hp_gain":0.0,"max_hp_loss":0.0,"gold_gain":0.0,"event_name":"Shining Light","player_choice":"Entered Light","floor":5.0,"gold_loss":0.0,"damage_taken":18.0,"cards_upgraded":["Defend_G","Strike_G"]},{"damage_healed":0.0,"max_hp_gain":0.0,"max_hp_loss":0.0,"gold_gain":0.0,"event_name":"Liars Game","player_choice":"Ignored","floor":7.0,"gold_loss":0.0,"damage_taken":0.0},{"damage_healed":0.0,"max_hp_gain":5.0,"max_hp_loss":0.0,"gold_gain":0.0,"event_name":"Big Fish","player_choice":"Donut","floor":12.0,"gold_loss":0.0,"damage_taken":0.0},{"cards_removed":["Strike_G"],"damage_healed":0,"gold_gain":0,"player_choice":"Gave Gold","damage_taken":0,"max_hp_gain":0,"max_hp_loss":0,"event_name":"Beggar","floor":21,"gold_loss":75},{"damage_healed":0,"gold_gain":0,"player_choice":"Became a Ghost","damage_taken":0,"max_hp_gain":0,"max_hp_loss":33,"event_name":"Ghosts","floor":24,"gold_loss":0,"cards_obtained":["Ghostly","Ghostly","Ghostly"]},{"damage_healed":0,"gold_gain":0,"player_choice":"Read","damage_taken":0,"max_hp_gain":0,"max_hp_loss":0,"event_name":"The Library","floor":28,"gold_loss":0,"cards_obtained":["Calculated Gamble"]}],"is_beta":false,"boss_relics":[{"not_picked":["Calling Bell","Black Star"],"picked":"Cursed Key"}],"items_purged_floors":[],"is_endless":false,"potions_floor_spawned":[1,10,11,14,19,27,29],"killed_by":"Collector","ascension_level":20,"potion_discard_per_floor":[[],[],[],[],[],[],[],[],[],[],["FairyPotion"],[],[],[],[],[],[],[],[],[],[],[],[],[],[],[],[],[],["EssenceOfSteel"],[],[],[],[]]}