{"neow_bonuses_skipped_log":["UPGRADE_CARD","THREE_SMALL_POTIONS","BOSS_RELIC"],"neow_costs_skipped_log":["NONE","NONE","NONE"],"potions_obtained_entropic_brew":[[],[],[],[],[],[],[],[],[],[],[],[],[],[],[],[],[],[],[],[],[],[],[],[],[],[],[],[],[],[],[],[],[],[],["LiquidMemories","SteroidPotion"],[],[],[],[],[],[],[],[],[],[],[]],"gold_per_floor":[109,109,122,138,138,138,166,166,190,218,232,249,324,337,337,411,411,429,56,56,106,82,82,99,99,99,125,125,154,80,92,92,169,169,181,181,181,81,92,92,121,11,11,11,11,11],"floor_reached":46,"playtime":2262,"items_purged":["Strike_G","Strike_G"],"score":1188,"play_id":"0acd5ea4-3b9b-4c67-9260-2b1858903385","local_time":"20230417170303","falling_options_log":["Acrobatics","Footwork"],"score_breakdown":["Floors Climbed (46): 230","Enemies Slain (12): 24","Exordium Elites Killed (2): 20","City Elites Killed (2): 40","Beyond Elites Killed (1): 30","Bosses Slain (2): 150","Champion (1): 25","Perfect (1): 50","C-c-c-combo: 25","Ascension (20): 594"],"is_ascension_mode":true,"potions_obtained_alchemize":[[],[],[],[],[],[],[],[],[],[],[],[],[],[],[],[],[],[],[],[],[],[],[],[],[],[],[],[],[],[],[],[],[],[],[],[],[],[],[],[],[],[],[],[],[],[]],"campfire_choices":[{"floor":6.0,"key":"REST"},{"floor":15.0,"key":"REST"},{"floor":23.0,"key":"REST"},{"data":"Accuracy","floor":25.0,"key":"SMITH"},{"floor":28.0,"key":"REST"},{"floor":32.0,"key":"REST"},{"data":"Well Laid Plans","floor":40.0,"key":"SMITH"},{"data":"Burst","floor":45,"key":"SMITH"}],"lesson_learned_per_floor":[[],[],[],[],[],[],[],[],[],[],[],[],[],[],[],[],[],[],[],[],[],[],[],[],[],[],[],[],[],[],[],[],[],[],[],[],[],[],[],[],[],[],[],[],[],[]],"neow_cost":"TEN_PERCENT_HP_LOSS","improvable_cards":{},"seed_source_timestamp":478340282413900,"shop_contents":[{"floor":19,"relics":["CeramicFish","Question Card"],"cards":["Dash","Sucker Punch","Bouncing Flask","Panacea","Violence"],"potions":["Weak Potion","LiquidBronze","SpeedPotion"]},{"floor":30,"relics":["Du-Vu Doll","Paper Crane","HandDrill"],"cards":["Skewer","Dash","Cloak And Dagger","Dodge and Roll","PanicButton","HandOfGreed"],"potions":["GamblersBrew","ColorlessPotion","Regen Potion"]},{"floor":38,"relics":["Matryoshka","Shovel","DollysMirror"],"cards":["Masterful Stab","Dagger Spray","Escape Plan","Bullet Time","Caltrops","Blind","Sadistic Nature"],"potions":["FearPotion","CunningPotion","Block Potion"]},{"floor":44,"relics":["Pocketwatch","Incense Burner","Membership Card"],"cards":["Die Die Die","Flying Knee","Setup","Outmaneuver","Footwork","Forethought","Violence"],"potions":["FairyPotion","DuplicationPotion","CultistPotion"]}],"circlet_count":0,"master_deck":["AscendersBane","Strike_G","Defend_G","Defend_G","Defend_G","Defend_G","Survivor","Neutralize","Poisoned Stab+1","Dagger Throw","Phantasmal Killer+1","Backflip","Cloak And Dagger","Blade Dance","Well Laid Plans+1","Poisoned Stab","Malaise","Accuracy+1","Burst+1","Prepared","Blade Dance","Footwork+1","Footwork","Blade Dance+1","Prepared","Acrobatics","Prepared+1","After Image","Dodge and Roll+1","Crippling Poison+1"],"special_seed":0,"potion_use_per_floor":[[],[],[],[],[],[],[],[],[],["Explosive Potion"],[],["Fire Potion"],[],[],[],["DuplicationPotion"],[],["DuplicationPotion"],[],[],[],[],[],[],[],[],[],[],["AttackPotion"],[],[],[],["ColorlessPotion"],[],["EntropicBrew","LiquidMemories"],[],[],[],[],[],["LiquidMemories"],[],[],[],[],[]],"relics":["Ring of the Snake","Nunchaku","Vajra","Dream Catcher","HoveringKite","Orrery","WingedGreaves","Kunai","Bag of Preparation","WristBlade","Oddly Smooth Stone"],"potions_floor_usage":[],"damage_taken":[{"damage":1.0,"enemies":"Small Slimes","floor":1.0,"turns":5.0},{"damage":0.0,"enemies":"2 Louse","floor":3.0,"turns":2.0},{"damage":0.0,"enemies":"Jaw Worm","floor":4.0,"turns":4.0},{"damage":22.0,"enemies":"Lagavulin","floor":7.0,"turns":6.0},{"damage":0.0,"enemies":"Gremlin Nob","floor":10.0,"turns":2.0},{"damage":0.0,"enemies":"3 Louse","floor":11.0,"turns":3.0},{"damage":4.0,"enemies":"Exordium Thugs","floor":12.0,"turns":4.0},{"damage":2.0,"enemies":"2 Fungi Beasts","floor":14.0,"turns":4.0},{"damage":18.0,"enemies":"The Guardian","floor":16.0,"turns":12.0},{"damage":11.0,"enemies":"Shell Parasite","floor":18.0,"turns":4.0},{"damage":13.0,"enemies":"2 Thieves","floor":22.0,"turns":4.0},{"damage":6.0,"enemies":"Centurion and Healer","floor":24.0,"turns":5.0},{"damage":31.0,"enemies":"Slavers","floor":27.0,"turns":5.0},{"damage":9.0,"enemies":"Book of Stabbing","floor":29.0,"turns":3.0},{"damage":1.0,"enemies":"Sentry and Sphere","floor":31.0,"turns":4.0},{"damage":0.0,"enemies":"Automaton","floor":33.0,"turns":7.0},{"damage":0.0,"enemies":"3 Darklings","floor":35.0,"turns":7.0},{"damage":0.0,"enemies":"3 Shapes","floor":39.0,"turns":4.0},{"damage":23.0,"enemies":"Reptomancer","floor":41.0,"turns":5.0},{"damage":30,"enemies":"Nemesis","floor":46,"turns":3}],"seed_played":"-8331151746985149080","neow_bonus_log":{"cardsObtained":[],"cardsUpgraded":[],"cardsRemoved":["Strike_G","Defend_G"],"cardsTransformed":[],"relicsObtained":[],"maxHpGained":0,"goldGained":0,"damageTaken":0,"goldLost":0,"maxHpLost":6},"potions_obtained":[{"floor":7.0,"key":"Explosive Potion"},{"floor":10.0,"key":"Fire Potion"},{"floor":12.0,"key":"DuplicationPotion"},{"floor":16.0,"key":"DuplicationPotion"},{"floor":27.0,"key":"AttackPotion"},{"floor":29.0,"key":"EntropicBrew"},{"floor":31.0,"key":"ColorlessPotion"},{"floor":35.0,"key":"LiquidMemories"}],"is_trial":false,"path_per_floor":["M","?","M","M","?","R","E","?","T","E","M","M","?","M","R","B",null,"M","$","?","?","M","R","M","R","T","E","R","E","$","M","R","B",null,"M","?","?","$","M","R","E","?","T","$","R","E"],"character_chosen":"THE_SILENT","basemod:card_modifiers":[null,null,null,null,null,null,null,null,null,null,null,null,null,null,null,null,null,null,null,null,null,null,null,null,null,null,null,null,null,null],"items_purchased":["Orrery","Blade Dance","Footwork","After Image"],"campfire_rested":5,"item_purchase_floors":[19,19,19,30],"current_hp_per_floor":[58,58,58,58,40,58,36,36,36,36,36,32,21,19,37,19,50,39,39,39,33,20,38,32,32,32,1,19,10,10,9,27,27,52,52,52,52,52,52,52,29,29,29,29,29,0],"gold":11,"neow_bonus":"REMOVE_TWO","is_prod":false,"is_daily":false,"rewards_skipped":[],"chose_seed":false,"campfire_upgraded":3,"win_rate":0,"floor_exit_playtime":[66,69,101,143,149,172,227,235,238,267,334,396,412,461,480,690,704,783,898,902,906,980,988,1069,1085,1090,1186,1193,1275,1280,1371,1376,1582,1604,1794,1797,1806,1900,1997,2013,2153,2170,2172,2175,2196],"timestamp":1681765383,"blue_key_relic_skipped_log":{"floor":43,"relicID":"Singing Bowl"},"path_taken":["M","?","M","M","?","R","E","?","T","E","M","M","?","M","R","BOSS","M","$","?","?","M","R","M","R","T","E","R","E","$","?","R","BOSS","M","?","?","?","M","R","E","?","T","$","R","E"],"build_version":"2022-12-18","purchased_purges":2,"victory":false,"max_hp_per_floor":[60,60,60,60,60,60,60,60,60,60,60,60,60,60,60,60,60,60,60,60,60,60,60,60,60,60,60,60,60,60,60,60,60,60,60,60,60,60,60,60,60,60,60,60,60,60],"relic_stats":{"Nunchaku":[24],"Dream Catcher":4,"counters":[20,93],"HoveringKite":[34],"WingedGreaves":3,"Bag of Preparation":[12],"Kunai":[35],"obtain_stats":[{"Nunchaku":7,"Dream Catcher":10,"WristBlade":34,"Vajra":9,"HoveringKite":17,"Orrery":19,"Oddly Smooth Stone":41,"WingedGreaves":26,"Bag of Preparation":29,"Kunai":27,"Ring of the Snake":0},{"Nunchaku":4,"Dream Catcher":5,"WristBlade":16,"Vajra":4,"HoveringKite":9,"Orrery":10,"Oddly Smooth Stone":19,"WingedGreaves":12,"Bag of Preparation":14,"Kunai":13,"Ring of the Snake":0},{"Nunchaku":17,"Dream Catcher":19,"WristBlade":74,"Vajra":17,"HoveringKite":42,"Orrery":46,"Oddly Smooth Stone":90,"WingedGreaves":55,"Bag of Preparation":63,"Kunai":60,"Ring of the Snake":0}],"Ring of the Snake":[40]},"card_choices":[{"not_picked":["Bane","Caltrops"],"picked":"Poisoned Stab","floor":1.0},{"not_picked":["Caltrops","Sucker Punch"],"picked":"Dagger Throw","floor":3.0},{"not_picked":["Deadly Poison","Flechettes"],"picked":"Phantasmal Killer","floor":4.0},{"not_picked":["Eviscerate","Slice"],"picked":"Backflip","floor":7.0},{"not_picked":["Choke","Slice"],"picked":"Cloak And Dagger","floor":10.0},{"not_picked":["Blur","Dagger Throw","Bane"],"picked":"SKIP","floor":11.0},{"not_picked":["Expertise","Quick Slash"],"picked":"Blade Dance","floor":12.0},{"not_picked":["Flying Knee","Deflect"],"picked":"Well Laid Plans","floor":14.0},{"not_picked":["Expertise","Deflect"],"picked":"Poisoned Stab","floor":15.0},{"not_picked":["Phantasmal Killer","Bullet Time"],"picked":"Malaise","floor":16.0},{"not_picked":["Bane","Backstab"],"picked":"Accuracy","floor":18.0},{"not_picked":["Dodge and Roll","Dagger Spray"],"picked":"Burst","floor":19.0},{"not_picked":["Blur","Dagger Spray"],"picked":"Prepared","floor":19.0},{"not_picked":["Eviscerate","Flying Knee","Dagger Throw"],"picked":"SKIP","floor":19.0},{"not_picked":["Heel Hook+1","Dagger Spray","Phantasmal Killer"],"picked":"SKIP","floor":19.0},{"not_picked":["Dash","Underhanded Strike","Dagger Throw"],"picked":"SKIP","floor":19.0},{"not_picked":["Reflex","All Out Attack"],"picked":"Footwork","floor":22.0},{"not_picked":["Slice","Riddle With Holes"],"picked":"Blade Dance+1","floor":23.0},{"not_picked":["PiercingWail","Sucker Punch"],"picked":"Prepared","floor":24.0},{"not_picked":["Die Die Die","Noxious Fumes","Sucker Punch"],"picked":"SKIP","floor":27.0},{"not_picked":["Quick Slash","Bane"],"picked":"Acrobatics","floor":28.0},{"not_picked":["Predator","Expertise"],"picked":"Prepared+1","floor":29.0},{"not_picked":["Heel Hook+1","Crippling Poison"],"picked":"Dodge and Roll+1","floor":31.0},{"not_picked":["Wraith Form v2","Die Die Die"],"picked":"Grand Finale","floor":33.0},{"not_picked":["Dagger Throw","Sucker Punch"],"picked":"Crippling Poison+1","floor":35.0},{"not_picked":["Dagger Throw+1","Dagger Spray+1","Dash"],"picked":"SKIP","floor":39.0},{"not_picked":["Bane","Prepared","Dagger Spray"],"picked":"SKIP","floor":41.0}],"player_experience":1809150,"relics_obtained":[{"floor":7.0,"key":"Nunchaku"},{"floor":9.0,"key":"Vajra"},{"floor":10.0,"key":"Dream Catcher"},{"floor":26.0,"key":"WingedGreaves"},{"floor":27.0,"key":"Kunai"},{"floor":29.0,"key":"Bag of Preparation"},{"floor":41.0,"key":"Oddly Smooth Stone"}],"event_choices":[{"damage_healed":0.0,"max_hp_gain":0.0,"max_hp_loss":0.0,"gold_gain":0.0,"event_name":"Liars Game","player_choice":"Ignored","floor":2.0,"gold_loss":0.0,"damage_taken":0.0},{"damage_healed":0.0,"max_hp_gain":0.0,"max_hp_loss":0.0,"gold_gain":0.0,"event_name":"Shining Light","player_choice":"Entered Light","floor":5.0,"gold_loss":0.0,"damage_taken":18.0,"cards_upgraded":["Poisoned Stab","Phantasmal Killer"]},{"damage_healed":0.0,"max_hp_gain":0.0,"max_hp_loss":0.0,"gold_gain":0.0,"event_name":"Dead Adventurer","player_choice":"Searched \u00270\u0027 times","floor":8.0,"gold_loss":0.0,"damage_taken":0.0},{"damage_healed":0.0,"max_hp_gain":0.0,"max_hp_loss":0.0,"gold_gain":75.0,"event_name":"World of Goop","player_choice":"Gather Gold","floor":13.0,"gold_loss":0.0,"damage_taken":11.0},{"damage_healed":0.0,"max_hp_gain":0.0,"max_hp_loss":0.0,"gold_gain":0.0,"event_name":"The Mausoleum","player_choice":"Ignored","floor":20.0,"gold_loss":0.0,"damage_taken":0.0},{"damage_healed":0.0,"max_hp_gain":0.0,"max_hp_loss":0.0,"gold_gain":50.0,"event_name":"FaceTrader","player_choice":"Touch","floor":21.0,"gold_loss":0.0,"damage_taken":6.0},{"damage_healed":0.0,"max_hp_gain":0.0,"max_hp_loss":0.0,"gold_gain":0.0,"event_name":"Tomb of Lord Red Mask","player_choice":"Ignored","floor":36.0,"gold_loss":0.0,"damage_taken":0.0},{"cards_removed":["Grand Finale"],"damage_healed":0.0,"max_hp_gain":0.0,"max_hp_loss":0.0,"gold_gain":0.0,"event_name":"Falling","player_choice":"Removed Attack","floor":37.0,"gold_loss":0.0,"damage_taken":0.0},{"cards_removed":["Strike_G"],"damage_healed":0.0,"max_hp_gain":0.0,"max_hp_loss":0.0,"gold_gain":0.0,"event_name":"Designer","player_choice":"Upgrade and Remove","floor":42.0,"gold_loss":110.0,"damage_taken":0.0,"cards_upgraded":["Footwork"]}],"is_beta":false,"boss_relics":[{"not_picked":["Sozu","Philosopher\u0027s Stone"],"picked":"HoveringKite"},{"not_picked":["Snecko Eye","Runic Pyramid"],"picked":"WristBlade"}],"items_purged_floors":[19,38],"is_endless":false,"potions_floor_spawned":[7,10,12,16,27,29,31,35],"killed_by":"Nemesis","ascension_level":20,"potion_discard_per_floor":[[],[],[],[],[],[],[],[],[],[],[],[],[],[],[],[],[],[],[],[],[],[],[],[],[],[],[],[],[],[],[],[],[],[],[],[],[],[],[],[],[],[],[],[],[],[]]}