{"neow_bonuses_skipped_log":["TRANSFORM_CARD","THREE_SMALL_POTIONS","BOSS_RELIC"],"potions_obtained_entropic_brew":[[],[],[],[],[],[],[],[],[],[],[],[],[],[],[],[],[],[],[],[],[],[],[],[],[],[],[],[],[],[],[],[],[],[],[],[],[],[],[],[],[],[],[],[],[],[],[],[],[],[],[],[],[],[],[],["DistilledChaos","Regen Potion"],[]],"neow_costs_skipped_log":["NONE","NONE","NONE"],"gold_per_floor":[116,129,149,149,162,162,193,193,241,259,271,271,287,315,315,392,392,404,404,286,299,309,334,334,353,379,379,172,200,0,33,33,110,110,120,138,154,169,494,494,525,422,422,422,438,472,472,488,488,488,488,488,488,89,124,124],"floor_reached":57,"playtime":4407,"items_purged":["Strike_G","Strike_G","Strike_G","Strike_G","Die Die Die"],"score":3168,"play_id":"71c90f80-eb11-48d3-86a3-317d7a6d004d","local_time":"20230411162310","score_breakdown":["Floors Climbed (57): 285","Enemies Slain (17): 34","Exordium Elites Killed (2): 20","City Elites Killed (3): 60","Beyond Elites Killed (2): 60","Bosses Slain (5): 750","Money Money (1152): 25","Collector (1): 25","Champion (4): 100","Perfect (2): 100","C-c-c-combo: 25","Ascension (20): 1434","Heartbreaker: 250"],"is_ascension_mode":true,"potions_obtained_alchemize":[[],[],[],[],[],[],[],[],[],[],[],[],[],[],[],[],[],[],[],[],[],[],[],[],[],[],[],[],[],[],[],[],[],[],[],[],[],[],[],[],[],[],[],[],[],[],[],[],[],[],[],[],[],[],[],[],[]],"campfire_choices":[{"data":"Acrobatics","floor":6.0,"key":"SMITH"},{"data":"Tactician","floor":12.0,"key":"SMITH"},{"data":"Accuracy","floor":15.0,"key":"SMITH"},{"floor":24.0,"key":"REST"},{"data":"Doppelganger","floor":27.0,"key":"SMITH"},{"data":"Calculated Gamble","floor":32,"key":"SMITH"},{"floor":40,"key":"RECALL"},{"floor":49,"key":"REST"},{"floor":53,"key":"REST"}],"lesson_learned_per_floor":[[],[],[],[],[],[],[],[],[],[],[],[],[],[],[],[],[],[],[],[],[],[],[],[],[],[],[],[],[],[],[],[],[],[],[],[],[],[],[],[],[],[],[],[],[],[],[],[],[],[],[],[],[],[],[],[],[]],"neow_cost":"PERCENT_DAMAGE","improvable_cards":{},"seed_source_timestamp":908717853934400,"shop_contents":[{"floor":20,"relics":["Letter Opener","Meat on the Bone","Frozen Eye"],"cards":["Bane","All Out Attack","Catalyst","Outmaneuver","Forethought","Master of Strategy"],"potions":["Dexterity Potion","Weak Potion","Weak Potion"]},{"floor":28,"relics":["Toy Ornithopter","Incense Burner"],"cards":["Glass Knife","Flying Knee","Deadly Poison","Deflect","Infinite Blades","Finesse","Apotheosis"],"potions":["BlessingOfTheForge","SkillPotion","Block Potion"]},{"floor":30,"relics":["Akabeko","PrismaticShard"],"cards":["Poisoned Stab+1","Quick Slash+1","Catalyst","Backflip","Accuracy","Mind Blast+1","Sadistic Nature"],"potions":["Regen Potion","CultistPotion","BlessingOfTheForge"]},{"floor":42,"relics":["Darkstone Periapt","Juzu Bracelet","Sling"],"cards":["Endless Agony+1","Backstab+1","Terror","Deadly Poison","Infinite Blades","Panacea","Chrysalis"],"potions":["Dexterity Potion","EssenceOfSteel"]},{"floor":54,"relics":["Bronze Scales"],"cards":["Poisoned Stab+1","Malaise","Accuracy","Dramatic Entrance+1","Secret Weapon"],"potions":["EssenceOfSteel","BlessingOfTheForge","Regen Potion"]}],"circlet_count":0,"master_deck":["AscendersBane","Defend_G","Defend_G","Defend_G","Defend_G","Defend_G","Survivor","Neutralize","Apotheosis+1","Acrobatics+1","Deflect","Blade Dance","Accuracy+1","Tactician+1","Cloak And Dagger","Burst","Doppelganger+1","Concentrate","Footwork","Backflip","Calculated Gamble+1","Malaise","Backflip+1","Acrobatics","Acrobatics","Blade Dance","Choke+1","Acrobatics"],"special_seed":0,"potion_use_per_floor":[[],[],[],[],["Regen Potion"],[],["PowerPotion"],[],[],[],[],[],[],[],[],["SkillPotion"],[],["GamblersBrew"],[],[],[],[],[],[],[],[],[],[],[],[],["Fruit Juice"],[],[],[],[],[],[],[],[],[],[],[],[],[],[],[],[],[],[],[],[],[],[],[],[],["EntropicBrew"],[]],"relics":["Ring of the Snake","Blue Candle","Oddly Smooth Stone","MealTicket","Runic Pyramid","Tough Bandages","Vajra","Membership Card","Molten Egg 2","Shuriken","Fusion Hammer","Old Coin","Mummified Hand","Turnip","Calipers","Chemical X","Orichalcum"],"potions_floor_usage":[31,56],"damage_taken":[{"damage":0.0,"enemies":"Small Slimes","floor":1.0,"turns":4.0},{"damage":0.0,"enemies":"2 Louse","floor":2.0,"turns":4.0},{"damage":0.0,"enemies":"Cultist","floor":3.0,"turns":4.0},{"damage":2.0,"enemies":"3 Louse","floor":5.0,"turns":7.0},{"damage":9.0,"enemies":"Lagavulin","floor":7.0,"turns":9.0},{"damage":0.0,"enemies":"2 Fungi Beasts","floor":10.0,"turns":3.0},{"damage":0.0,"enemies":"Large Slime","floor":11.0,"turns":4.0},{"damage":2.0,"enemies":"Exordium Thugs","floor":13.0,"turns":2.0},{"damage":13.0,"enemies":"3 Sentries","floor":14.0,"turns":6.0},{"damage":6.0,"enemies":"The Guardian","floor":16.0,"turns":11.0},{"damage":19.0,"enemies":"2 Thieves","floor":18.0,"turns":4.0},{"damage":0.0,"enemies":"Chosen","floor":21.0,"turns":6.0},{"damage":3.0,"enemies":"Centurion and Healer","floor":22.0,"turns":3.0},{"damage":33.0,"enemies":"Slavers","floor":23.0,"turns":8.0},{"damage":0.0,"enemies":"Sentry and Sphere","floor":25.0,"turns":3.0},{"damage":0.0,"enemies":"Book of Stabbing","floor":29.0,"turns":6.0},{"damage":25.0,"enemies":"Slavers","floor":31.0,"turns":8.0},{"damage":0,"enemies":"Automaton","floor":33,"turns":8},{"damage":0,"enemies":"3 Darklings","floor":35,"turns":3},{"damage":0,"enemies":"Orb Walker","floor":36,"turns":2},{"damage":0,"enemies":"Maw","floor":37,"turns":5},{"damage":0,"enemies":"3 Darklings","floor":38,"turns":3},{"damage":0,"enemies":"Mind Bloom Boss Battle","floor":39,"turns":5},{"damage":0,"enemies":"Giant Head","floor":41,"turns":6},{"damage":0,"enemies":"4 Shapes","floor":45,"turns":4},{"damage":0,"enemies":"Nemesis","floor":46,"turns":7},{"damage":0,"enemies":"Maw","floor":48,"turns":4},{"damage":1,"enemies":"Time Eater","floor":50,"turns":14},{"damage":0,"enemies":"Donu and Deca","floor":51,"turns":6},{"damage":0,"enemies":"Shield and Spear","floor":55,"turns":3},{"damage":11,"enemies":"The Heart","floor":56,"turns":9}],"green_key_taken_log":29,"seed_played":"-9214826094359157923","neow_bonus_log":{"cardsObtained":[],"cardsUpgraded":[],"cardsRemoved":[],"cardsTransformed":[],"relicsObtained":[],"maxHpGained":0,"goldGained":0,"damageTaken":15,"goldLost":0,"maxHpLost":0},"potions_obtained":[{"floor":1.0,"key":"PowerPotion"},{"floor":2.0,"key":"Regen Potion"},{"floor":10.0,"key":"GamblersBrew"},{"floor":14.0,"key":"SkillPotion"},{"floor":16.0,"key":"Fruit Juice"},{"floor":18.0,"key":"SmokeBomb"},{"floor":23.0,"key":"DistilledChaos"},{"floor":31,"key":"EntropicBrew"},{"floor":48,"key":"GhostInAJar"}],"is_trial":false,"path_per_floor":["M","M","M","?","M","R","E","?","T","M","M","R","M","E","R","B",null,"M","?","$","M","M","E","R","M","T","R","$","E","$","E","R","B",null,"M","M","M","M","?","R","E","$","T","?","M","E","?","M","R","B","B",null,"R","$","E","B",null],"character_chosen":"THE_SILENT","basemod:card_modifiers":[null,null,null,null,null,null,null,null,null,null,null,null,null,null,null,null,null,null,null,null,null,null,null,null,null,null,null,null],"items_purchased":["Footwork","Membership Card","Shuriken","Swift Potion","Calipers","Chemical X","Choke+1","Acrobatics"],"campfire_rested":3,"item_purchase_floors":[20,28,30,42,54,54,54,54],"current_hp_per_floor":[44,44,44,44,57,57,48,53,53,53,53,53,51,38,38,32,61,42,42,57,57,54,21,42,42,42,42,57,57,71,51,51,51,70,70,70,70,70,70,70,70,76,76,72,72,72,72,72,72,71,71,72,72,72,72,61],"gold":124,"neow_bonus":"RANDOM_COLORLESS_2","is_prod":false,"is_daily":false,"rewards_skipped":[{"floor":31,"relics":["Bottled Flame"],"potions":[]},{"floor":33,"relics":[],"potions":["Dexterity Potion"]},{"floor":35,"relics":[],"potions":["DistilledChaos"]},{"floor":36,"relics":[],"potions":["Energy Potion"]},{"floor":46,"relics":[],"potions":["FearPotion"]}],"chose_seed":false,"campfire_upgraded":5,"win_rate":0,"floor_exit_playtime":[111,149,181,186,263,271,406,410,415,459,514,536,587,665,672,828,855,937,946,983,1099,1162,1294,1298,1363,1368,1376,1397,1542,1561,1765,1773,2014,2051,2147,2203,2346,2441,2569,2576,2715,2737,2742,2748,2863,3177,3179,3349,3352,3691,3901,3912,3915,3955,4082,4407],"timestamp":1681244590,"blue_key_relic_skipped_log":{"floor":43,"relicID":"Kunai"},"path_taken":["M","M","M","?","M","R","E","?","T","M","M","R","M","E","R","BOSS","M","?","$","M","M","E","R","M","T","R","$","E","$","E","R","BOSS","M","M","?","M","?","R","E","$","T","?","M","E","?","?","R","BOSS","BOSS","R","$","E","BOSS"],"build_version":"2022-12-18","purchased_purges":5,"victory":true,"max_hp_per_floor":[66,66,66,66,66,66,66,71,71,71,71,71,71,71,71,71,71,71,71,71,71,71,71,71,71,71,71,71,71,71,76,76,76,76,76,76,76,76,76,76,76,76,76,72,72,72,72,72,72,72,72,72,72,72,72,72],"relic_stats":{"Calipers":[573],"counters":[31,171],"Blue Candle":[0],"Orichalcum":[6],"Tough Bandages":[1401],"Shuriken":[97],"Mummified Hand":[14],"MealTicket":50,"Turnip":[10],"Membership Card":748,"Chemical X":[7],"obtain_stats":[{"Calipers":54,"Blue Candle":7,"Oddly Smooth Stone":9,"Vajra":26,"Orichalcum":55,"Old Coin":39,"Tough Bandages":23,"Shuriken":30,"Mummified Hand":41,"MealTicket":14,"Molten Egg 2":29,"Fusion Hammer":34,"Turnip":46,"Membership Card":28,"Chemical X":54,"Ring of the Snake":0,"Runic Pyramid":17},{"Calipers":29,"Blue Candle":5,"Oddly Smooth Stone":5,"Vajra":15,"Orichalcum":30,"Old Coin":23,"Tough Bandages":14,"Shuriken":16,"Mummified Hand":24,"MealTicket":9,"Molten Egg 2":16,"Fusion Hammer":18,"Turnip":26,"Membership Card":15,"Chemical X":29,"Ring of the Snake":0,"Runic Pyramid":10},{"Calipers":159,"Blue Candle":28,"Oddly Smooth Stone":28,"Vajra":78,"Orichalcum":162,"Old Coin":118,"Tough Bandages":75,"Shuriken":84,"Mummified Hand":124,"MealTicket":43,"Molten Egg 2":84,"Fusion Hammer":100,"Turnip":135,"Membership Card":78,"Chemical X":159,"Ring of the Snake":0,"Runic Pyramid":54}],"Ring of the Snake":[62]},"card_choices":[{"not_picked":["Master of Strategy","Secret Weapon"],"picked":"Apotheosis","floor":0.0},{"not_picked":["Heel Hook","Sucker Punch"],"picked":"Acrobatics","floor":1.0},{"not_picked":["Concentrate","Outmaneuver","Bane"],"picked":"SKIP","floor":2.0},{"not_picked":["Slice","Heel Hook"],"picked":"Deflect","floor":3.0},{"not_picked":["Prepared","Cloak And Dagger"],"picked":"Blade Dance","floor":5.0},{"not_picked":["Cloak And Dagger","Reflex"],"picked":"Die Die Die","floor":7.0},{"not_picked":["Flying Knee","Catalyst"],"picked":"Accuracy","floor":10.0},{"not_picked":["Underhanded Strike","Poisoned Stab"],"picked":"Tactician","floor":11.0},{"not_picked":["Bane","Dodge and Roll"],"picked":"Cloak And Dagger","floor":13.0},{"not_picked":["Predator","Quick Slash"],"picked":"Burst","floor":14.0},{"not_picked":["Night Terror","Storm of Steel"],"picked":"Doppelganger","floor":16.0},{"not_picked":["Deflect","Leg Sweep"],"picked":"Concentrate","floor":18.0},{"not_picked":["Poisoned Stab","Riddle With Holes"],"picked":"Backflip","floor":21.0},{"not_picked":["Poisoned Stab","Masterful Stab","Bane+1"],"picked":"SKIP","floor":22.0},{"not_picked":["Terror","PiercingWail+1","Crippling Poison"],"picked":"SKIP","floor":23.0},{"not_picked":["Expertise","Sucker Punch","Crippling Poison"],"picked":"SKIP","floor":25.0},{"not_picked":["Sucker Punch+1","Bouncing Flask"],"picked":"Calculated Gamble","floor":29.0},{"not_picked":["Deflect","Bouncing Flask"],"picked":"Malaise","floor":31},{"not_picked":["Glass Knife+1","Unload+1","Tools of the Trade"],"picked":"SKIP","floor":33},{"not_picked":["Setup","Quick Slash+1","Outmaneuver+1"],"picked":"SKIP","floor":35},{"not_picked":["Prepared","Dagger Spray+1","Crippling Poison"],"picked":"SKIP","floor":36},{"not_picked":["Deflect","Flying Knee+1"],"picked":"Backflip+1","floor":37},{"not_picked":["Slice+1","Flying Knee+1","Sucker Punch+1"],"picked":"SKIP","floor":38},{"not_picked":["Distraction","Prepared","Concentrate+1"],"picked":"SKIP","floor":39},{"not_picked":["Distraction","Envenom"],"picked":"Acrobatics","floor":41},{"not_picked":["Dagger Throw+1","All Out Attack+1","Backstab+1"],"picked":"SKIP","floor":45},{"not_picked":["Deadly Poison+1","Skewer+1"],"picked":"Acrobatics","floor":46},{"not_picked":["Outmaneuver","Sucker Punch+1"],"picked":"Blade Dance","floor":48},{"not_picked":["Distraction","Acrobatics+1","Prepared"],"picked":"SKIP","floor":55}],"player_experience":1692924,"relics_obtained":[{"floor":7.0,"key":"Blue Candle"},{"floor":9.0,"key":"Oddly Smooth Stone"},{"floor":14.0,"key":"MealTicket"},{"floor":23.0,"key":"Tough Bandages"},{"floor":26.0,"key":"Vajra"},{"floor":29.0,"key":"Molten Egg 2"},{"floor":39,"key":"Old Coin"},{"floor":41,"key":"Mummified Hand"},{"floor":46,"key":"Turnip"},{"floor":55,"key":"Orichalcum"}],"event_choices":[{"damage_healed":0.0,"max_hp_gain":0.0,"max_hp_loss":0.0,"gold_gain":0.0,"event_name":"Living Wall","player_choice":"Grow","floor":4.0,"gold_loss":0.0,"damage_taken":0.0,"cards_upgraded":["Apotheosis"]},{"damage_healed":0.0,"max_hp_gain":5.0,"max_hp_loss":0.0,"gold_gain":0.0,"event_name":"Big Fish","player_choice":"Donut","floor":8.0,"gold_loss":0.0,"damage_taken":0.0},{"cards_removed":["Strike_G"],"damage_healed":0.0,"max_hp_gain":0.0,"max_hp_loss":0.0,"gold_gain":0.0,"event_name":"Bonfire Elementals","player_choice":"Offered Basic","floor":19.0,"gold_loss":0.0,"damage_taken":0.0},{"damage_healed":0,"gold_gain":0,"player_choice":"Fight","damage_taken":0,"max_hp_gain":0,"max_hp_loss":0,"event_name":"MindBloom","floor":39,"gold_loss":0},{"damage_healed":0,"gold_gain":0,"player_choice":"Max HP","damage_taken":0,"max_hp_gain":0,"max_hp_loss":4,"event_name":"Winding Halls","floor":44,"gold_loss":0},{"damage_healed":0,"gold_gain":0,"player_choice":"Ignored","damage_taken":0,"max_hp_gain":0,"max_hp_loss":0,"event_name":"Tomb of Lord Red Mask","floor":47,"gold_loss":0}],"is_beta":false,"boss_relics":[{"not_picked":["Snecko Eye","SlaversCollar"],"picked":"Runic Pyramid"},{"not_picked":["HoveringKite","Sozu"],"picked":"Fusion Hammer"}],"items_purged_floors":[20,28,30,42,54],"is_endless":false,"potions_floor_spawned":[1,2,10,14,16,18,23,31,33,35,36,46,48],"ascension_level":20,"potion_discard_per_floor":[[],[],[],[],[],[],[],[],[],[],[],[],[],[],[],[],[],[],[],[],[],[],["SmokeBomb"],[],[],[],[],[],[],[],[],[],[],[],[],[],[],[],[],[],[],["DistilledChaos"],[],[],[],[],[],["Swift Potion"],[],[],[],[],[],[],[],["GhostInAJar","DistilledChaos","Regen Potion"],[]]}