{"neow_bonuses_skipped_log":["RANDOM_COLORLESS","HUNDRED_GOLD","BOSS_RELIC"],"neow_costs_skipped_log":["NONE","NONE","NONE"],"potions_obtained_entropic_brew":[[],[],[],[],[],[],[],[],[],[],[],[],[],[],[],[],[],[],[],[],[],[],[]],"gold_per_floor":[16,36,54,54,69,69,69,95,95,125,50,50,68,88,88,161,161,175,175,175,189,189,189],"floor_reached":23,"playtime":1037,"items_purged":["Strike_G"],"score":602,"play_id":"bb736352-9fb2-458a-94a5-8cb30ec56b0f","local_time":"20230412132317","score_breakdown":["Floors Climbed (23): 115","Enemies Slain (8): 16","Exordium Elites Killed (2): 20","City Elites Killed (0): 0","Bosses Slain (1): 50","Champion (1): 25","Perfect (1): 50","C-c-c-combo: 25","Ascension (20): 301"],"is_ascension_mode":true,"potions_obtained_alchemize":[[],[],[],[],[],[],[],[],[],[],[],[],[],[],[],[],[],[],[],[],[],[],[]],"campfire_choices":[{"data":"Blade Dance","floor":6.0,"key":"SMITH"},{"floor":12,"key":"REST"},{"data":"Blade Dance","floor":15,"key":"SMITH"}],"lesson_learned_per_floor":[[],[],[],[],[],[],[],[],[],[],[],[],[],[],[],[],[],[],[],[],[],[],[]],"neow_cost":"NO_GOLD","improvable_cards":{},"seed_source_timestamp":34370340985400,"shop_contents":[{"floor":11,"relics":["Whetstone","TungstenRod","TwistedFunnel"],"cards":["Riddle With Holes","Dagger Throw","Blur","Reflex","Infinite Blades","Trip","Apotheosis"],"potions":["DuplicationPotion","DuplicationPotion","AttackPotion"]}],"circlet_count":0,"master_deck":["AscendersBane","Strike_G","Strike_G","Strike_G","Strike_G","Defend_G","Defend_G","Defend_G","Defend_G","Defend_G","Survivor","Neutralize","Blade Dance+1","Well Laid Plans","Terror","Dagger Throw","Glass Knife","Blade Dance+1","Tools of the Trade","Expertise+1","Blade Dance","Expertise+1"],"special_seed":0,"potion_use_per_floor":[[],[],[],[],["SneckoOil"],[],[],[],[],[],[],[],[],[],[],[],[],[],[],[],[],[],["FairyPotion"]],"relics":["Ring of the Snake","Dead Branch","Snake Skull","Orichalcum","Singing Bowl","Black Star"],"potions_floor_usage":[],"damage_taken":[{"damage":1.0,"enemies":"Small Slimes","floor":1.0,"turns":4.0},{"damage":0.0,"enemies":"Jaw Worm","floor":2.0,"turns":2.0},{"damage":0.0,"enemies":"2 Louse","floor":3.0,"turns":2.0},{"damage":27.0,"enemies":"Gremlin Gang","floor":5.0,"turns":4.0},{"damage":14.0,"enemies":"3 Sentries","floor":8.0,"turns":6.0},{"damage":0.0,"enemies":"Lagavulin","floor":10.0,"turns":6.0},{"damage":0,"enemies":"3 Louse","floor":13,"turns":4},{"damage":0,"enemies":"Looter","floor":14,"turns":2},{"damage":0,"enemies":"Slime Boss","floor":16,"turns":4},{"damage":8,"enemies":"Shell Parasite","floor":18,"turns":3},{"damage":14,"enemies":"2 Thieves","floor":21,"turns":4},{"damage":53,"enemies":"Book of Stabbing","floor":23,"turns":5}],"seed_played":"2855880776773745018","neow_bonus_log":{"cardsObtained":[],"cardsUpgraded":[],"cardsRemoved":[],"cardsTransformed":[],"relicsObtained":["Dead Branch"],"maxHpGained":0,"goldGained":0,"damageTaken":0,"goldLost":99,"maxHpLost":0},"potions_obtained":[{"floor":2.0,"key":"SneckoOil"},{"floor":5.0,"key":"Ancient Potion"},{"floor":8.0,"key":"FairyPotion"}],"is_trial":false,"path_per_floor":["M","M","M","?","M","R","?","E","T","E","$","R","M","M","R","B",null,"M","?","?","M","?","E"],"character_chosen":"THE_SILENT","basemod:card_modifiers":[null,null,null,null,null,null,null,null,null,null,null,null,null,null,null,null,null,null,null,null,null,null],"items_purchased":[],"campfire_rested":1,"item_purchase_floors":[],"current_hp_per_floor":[58,58,58,58,31,31,31,17,17,17,17,36,38,38,38,38,61,53,53,34,20,20,0],"gold":189,"neow_bonus":"ONE_RARE_RELIC","is_prod":false,"is_daily":false,"rewards_skipped":[{"floor":10,"relics":[],"potions":["SkillPotion"]}],"chose_seed":false,"campfire_upgraded":2,"win_rate":0,"floor_exit_playtime":[45,67,95,100,218,224,230,444,446,559,566,570,620,652,656,766,800,859,865,869,927,939],"timestamp":1681320197,"path_taken":["M","M","M","?","M","R","?","E","T","E","?","R","?","M","R","BOSS","M","?","?","M","?","E"],"build_version":"2022-12-18","purchased_purges":1,"victory":false,"max_hp_per_floor":[66,66,66,66,66,66,66,66,66,66,66,66,68,68,68,68,68,68,68,73,73,73,73],"relic_stats":{"Singing Bowl":2,"counters":[12,46],"Dead Branch":[128],"Snake Skull":[1],"Black Star":0,"Orichalcum":[48],"obtain_stats":[{"Singing Bowl":10,"Dead Branch":0,"Snake Skull":8,"Black Star":17,"Orichalcum":9,"Ring of the Snake":0},{"Singing Bowl":6,"Dead Branch":0,"Snake Skull":5,"Black Star":9,"Orichalcum":5,"Ring of the Snake":0},{"Singing Bowl":24,"Dead Branch":0,"Snake Skull":18,"Black Star":34,"Orichalcum":18,"Ring of the Snake":0}],"Ring of the Snake":[24]},"card_choices":[{"not_picked":["Dodge and Roll","Dagger Spray"],"picked":"Blade Dance","floor":1.0},{"not_picked":["Quick Slash","Flying Knee"],"picked":"Well Laid Plans","floor":2.0},{"not_picked":["Distraction","Tactician"],"picked":"Terror","floor":3.0},{"not_picked":["Quick Slash","Outmaneuver"],"picked":"Dagger Throw","floor":5.0},{"not_picked":["Slice","PiercingWail","Outmaneuver"],"picked":"SKIP","floor":8.0},{"not_picked":["Heel Hook","Dagger Throw"],"picked":"Glass Knife","floor":10.0},{"not_picked":["Poisoned Stab","Dagger Throw","Flying Knee"],"picked":"Singing Bowl","floor":13},{"not_picked":["Footwork","Bane"],"picked":"Blade Dance","floor":14},{"not_picked":["Glass Knife","Unload"],"picked":"Tools of the Trade","floor":16},{"not_picked":["Dagger Spray","Leg Sweep"],"picked":"Expertise+1","floor":18},{"not_picked":["Escape Plan","Skewer"],"picked":"Blade Dance","floor":21}],"player_experience":1716956,"relics_obtained":[{"floor":8.0,"key":"Snake Skull"},{"floor":9.0,"key":"Orichalcum"},{"floor":10.0,"key":"Singing Bowl"}],"event_choices":[{"damage_healed":0.0,"max_hp_gain":0.0,"max_hp_loss":0.0,"gold_gain":0.0,"event_name":"Liars Game","player_choice":"Ignored","floor":4.0,"gold_loss":0.0,"damage_taken":0.0},{"damage_healed":0.0,"max_hp_gain":0.0,"max_hp_loss":0.0,"gold_gain":0.0,"event_name":"Scrap Ooze","player_choice":"Fled","floor":7.0,"gold_loss":0.0,"damage_taken":0.0},{"damage_healed":0,"gold_gain":0,"player_choice":"Ignored","damage_taken":0,"max_hp_gain":0,"max_hp_loss":0,"event_name":"Vampires","floor":19,"gold_loss":0},{"damage_healed":0,"gold_gain":0,"player_choice":"Shed Blood","damage_taken":24,"max_hp_gain":5,"max_hp_loss":0,"event_name":"Forgotten Altar","floor":20,"gold_loss":0},{"damage_healed":0,"gold_gain":0,"player_choice":"Copied","damage_taken":0,"max_hp_gain":0,"max_hp_loss":0,"event_name":"Duplicator","floor":22,"gold_loss":0,"cards_obtained":["Expertise"]}],"is_beta":false,"boss_relics":[{"not_picked":["Snecko Eye","Ring of the Serpent"],"picked":"Black Star"}],"items_purged_floors":[11],"is_endless":false,"potions_floor_spawned":[2,5,8,10],"killed_by":"Book of Stabbing","ascension_level":20,"potion_discard_per_floor":[[],[],[],[],[],[],[],[],[],[],[],[],[],[],[],[],[],[],[],[],[],[],[]]}