{"neow_bonuses_skipped_log":["UPGRADE_CARD","THREE_SMALL_POTIONS","BOSS_RELIC"],"potions_obtained_entropic_brew":[[],[],[],[],[],[],[],[],[],[],[],[],[],[],[],[],[],[],[],[],[]],"neow_costs_skipped_log":["NONE","NONE","NONE"],"gold_per_floor":[20,31,49,64,79,79,111,111,111,122,197,197,208,223,223,301,301,321,339,100,100],"floor_reached":21,"playtime":766,"items_purged":["Strike_G"],"score":370,"play_id":"d0bb5899-7991-450b-a48a-6cd5f96f23e1","local_time":"20230409075254","score_breakdown":["Floors Climbed (21): 105","Enemies Slain (10): 20","Exordium Elites Killed (1): 10","City Elites Killed (0): 0","Bosses Slain (1): 50","Ascension (20): 185"],"is_ascension_mode":true,"potions_obtained_alchemize":[[],[],[],[],[],[],[],[],[],[],[],[],[],[],[],[],[],[],[],[],[]],"campfire_choices":[{"data":"Apotheosis","floor":6,"key":"SMITH"},{"data":"Backstab","floor":8,"key":"SMITH"},{"floor":12,"key":"REST"},{"data":"Dagger Spray","floor":15,"key":"SMITH"}],"lesson_learned_per_floor":[[],[],[],[],[],[],[],[],[],[],[],[],[],[],[],[],[],[],[],[],[]],"neow_cost":"NO_GOLD","improvable_cards":{},"seed_source_timestamp":708976244325000,"shop_contents":[{"floor":20,"relics":["Prayer Wheel","HornCleat","Frozen Eye"],"cards":["All Out Attack","Backstab","Deadly Poison","Trip","Chrysalis"],"potions":["FairyPotion","Explosive Potion","SteroidPotion"]}],"circlet_count":0,"master_deck":["AscendersBane","Strike_G","Strike_G","Strike_G","Strike_G","Defend_G","Defend_G","Defend_G","Defend_G","Defend_G","Survivor","Neutralize","Apotheosis+1","Masterful Stab","Backflip","Quick Slash","Skewer","Backstab+1","Glass Knife","Dagger Spray+1","Expertise","Malaise","Acrobatics","Acrobatics","Blur","Well Laid Plans"],"potion_use_per_floor":[[],[],[],[],[],[],["Fire Potion"],[],[],[],[],[],[],[],[],["SteroidPotion"],[],[],["Poison Potion"],[],[]],"relics":["Ring of the Snake","Juzu Bracelet","Mercury Hourglass","HoveringKite"],"potions_floor_usage":[7,16,19],"damage_taken":[{"damage":0,"enemies":"Cultist","floor":1,"turns":4},{"damage":0,"enemies":"Small Slimes","floor":2,"turns":3},{"damage":3,"enemies":"Jaw Worm","floor":3,"turns":5},{"damage":5,"enemies":"Large Slime","floor":4,"turns":5},{"damage":2,"enemies":"3 Louse","floor":5,"turns":4},{"damage":6,"enemies":"Gremlin Nob","floor":7,"turns":3},{"damage":4,"enemies":"Lots of Slimes","floor":10,"turns":3},{"damage":0,"enemies":"Exordium Thugs","floor":13,"turns":4},{"damage":0,"enemies":"3 Louse","floor":14,"turns":2},{"damage":12,"enemies":"Slime Boss","floor":16,"turns":7},{"damage":31,"enemies":"Shell Parasite","floor":18,"turns":7},{"damage":0,"enemies":"3 Byrds","floor":19,"turns":4},{"damage":33,"enemies":"Cultist and Chosen","floor":21,"turns":9}],"seed_played":"5202641407950680926","neow_bonus_log":{"cardsObtained":[],"cardsUpgraded":[],"cardsRemoved":[],"cardsTransformed":[],"relicsObtained":[],"maxHpGained":0,"goldGained":0,"damageTaken":0,"goldLost":99,"maxHpLost":0},"potions_obtained":[{"floor":2,"key":"Fire Potion"},{"floor":7,"key":"Strength Potion"},{"floor":13,"key":"SteroidPotion"},{"floor":16,"key":"Ancient Potion"},{"floor":18,"key":"Poison Potion"},{"floor":19,"key":"Energy Potion"}],"is_trial":false,"path_per_floor":["M","M","M","M","M","R","E","R","T","M","?","R","M","M","R","B",null,"M","M","$","M"],"character_chosen":"THE_SILENT","basemod:card_modifiers":[null,null,null,null,null,null,null,null,null,null,null,null,null,null,null,null,null,null,null,null,null,null,null,null,null,null],"items_purchased":["Blur","Well Laid Plans"],"campfire_rested":1,"item_purchase_floors":[20,20],"current_hp_per_floor":[59,59,56,51,49,49,43,43,43,39,28,47,47,47,47,35,58,27,27,27,0],"gold":100,"neow_bonus":"RANDOM_COLORLESS_2","is_prod":false,"is_daily":false,"rewards_skipped":[],"chose_seed":false,"campfire_upgraded":3,"win_rate":0,"floor_exit_playtime":[50,86,123,174,220,226,259,273,279,332,335,338,380,404,410,499,511,586,650,668],"timestamp":1681041174,"path_taken":["M","?","M","M","M","R","E","R","T","M","?","R","M","M","R","BOSS","M","M","$","M"],"build_version":"2022-12-18","purchased_purges":1,"victory":false,"max_hp_per_floor":[66,66,66,66,66,66,66,66,66,66,66,66,66,66,66,66,66,66,66,66,66],"relic_stats":{"counters":[13,59],"HoveringKite":[4],"Juzu Bracelet":0,"obtain_stats":[{"HoveringKite":17,"Juzu Bracelet":7,"Ring of the Snake":0,"Mercury Hourglass":9},{"HoveringKite":10,"Juzu Bracelet":6,"Ring of the Snake":0,"Mercury Hourglass":6},{"HoveringKite":39,"Juzu Bracelet":24,"Ring of the Snake":0,"Mercury Hourglass":24}],"Ring of the Snake":[26],"Mercury Hourglass":[152]},"card_choices":[{"not_picked":["Metamorphosis","The Bomb"],"picked":"Apotheosis","floor":0},{"not_picked":["Heel Hook","Outmaneuver"],"picked":"Masterful Stab","floor":1},{"not_picked":["Sucker Punch","Underhanded Strike"],"picked":"Backflip","floor":2},{"not_picked":["Reflex","Escape Plan"],"picked":"Quick Slash","floor":3},{"not_picked":["Expertise","Concentrate","Outmaneuver"],"picked":"SKIP","floor":4},{"not_picked":["Outmaneuver","Cloak And Dagger"],"picked":"Skewer","floor":5},{"not_picked":["Blade Dance","Blur"],"picked":"Backstab","floor":7},{"not_picked":["Setup","Slice"],"picked":"Glass Knife","floor":10},{"not_picked":["Slice","Underhanded Strike"],"picked":"Dagger Spray","floor":13},{"not_picked":["Skewer","Outmaneuver"],"picked":"Expertise","floor":14},{"not_picked":["Glass Knife","Corpse Explosion"],"picked":"Malaise","floor":16},{"not_picked":["Deadly Poison","Masterful Stab"],"picked":"Acrobatics","floor":18},{"not_picked":["Terror","Dodge and Roll"],"picked":"Acrobatics","floor":19}],"player_experience":1663571,"relics_obtained":[{"floor":7,"key":"Juzu Bracelet"},{"floor":9,"key":"Mercury Hourglass"}],"event_choices":[{"damage_healed":0,"gold_gain":75,"player_choice":"Gather Gold","damage_taken":11,"max_hp_gain":0,"max_hp_loss":0,"event_name":"World of Goop","floor":11,"gold_loss":0}],"is_beta":false,"boss_relics":[{"not_picked":["Tiny House","Empty Cage"],"picked":"HoveringKite"}],"items_purged_floors":[20],"is_endless":false,"potions_floor_spawned":[2,7,13,16,18,19],"killed_by":"Cultist and Chosen","ascension_level":20,"potion_discard_per_floor":[[],[],[],[],[],[],[],[],[],[],[],[],[],[],[],[],[],["Ancient Potion"],[],[],[]]}