{"neow_bonuses_skipped_log":["THREE_SMALL_POTIONS","TWENTY_PERCENT_HP_BONUS","BOSS_RELIC"],"neow_costs_skipped_log":["NONE","NO_GOLD","NONE"],"potions_obtained_entropic_brew":[[],[],[],[],[],[],[],[],[],[],[],[],[],[],[],[],[],[],[],[],[],[],[],[],[],[],[],[],[],[],[],[],[],[],[],[],[],[],[],[],[],[],[],[],[],[],[],[],[],[],[],[],[],[],[],[]],"gold_per_floor":[110,129,204,224,224,224,240,240,240,254,283,283,298,30,30,106,106,116,116,131,142,156,156,187,198,280,280,293,293,328,328,328,405,405,420,438,456,172,172,204,204,224,224,224,224,224,239,17,17,17,17,17,17,17,43,43],"floor_reached":56,"playtime":2425,"items_purged":["Decay","Strike_G+1","Strike_G+1"],"score":2063,"play_id":"1e012e9d-4e5f-46f6-85f7-c9de4880853f","local_time":"20230412190114","score_breakdown":["Floors Climbed (56): 280","Enemies Slain (17): 34","Exordium Elites Killed (1): 10","City Elites Killed (2): 40","Beyond Elites Killed (1): 30","Bosses Slain (4): 500","Well Fed: 25","Champion (2): 50","Perfect (1): 50","C-c-c-combo: 25","Ascension (20): 1019"],"is_ascension_mode":true,"potions_obtained_alchemize":[[],[],[],[],[],[],[],[],[],[],[],[],[],[],[],[],[],[],[],[],[],[],[],[],[],[],[],[],[],[],[],[],[],[],[],[],[],[],[],[],[],[],[],[],[],[],[],[],[],[],[],[],[],[],[],[]],"campfire_choices":[{"data":"Blade Dance","floor":6.0,"key":"SMITH"},{"data":"Dash","floor":8.0,"key":"SMITH"},{"data":"Doppelganger","floor":15.0,"key":"SMITH"},{"data":"Acrobatics","floor":23.0,"key":"SMITH"},{"data":"Doppelganger","floor":27.0,"key":"SMITH"},{"floor":32,"key":"REST"},{"data":"Burst","floor":41,"key":"SMITH"},{"data":"Footwork","floor":44,"key":"SMITH"},{"floor":49,"key":"RECALL"},{"data":"Footwork","floor":53,"key":"SMITH"}],"lesson_learned_per_floor":[[],[],[],[],[],[],[],[],[],[],[],[],[],[],[],[],[],[],[],[],[],[],[],[],[],[],[],[],[],[],[],[],[],[],[],[],[],[],[],[],[],[],[],[],[],[],[],[],[],[],[],[],[],[],[],[]],"neow_cost":"NONE","improvable_cards":{},"seed_source_timestamp":53256504356400,"shop_contents":[{"floor":14,"relics":["MealTicket","Frozen Egg 2"],"cards":["Predator","Heel Hook","Deadly Poison","Acrobatics","Good Instincts","Master of Strategy"],"potions":["FearPotion","PowerPotion"]},{"floor":38,"relics":["Shovel","HandDrill"],"cards":["Poisoned Stab","Unload","Expertise","Tactician","Panacea","Transmutation"],"potions":["Dexterity Potion","DistilledChaos"]},{"floor":48,"relics":["Regal Pillow","PrismaticShard"],"cards":["Dagger Throw","Dash","Blade Dance","Escape Plan","Caltrops","Madness","Violence"],"potions":["SpeedPotion","Strength Potion","DuplicationPotion"]},{"floor":54,"relics":["Boot","Paper Crane","DollysMirror"],"cards":["Dagger Throw","Sucker Punch","Acrobatics","Phantasmal Killer","Caltrops","Finesse","Master of Strategy"],"potions":["CultistPotion","GamblersBrew","Strength Potion"]}],"circlet_count":0,"master_deck":["AscendersBane","Strike_G+1","Strike_G+1","Strike_G+1","Defend_G+1","Defend_G+1","Defend_G+1","Defend_G+1","Survivor","Neutralize","Blade Dance+1","Blade Dance","Backstab","Dash+1","Terror+1","Doppelganger+1","Acrobatics+1","Footwork+1","Adrenaline","Backflip","Doppelganger+1","Blade Dance","Footwork+1","Burst+1","Accuracy","Footwork","Well Laid Plans"],"special_seed":0,"potion_use_per_floor":[[],[],[],[],[],[],[],[],[],[],["LiquidMemories"],[],["EssenceOfSteel"],[],[],["SteroidPotion"],[],["Fire Potion"],[],[],[],[],[],[],["Fruit Juice"],[],[],[],[],["GamblersBrew"],[],[],["CunningPotion"],[],[],[],["Energy Potion"],[],[],[],[],["SkillPotion"],[],[],[],[],[],[],[],[],["Dexterity Potion"],[],[],[],[],["Ancient Potion","Poison Potion"]],"relics":["Ring of the Snake","Gremlin Horn","Singing Bowl","Membership Card","WristBlade","Omamori","Letter Opener","Bronze Scales","Akabeko","Coffee Dripper","Bird Faced Urn","Mummified Hand","Du-Vu Doll","Torii","Eternal Feather"],"potions_floor_usage":[33,37,42,51,56,56],"damage_taken":[{"damage":6.0,"enemies":"Jaw Worm","floor":1.0,"turns":4.0},{"damage":0.0,"enemies":"Small Slimes","floor":2.0,"turns":2.0},{"damage":0.0,"enemies":"Cultist","floor":4.0,"turns":3.0},{"damage":1.0,"enemies":"Exordium Wildlife","floor":7.0,"turns":3.0},{"damage":4.0,"enemies":"Red Slaver","floor":10.0,"turns":3.0},{"damage":0.0,"enemies":"3 Sentries","floor":11.0,"turns":4.0},{"damage":7.0,"enemies":"Large Slime","floor":13.0,"turns":5.0},{"damage":0.0,"enemies":"Slime Boss","floor":16.0,"turns":5.0},{"damage":5.0,"enemies":"2 Thieves","floor":18.0,"turns":3.0},{"damage":0.0,"enemies":"3 Byrds","floor":20.0,"turns":4.0},{"damage":0.0,"enemies":"Snake Plant","floor":21.0,"turns":3.0},{"damage":2.0,"enemies":"3 Cultists","floor":22.0,"turns":4.0},{"damage":24.0,"enemies":"Book of Stabbing","floor":24.0,"turns":4.0},{"damage":0.0,"enemies":"Snecko","floor":25.0,"turns":3.0},{"damage":0.0,"enemies":"Centurion and Healer","floor":28.0,"turns":3.0},{"damage":29.0,"enemies":"Slavers","floor":30.0,"turns":5.0},{"damage":28,"enemies":"Automaton","floor":33,"turns":8},{"damage":0,"enemies":"3 Darklings","floor":35,"turns":3},{"damage":2,"enemies":"Orb Walker","floor":36,"turns":3},{"damage":10,"enemies":"Jaw Worm Horde","floor":37,"turns":2},{"damage":0,"enemies":"Nemesis","floor":40,"turns":3},{"damage":0,"enemies":"Transient","floor":42,"turns":6},{"damage":0,"enemies":"Sphere and 2 Shapes","floor":47,"turns":2},{"damage":15,"enemies":"Donu and Deca","floor":50,"turns":6},{"damage":59,"enemies":"Awakened One","floor":51,"turns":13},{"damage":73,"enemies":"Shield and Spear","floor":55,"turns":6},{"damage":9,"enemies":"The Heart","floor":56,"turns":2}],"green_key_taken_log":30,"seed_played":"-8377258478192998683","neow_bonus_log":{"cardsObtained":[],"cardsUpgraded":[],"cardsRemoved":[],"cardsTransformed":[],"relicsObtained":[],"maxHpGained":0,"goldGained":0,"damageTaken":0,"goldLost":0,"maxHpLost":0},"potions_obtained":[{"floor":10.0,"key":"LiquidMemories"},{"floor":11.0,"key":"EssenceOfSteel"},{"floor":16.0,"key":"Fire Potion"},{"floor":20.0,"key":"Fruit Juice"},{"floor":22.0,"key":"SmokeBomb"},{"floor":25.0,"key":"GamblersBrew"},{"floor":30,"key":"CunningPotion"},{"floor":33,"key":"Ancient Potion"},{"floor":36,"key":"Energy Potion"},{"floor":47,"key":"Dexterity Potion"},{"floor":55,"key":"Poison Potion"}],"is_trial":false,"path_per_floor":["M","M","?","M","?","R","M","R","T","M","E","?","M","$","R","B",null,"M","?","M","M","M","R","E","M","T","R","M","?","E","?","R","B",null,"M","M","M","$","?","E","R","M","T","R","T","?","M","$","R","B","B",null,"R","$","E","B"],"character_chosen":"THE_SILENT","basemod:card_modifiers":[null,null,null,null,null,null,null,null,null,null,null,null,null,null,null,null,null,null,null,null,null,null,null,null,null,null,null],"items_purchased":["Membership Card","SteroidPotion","Footwork","Bird Faced Urn","Footwork","SkillPotion","Torii"],"campfire_rested":1,"item_purchase_floors":[14,14,14,38,38,38,48],"current_hp_per_floor":[53,53,42,42,42,42,41,41,41,37,37,37,30,30,30,30,57,54,54,56,58,56,56,34,39,39,39,39,39,10,10,33,5,61,63,63,53,53,53,61,61,69,69,69,69,69,79,79,79,72,21,69,69,69,4,0],"gold":43,"neow_bonus":"THREE_CARDS","is_prod":false,"is_daily":false,"rewards_skipped":[{"floor":35,"relics":[],"potions":["Ancient Potion"]}],"chose_seed":false,"campfire_upgraded":8,"win_rate":0,"floor_exit_playtime":[61,84,87,112,132,140,192,208,210,238,321,334,406,443,451,569,586,635,643,722,784,840,852,911,944,946,952,1004,1020,1141,1150,1154,1314,1330,1414,1454,1510,1562,1569,1628,1637,1783,1786,1803,1806,1817,1879,1899,1902,2019,2242,2263,2272,2276,2387],"timestamp":1681340474,"blue_key_relic_skipped_log":{"floor":43,"relicID":"Molten Egg 2"},"path_taken":["M","M","?","M","?","R","M","R","T","M","E","?","?","$","R","BOSS","M","?","M","M","?","R","E","M","T","R","M","?","E","?","R","BOSS","M","M","M","$","?","E","R","M","T","R","?","?","M","$","R","BOSS","BOSS","R","$","E","BOSS"],"build_version":"2022-12-18","purchased_purges":3,"victory":false,"max_hp_per_floor":[66,66,66,66,66,66,66,66,66,66,66,66,66,66,66,66,66,68,68,70,72,72,72,74,79,79,79,79,79,79,79,79,79,79,81,83,83,83,79,81,81,83,83,83,83,83,85,85,85,85,85,85,85,85,85,85],"relic_stats":{"Gremlin Horn":[27,27],"Singing Bowl":18,"Torii":3,"counters":[27,112],"Eternal Feather":0,"Omamori":1,"Letter Opener":[331],"Mummified Hand":[23],"Bronze Scales":[168],"Bird Faced Urn":[48],"Membership Card":604,"obtain_stats":[{"Gremlin Horn":9,"Singing Bowl":11,"Torii":48,"Eternal Feather":55,"Omamori":24,"Letter Opener":26,"Akabeko":30,"Du-Vu Doll":45,"WristBlade":17,"Mummified Hand":40,"Bronze Scales":29,"Bird Faced Urn":38,"Coffee Dripper":34,"Membership Card":14,"Ring of the Snake":0},{"Gremlin Horn":4,"Singing Bowl":6,"Torii":23,"Eternal Feather":26,"Omamori":13,"Letter Opener":14,"Akabeko":16,"Du-Vu Doll":22,"WristBlade":8,"Mummified Hand":21,"Bronze Scales":15,"Bird Faced Urn":20,"Coffee Dripper":17,"Membership Card":7,"Ring of the Snake":0},{"Gremlin Horn":12,"Singing Bowl":19,"Torii":85,"Eternal Feather":110,"Omamori":47,"Letter Opener":50,"Akabeko":58,"Du-Vu Doll":83,"WristBlade":29,"Mummified Hand":77,"Bronze Scales":53,"Bird Faced Urn":74,"Coffee Dripper":66,"Membership Card":24,"Ring of the Snake":0}],"Ring of the Snake":[54]},"card_choices":[{"not_picked":["Expertise","Choke"],"picked":"Blade Dance","floor":0.0},{"not_picked":["Slice","Backflip"],"picked":"Blade Dance","floor":1.0},{"not_picked":["Flying Knee","Dagger Throw"],"picked":"Backstab","floor":2.0},{"not_picked":["Riddle With Holes","Prepared","Blur"],"picked":"SKIP","floor":4.0},{"not_picked":["Dagger Throw","Flying Knee","Bane"],"picked":"SKIP","floor":7.0},{"not_picked":["Eviscerate","Slice"],"picked":"Terror","floor":10.0},{"not_picked":["Cloak And Dagger","Eviscerate"],"picked":"Doppelganger","floor":11.0},{"not_picked":["Leg Sweep","Choke"],"picked":"Acrobatics","floor":13.0},{"not_picked":["Unload","Bullet Time"],"picked":"Adrenaline","floor":16.0},{"not_picked":["Concentrate","Slice","Underhanded Strike"],"picked":"Singing Bowl","floor":18.0},{"not_picked":["Bane+1","Poisoned Stab","Reflex"],"picked":"Singing Bowl","floor":20.0},{"not_picked":["Cloak And Dagger","Poisoned Stab","Bullet Time"],"picked":"Singing Bowl","floor":21.0},{"not_picked":["Flying Knee","Sucker Punch"],"picked":"Backflip","floor":22.0},{"not_picked":["Distraction","Infinite Blades","Poisoned Stab"],"picked":"Singing Bowl","floor":24.0},{"not_picked":["Underhanded Strike","PiercingWail"],"picked":"Doppelganger","floor":25.0},{"not_picked":["Prepared","Outmaneuver"],"picked":"Blade Dance","floor":28.0},{"not_picked":["PiercingWail","Flechettes+1"],"picked":"Footwork","floor":30},{"not_picked":["Die Die Die","Wraith Form v2"],"picked":"Burst","floor":33},{"not_picked":["Infinite Blades","Flechettes","Dagger Throw"],"picked":"Singing Bowl","floor":35},{"not_picked":["Flying Knee","Dash","Dagger Throw+1"],"picked":"Singing Bowl","floor":36},{"not_picked":["Dagger Spray","Quick Slash"],"picked":"Accuracy","floor":37},{"not_picked":["Blade Dance","Prepared","Expertise"],"picked":"Singing Bowl","floor":40},{"not_picked":["Poisoned Stab","Blade Dance","Outmaneuver"],"picked":"Singing Bowl","floor":42},{"not_picked":["Distraction","Dagger Spray+1","Bane"],"picked":"Singing Bowl","floor":47},{"not_picked":["Bouncing Flask","Corpse Explosion"],"picked":"Well Laid Plans","floor":55}],"player_experience":1735399,"relics_obtained":[{"floor":9.0,"key":"Gremlin Horn"},{"floor":11.0,"key":"Singing Bowl"},{"floor":24.0,"key":"Omamori"},{"floor":26.0,"key":"Letter Opener"},{"floor":30,"key":"Akabeko"},{"floor":40,"key":"Mummified Hand"},{"floor":45,"key":"Du-Vu Doll"},{"floor":55,"key":"Eternal Feather"}],"event_choices":[{"damage_healed":0.0,"max_hp_gain":0.0,"max_hp_loss":0.0,"gold_gain":75.0,"event_name":"World of Goop","player_choice":"Gather Gold","floor":3.0,"gold_loss":0.0,"damage_taken":11.0},{"damage_healed":0.0,"max_hp_gain":0.0,"max_hp_loss":0.0,"gold_gain":0.0,"cards_transformed":["Defend_G"],"event_name":"Living Wall","player_choice":"Change","floor":5.0,"gold_loss":0.0,"damage_taken":0.0,"cards_obtained":["Dash"]},{"damage_healed":0.0,"max_hp_gain":0.0,"max_hp_loss":0.0,"gold_gain":0.0,"event_name":"Wheel of Change","player_choice":"Cursed","floor":12.0,"gold_loss":0.0,"damage_taken":0.0,"cards_obtained":["Decay"]},{"damage_healed":0.0,"max_hp_gain":0.0,"max_hp_loss":0.0,"gold_gain":0.0,"event_name":"Upgrade Shrine","player_choice":"Upgraded","floor":19.0,"gold_loss":0.0,"damage_taken":0.0,"cards_upgraded":["Terror"]},{"damage_healed":0.0,"max_hp_gain":0.0,"max_hp_loss":0.0,"gold_gain":0.0,"event_name":"The Mausoleum","player_choice":"Opened","floor":29.0,"gold_loss":0.0,"damage_taken":0.0,"relics_obtained":["Bronze Scales"],"cards_obtained":["Writhe"]},{"damage_healed":0,"gold_gain":0,"player_choice":"Simplicity","damage_taken":0,"max_hp_gain":0,"max_hp_loss":0,"event_name":"Back to Basics","floor":31,"gold_loss":0,"cards_upgraded":["Strike_G","Strike_G","Strike_G","Strike_G","Strike_G","Defend_G","Defend_G","Defend_G","Defend_G"]},{"damage_healed":0,"gold_gain":0,"player_choice":"Max HP","damage_taken":0,"max_hp_gain":0,"max_hp_loss":4,"event_name":"Winding Halls","floor":39,"gold_loss":0},{"damage_healed":0,"gold_gain":0,"player_choice":"Ignored","damage_taken":0,"max_hp_gain":0,"max_hp_loss":0,"event_name":"Tomb of Lord Red Mask","floor":46,"gold_loss":0}],"is_beta":false,"boss_relics":[{"not_picked":["Black Star","Runic Dome"],"picked":"WristBlade"},{"not_picked":["Sozu","Snecko Eye"],"picked":"Coffee Dripper"}],"items_purged_floors":[14,38,48],"is_endless":false,"potions_floor_spawned":[10,11,16,20,22,25,30,33,35,36,47,55],"killed_by":"The Heart","ascension_level":20,"potion_discard_per_floor":[[],[],[],[],[],[],[],[],[],[],[],[],[],[],[],[],[],[],[],[],[],[],[],[],[],[],[],[],[],[],[],[],[],[],[],["SmokeBomb"],[],[],[],[],[],[],[],[],[],[],[],[],[],[],[],[],[],[],[],[]]}