{"neow_bonuses_skipped_log":["THREE_SMALL_POTIONS","THREE_RARE_CARDS","BOSS_RELIC"],"neow_costs_skipped_log":["NONE","CURSE","NONE"],"potions_obtained_entropic_brew":[[],[],[],[],[],[],[],[],[],[],[],[],[],[],[],[],[],[],[],[],[],[],[],[]],"gold_per_floor":[111,111,126,139,139,139,7,35,35,52,52,70,86,106,106,180,180,190,190,224,243,243,243,243],"floor_reached":24,"playtime":1121,"items_purged":["Strike_G"],"score":396,"play_id":"64d17526-4da9-4747-93c1-0aedab2f07c7","local_time":"20230410221337","score_breakdown":["Floors Climbed (24): 120","Enemies Slain (9): 18","Exordium Elites Killed (1): 10","City Elites Killed (0): 0","Bosses Slain (1): 50","Ascension (20): 198"],"is_ascension_mode":true,"potions_obtained_alchemize":[[],[],[],[],[],[],[],[],[],[],[],[],[],[],[],[],[],[],[],[],[],[],[],[]],"campfire_choices":[{"data":"Choke","floor":6.0,"key":"SMITH"},{"floor":11,"key":"REST"},{"floor":15,"key":"REST"},{"floor":23,"key":"REST"}],"lesson_learned_per_floor":[[],[],[],[],[],[],[],[],[],[],[],[],[],[],[],[],[],[],[],[],[],[],[],[]],"neow_cost":"NONE","improvable_cards":{"RitualDagger":[18]},"seed_source_timestamp":846641889153200,"shop_contents":[{"floor":7,"relics":["Letter Opener","Bottled Tornado","Toolbox"],"cards":["Dagger Spray","Masterful Stab","Setup","Infinite Blades","Panacea","Magnetism"],"potions":["Explosive Potion","Poison Potion","Dexterity Potion"]}],"circlet_count":0,"master_deck":["AscendersBane","Strike_G","Strike_G","Strike_G","Defend_G","Defend_G","Defend_G","Defend_G","Defend_G","Survivor","Neutralize","A Thousand Cuts+1","Choke+1","Slice","Caltrops","Prepared","Leg Sweep","Blade Dance","Calculated Gamble","Noxious Fumes","After Image","Well Laid Plans+1","RitualDagger","Tactician+1","Prepared"],"special_seed":0,"potion_use_per_floor":[[],[],[],[],[],[],[],[],[],[],[],[],[],[],[],["PowerPotion"],[],["Block Potion","SkillPotion"],[],[],[],[],[],[]],"relics":["Ring of the Snake","Omamori","Ancient Tea Set","Mummified Hand","HoveringKite","Red Mask"],"potions_floor_usage":[16,18,18],"damage_taken":[{"damage":0.0,"enemies":"2 Louse","floor":1.0,"turns":4.0},{"damage":9.0,"enemies":"Small Slimes","floor":3.0,"turns":4.0},{"damage":6.0,"enemies":"Cultist","floor":4.0,"turns":5.0},{"damage":29,"enemies":"3 Sentries","floor":8,"turns":7},{"damage":0,"enemies":"3 Louse","floor":10,"turns":4},{"damage":7,"enemies":"Large Slime","floor":12,"turns":5},{"damage":0,"enemies":"Looter","floor":13,"turns":3},{"damage":5,"enemies":"Gremlin Gang","floor":14,"turns":3},{"damage":3,"enemies":"The Guardian","floor":16,"turns":10},{"damage":11,"enemies":"Chosen","floor":18,"turns":6},{"damage":12,"enemies":"Masked Bandits","floor":20,"turns":3},{"damage":12,"enemies":"Shell Parasite","floor":21,"turns":6},{"damage":35,"enemies":"Cultist and Chosen","floor":24,"turns":3}],"seed_played":"5857942165030544140","neow_bonus_log":{"cardsObtained":["A Thousand Cuts"],"cardsUpgraded":[],"cardsRemoved":[],"cardsTransformed":["Strike_G"],"relicsObtained":[],"maxHpGained":0,"goldGained":0,"damageTaken":0,"goldLost":0,"maxHpLost":0},"potions_obtained":[{"floor":1.0,"key":"PowerPotion"},{"floor":8,"key":"Block Potion"},{"floor":16,"key":"SkillPotion"},{"floor":18,"key":"Weak Potion"},{"floor":20,"key":"DuplicationPotion"}],"is_trial":false,"path_per_floor":["M","?","M","M","?","R","$","E","T","M","R","M","M","M","R","B",null,"M","?","?","M","?","R","M"],"character_chosen":"THE_SILENT","basemod:card_modifiers":[null,null,null,null,null,null,null,null,null,null,null,null,null,null,null,null,null,null,null,null,null,null,null,null,null],"items_purchased":["Prepared"],"campfire_rested":3,"item_purchase_floors":[7],"current_hp_per_floor":[59,48,39,33,33,33,33,4,4,4,23,16,16,11,30,27,56,45,39,27,15,15,34,0],"gold":243,"neow_bonus":"TRANSFORM_CARD","is_prod":false,"is_daily":false,"rewards_skipped":[],"chose_seed":false,"campfire_upgraded":1,"win_rate":0,"floor_exit_playtime":[75,79,137,211,221,253,268,373,376,452,459,512,572,644,651,774,800,889,903,966,1059,1063,1067],"timestamp":1681179217,"path_taken":["M","?","M","M","?","R","$","E","T","M","R","M","M","M","R","BOSS","M","?","?","M","?","R","M"],"build_version":"2022-12-18","purchased_purges":1,"victory":false,"max_hp_per_floor":[66,66,66,66,66,66,66,66,66,66,66,66,66,66,66,66,66,66,66,66,66,66,66,66],"relic_stats":{"counters":[13,63],"Mummified Hand":[28],"HoveringKite":[9],"Omamori":0,"Ancient Tea Set":[6],"obtain_stats":[{"Mummified Hand":9,"HoveringKite":17,"Omamori":2,"Red Mask":20,"Ancient Tea Set":8,"Ring of the Snake":0},{"Mummified Hand":4,"HoveringKite":9,"Omamori":1,"Red Mask":11,"Ancient Tea Set":4,"Ring of the Snake":0},{"Mummified Hand":20,"HoveringKite":45,"Omamori":4,"Red Mask":54,"Ancient Tea Set":20,"Ring of the Snake":0}],"Ring of the Snake":[26]},"card_choices":[{"not_picked":["Dodge and Roll","Outmaneuver"],"picked":"Choke","floor":1.0},{"not_picked":["Poisoned Stab","Cloak And Dagger"],"picked":"Slice","floor":3.0},{"not_picked":["Backflip","Tactician"],"picked":"Caltrops","floor":4.0},{"not_picked":["Tools of the Trade","Deadly Poison"],"picked":"Leg Sweep","floor":8},{"not_picked":["Flying Knee","Dagger Spray","Choke"],"picked":"SKIP","floor":10},{"not_picked":["Skewer","Cloak And Dagger"],"picked":"Blade Dance","floor":12},{"not_picked":["Poisoned Stab","Deflect"],"picked":"Calculated Gamble","floor":13},{"not_picked":["Skewer","Acrobatics"],"picked":"Noxious Fumes","floor":14},{"not_picked":["A Thousand Cuts","Glass Knife"],"picked":"After Image","floor":16},{"not_picked":["Heel Hook","Prepared"],"picked":"Well Laid Plans+1","floor":18},{"not_picked":["Cloak And Dagger","Footwork"],"picked":"Tactician+1","floor":20},{"not_picked":["Dagger Throw","Dagger Spray"],"picked":"Prepared","floor":21}],"player_experience":1683113,"relics_obtained":[{"floor":8,"key":"Ancient Tea Set"},{"floor":9,"key":"Mummified Hand"},{"floor":20,"key":"Red Mask"}],"event_choices":[{"damage_healed":0.0,"max_hp_gain":0.0,"max_hp_loss":0.0,"gold_gain":0.0,"event_name":"Scrap Ooze","player_choice":"Success","floor":2.0,"gold_loss":0.0,"damage_taken":11.0,"relics_obtained":["Omamori"]},{"damage_healed":0.0,"max_hp_gain":0.0,"max_hp_loss":0.0,"gold_gain":0.0,"event_name":"Living Wall","player_choice":"Grow","floor":5.0,"gold_loss":0.0,"damage_taken":0.0,"cards_upgraded":["A Thousand Cuts"]},{"damage_healed":0,"gold_gain":0,"player_choice":"Joined the Cult","damage_taken":6,"max_hp_gain":0,"max_hp_loss":0,"event_name":"Nest","floor":19,"gold_loss":0,"cards_obtained":["RitualDagger"]},{"damage_healed":0,"gold_gain":0,"player_choice":"Fought Bandits","damage_taken":0,"max_hp_gain":0,"max_hp_loss":0,"event_name":"Masked Bandits","floor":20,"gold_loss":0},{"damage_healed":0,"gold_gain":0,"player_choice":"Ignored","damage_taken":0,"max_hp_gain":0,"max_hp_loss":0,"event_name":"The Mausoleum","floor":22,"gold_loss":0}],"is_beta":false,"boss_relics":[{"not_picked":["SlaversCollar","Fusion Hammer"],"picked":"HoveringKite"}],"items_purged_floors":[7],"is_endless":false,"potions_floor_spawned":[1,8,16,18,20],"killed_by":"Cultist and Chosen","ascension_level":20,"potion_discard_per_floor":[[],[],[],[],[],[],[],[],[],[],[],[],[],[],[],[],[],[],[],[],[],[],[],[]]}