{"neow_bonuses_skipped_log":["TEN_PERCENT_HP_BONUS","THREE_RARE_CARDS","BOSS_RELIC"],"potions_obtained_entropic_brew":[[],[],[],[],[],[],[],[],[],[],[],[],[],[],[],[],[],[],[],[],[],[],[],[],[],[],[],[],[],[],[],[],[],[],[],[],[],[],[],[],[],[],[],[],[],[],[],[],[],[],[],[],[],[],[],[]],"neow_costs_skipped_log":["NONE","CURSE","NONE"],"gold_per_floor":[117,117,117,132,147,147,178,190,257,269,291,318,330,375,387,478,490,518,445,469,481,543,555,600,612,678,723,735,757,769,796,808,894,906,933,471,361,379,379,379,413,424,449,465,445,445,460,246,246,246,246,246,246,15,42,42],"floor_reached":56,"playtime":3143,"items_purged":["Strike_G+1","Flechettes"],"score":1921,"play_id":"81f5bc32-e99f-4931-905c-775f97c34d87","local_time":"20230413111729","score_breakdown":["Floors Climbed (56): 280","Enemies Slain (14): 28","Exordium Elites Killed (2): 20","City Elites Killed (2): 40","Beyond Elites Killed (1): 30","Bosses Slain (4): 500","Money Money (1177): 25","Mystery Machine (15): 25","Well Fed: 25","Overkill: 25","Ascension (20): 923"],"is_ascension_mode":true,"potions_obtained_alchemize":[[],[],[],[],[],[],[],[],[],[],[],[],[],[],[],[],[],[],[],[],[],[],[],[],[],[],[],[],[],[],[],[],[],[],[],[],[],[],[],[],[],[],[],[],[],[],[],[],[],["SkillPotion"],["Regen Potion"],[],[],[],["Weak Potion"],["Poison Potion"]],"campfire_choices":[{"data":"Dash","floor":6,"key":"SMITH"},{"data":"Caltrops","floor":8,"key":"SMITH"},{"data":"Storm of Steel","floor":15,"key":"SMITH"},{"data":"Acrobatics","floor":23,"key":"SMITH"},{"data":"Acrobatics","floor":25,"key":"SMITH"},{"data":"Calculated Gamble","floor":32,"key":"SMITH"},{"data":"Wraith Form v2","floor":40,"key":"SMITH"},{"data":"Calculated Gamble","floor":46,"key":"SMITH"},{"floor":49,"key":"RECALL"},{"data":"Well Laid Plans","floor":53,"key":"SMITH"}],"lesson_learned_per_floor":[[],[],[],[],[],[],[],[],[],[],[],[],[],[],[],[],[],[],[],[],[],[],[],[],[],[],[],[],[],[],[],[],[],[],[],[],[],[],[],[],[],[],[],[],[],[],[],[],[],[],[],[],[],[],[],[]],"neow_cost":"NONE","improvable_cards":{},"seed_source_timestamp":111114251625300,"shop_contents":[{"floor":36,"relics":["The Specimen"],"cards":["Poisoned Stab","Slice","Dodge and Roll","Swift Strike","Secret Technique"],"potions":["EssenceOfSteel","Swift Potion"]},{"floor":48,"relics":["Darkstone Periapt"],"cards":["Sucker Punch","Poisoned Stab","PiercingWail","Dodge and Roll","Infinite Blades","Panacea","Mayhem"],"potions":["SpeedPotion","FearPotion","Fruit Juice"]},{"floor":54,"relics":["Blue Candle","Strange Spoon"],"cards":["Underhanded Strike","Finisher","Deflect","Crippling Poison","Impatience","Panache"],"potions":["Fire Potion","Weak Potion"]}],"circlet_count":0,"master_deck":["AscendersBane","Defend_G+1","Defend_G+1","Defend_G+1","Defend_G+1","Survivor","Neutralize","Poisoned Stab","Dagger Throw","Dash+1","Caltrops+1","Blade Dance","Storm of Steel+1","Acrobatics+1","Grand Finale+1","Noxious Fumes","Acrobatics+1","Calculated Gamble+1","Backflip","Die Die Die","Tactician","Prepared","Wraith Form v2+1","Calculated Gamble+1","Well Laid Plans+1","Tactician","Deflect+1","Venomology","Footwork","Backflip+1"],"special_seed":0,"potion_use_per_floor":[[],[],[],[],[],[],[],[],[],[],[],["Block Potion"],[],[],[],["Energy Potion"],[],[],[],["Explosive Potion"],[],[],[],["FearPotion"],[],[],[],[],[],[],[],[],["AttackPotion"],[],[],[],[],[],[],[],[],[],[],[],[],[],[],[],[],["Swift Potion"],["Energy Potion","Regen Potion","SkillPotion"],[],[],[],["GamblersBrew"],["Weak Potion","Poison Potion"]],"relics":["Ring of the Snake","MawBank","Mango","Tingsha","HoveringKite","Lantern","Du-Vu Doll","Pen Nib","Eternal Feather","SlaversCollar","Membership Card","Prayer Wheel","StoneCalendar","Strawberry","Orrery","Art of War","Pantograph","Akabeko"],"potions_floor_usage":[12,16,20,24,33,50,51,51,51,55,56,56],"damage_taken":[{"damage":0.0,"enemies":"2 Louse","floor":1.0,"turns":3.0},{"damage":2.0,"enemies":"Jaw Worm","floor":4.0,"turns":4.0},{"damage":0,"enemies":"Small Slimes","floor":5,"turns":2},{"damage":18,"enemies":"Gremlin Nob","floor":7,"turns":4},{"damage":8,"enemies":"Exordium Wildlife","floor":11,"turns":7},{"damage":0,"enemies":"Looter","floor":12,"turns":3},{"damage":23,"enemies":"Lagavulin","floor":14,"turns":8},{"damage":14,"enemies":"Hexaghost","floor":16,"turns":9},{"damage":6,"enemies":"Spheric Guardian","floor":18,"turns":3},{"damage":7,"enemies":"2 Thieves","floor":20,"turns":3},{"damage":7,"enemies":"Slavers","floor":24,"turns":6},{"damage":15,"enemies":"Book of Stabbing","floor":27,"turns":4},{"damage":0,"enemies":"Colosseum Slavers","floor":28,"turns":3},{"damage":0,"enemies":"Centurion and Healer","floor":29,"turns":6},{"damage":8,"enemies":"Shelled Parasite and Fungi","floor":31,"turns":3},{"damage":33,"enemies":"Collector","floor":33,"turns":7},{"damage":0,"enemies":"3 Shapes","floor":35,"turns":3},{"damage":0,"enemies":"Orb Walker","floor":38,"turns":2},{"damage":1,"enemies":"Giant Head","floor":41,"turns":6},{"damage":2,"enemies":"Jaw Worm Horde","floor":42,"turns":4},{"damage":21,"enemies":"Spire Growth","floor":44,"turns":5},{"damage":11,"enemies":"4 Shapes","floor":47,"turns":7},{"damage":40,"enemies":"Awakened One","floor":50,"turns":10},{"damage":24,"enemies":"Donu and Deca","floor":51,"turns":7},{"damage":71,"enemies":"Shield and Spear","floor":55,"turns":8},{"damage":76,"enemies":"The Heart","floor":56,"turns":3}],"green_key_taken_log":24,"seed_played":"-1198524951532987760","neow_bonus_log":{"cardsObtained":[],"cardsUpgraded":[],"cardsRemoved":["Defend_G"],"cardsTransformed":[],"relicsObtained":[],"maxHpGained":0,"goldGained":0,"damageTaken":0,"goldLost":0,"maxHpLost":0},"potions_obtained":[{"floor":1.0,"key":"SpeedPotion"},{"floor":5,"key":"FairyPotion"},{"floor":11,"key":"Block Potion"},{"floor":12,"key":"Energy Potion"},{"floor":16,"key":"Explosive Potion"},{"floor":18,"key":"FearPotion"},{"floor":29,"key":"AttackPotion"},{"floor":33,"key":"Strength Potion"},{"floor":38,"key":"Explosive Potion"},{"floor":45,"key":"Energy Potion"}],"is_trial":false,"path_per_floor":["M","?","?","M","M","R","E","R","T","?","M","M","T","E","R","B",null,"M","?","M","?","?","R","E","R","T","E","?","M","?","M","R","B",null,"M","$","?","M","?","R","E","M","T","M","?","R","M","$","R","B","B",null,"R","$","E","B"],"character_chosen":"THE_SILENT","basemod:card_modifiers":[null,null,null,null,null,null,null,null,null,null,null,null,null,null,null,null,null,null,null,null,null,null,null,null,null,null,null,null,null,null],"items_purchased":["Membership Card","Calculated Gamble","Well Laid Plans","Prayer Wheel","Swift Potion","Orrery","Art of War","Footwork","Pantograph","GamblersBrew"],"campfire_rested":0,"item_purchase_floors":[36,36,36,36,36,48,48,54,54,54],"current_hp_per_floor":[59,52,57,55,55,55,37,37,37,37,29,29,43,20,20,6,65,59,59,52,52,52,52,45,45,45,30,30,30,30,22,34,1,64,64,64,64,64,64,79,78,76,83,62,62,77,66,66,81,41,32,77,92,92,21,0],"gold":42,"neow_bonus":"REMOVE_CARD","is_prod":false,"is_daily":false,"rewards_skipped":[{"floor":41,"relics":[],"potions":["SpeedPotion"]},{"floor":47,"relics":[],"potions":["SkillPotion"]}],"chose_seed":false,"campfire_upgraded":9,"win_rate":0,"floor_exit_playtime":[38,44,47,84,104,110,155,167,172,176,251,286,288,374,385,516,535,588,591,634,639,648,658,785,797,799,879,954,1045,1056,1138,1147,1305,1324,1383,1400,1408,1475,1481,1509,1681,1810,1813,1989,1997,2015,2144,2191,2195,2540,2777,2849,2860,2875,3078],"timestamp":1681399049,"blue_key_relic_skipped_log":{"floor":9,"relicID":"Boot"},"path_taken":["M","?","?","M","M","R","E","R","T","?","M","M","?","E","R","BOSS","M","?","M","?","?","R","E","R","T","E","?","?","?","M","R","BOSS","M","$","?","?","?","R","E","M","T","M","?","R","?","$","R","BOSS","BOSS","R","$","E","BOSS"],"build_version":"2022-12-18","purchased_purges":2,"victory":false,"max_hp_per_floor":[66,66,71,71,71,71,71,71,71,71,71,71,85,85,85,85,85,85,85,85,85,85,85,85,85,85,85,85,85,85,85,85,85,85,85,85,85,85,85,85,85,85,92,92,92,92,92,92,92,92,92,92,92,92,92,92],"relic_stats":{"counters":[26,130],"HoveringKite":[75],"Tingsha":[1302],"Eternal Feather":72,"StoneCalendar":[68],"Pen Nib":[21],"MawBank":348,"Pantograph":25,"Prayer Wheel":4,"Art of War":[3],"Membership Card":748,"obtain_stats":[{"Lantern":19,"HoveringKite":17,"Mango":13,"Tingsha":14,"Eternal Feather":27,"StoneCalendar":41,"Pen Nib":26,"MawBank":7,"Akabeko":55,"Du-Vu Doll":24,"SlaversCollar":34,"Strawberry":43,"Pantograph":54,"Orrery":48,"Prayer Wheel":36,"Art of War":48,"Membership Card":36,"Ring of the Snake":0},{"Lantern":9,"HoveringKite":8,"Mango":6,"Tingsha":7,"Eternal Feather":12,"StoneCalendar":19,"Pen Nib":11,"MawBank":4,"Akabeko":25,"Du-Vu Doll":11,"SlaversCollar":16,"Strawberry":20,"Pantograph":24,"Orrery":22,"Prayer Wheel":17,"Art of War":22,"Membership Card":17,"Ring of the Snake":0},{"Lantern":43,"HoveringKite":40,"Mango":23,"Tingsha":31,"Eternal Feather":56,"StoneCalendar":86,"Pen Nib":52,"MawBank":13,"Akabeko":127,"Du-Vu Doll":52,"SlaversCollar":75,"Strawberry":90,"Pantograph":119,"Orrery":102,"Prayer Wheel":78,"Art of War":102,"Membership Card":78,"Ring of the Snake":0}],"Ring of the Snake":[52]},"card_choices":[{"not_picked":["Choke","Heel Hook"],"picked":"Poisoned Stab","floor":1.0},{"not_picked":["Caltrops","Backflip"],"picked":"Dagger Throw","floor":4.0},{"not_picked":["Blade Dance","All Out Attack"],"picked":"Dash","floor":5},{"not_picked":["Bouncing Flask","Distraction"],"picked":"Caltrops","floor":7},{"not_picked":["Deflect","Flying Knee"],"picked":"Blade Dance","floor":11},{"not_picked":["Slice","Underhanded Strike"],"picked":"Storm of Steel","floor":12},{"not_picked":["Catalyst","Dodge and Roll"],"picked":"Acrobatics","floor":14},{"not_picked":["Burst","Glass Knife"],"picked":"Grand Finale","floor":16},{"not_picked":["Bane","Dagger Spray"],"picked":"Noxious Fumes","floor":18},{"not_picked":["Poisoned Stab","Finisher"],"picked":"Acrobatics","floor":20},{"not_picked":["Envenom","Slice","PiercingWail"],"picked":"SKIP","floor":24},{"not_picked":["Expertise+1","Predator"],"picked":"Calculated Gamble","floor":27},{"not_picked":["Outmaneuver","Blade Dance"],"picked":"Backflip","floor":29},{"not_picked":["Bane","Flying Knee"],"picked":"Prepared","floor":31},{"not_picked":["Bullet Time","A Thousand Cuts"],"picked":"Wraith Form v2","floor":33},{"not_picked":["Dagger Spray+1","Bane+1","Choke"],"picked":"SKIP","floor":35},{"not_picked":["Dodge and Roll","Leg Sweep"],"picked":"Flechettes","floor":38},{"not_picked":["Quick Slash","Prepared","Corpse Explosion"],"picked":"SKIP","floor":38},{"not_picked":["Poisoned Stab","Prepared","Quick Slash+1"],"picked":"SKIP","floor":41},{"not_picked":["Choke","Dodge and Roll+1"],"picked":"Tactician","floor":42},{"not_picked":["Eviscerate+1","Blur+1","PiercingWail+1"],"picked":"SKIP","floor":42},{"not_picked":["Blade Dance","Terror"],"picked":"Deflect+1","floor":44},{"not_picked":["Dagger Spray","Poisoned Stab","Slice"],"picked":"SKIP","floor":44},{"not_picked":["Outmaneuver","Cloak And Dagger"],"picked":"Venomology","floor":47},{"not_picked":["Concentrate","Backflip","Cloak And Dagger+1"],"picked":"SKIP","floor":47},{"not_picked":["Backstab","Underhanded Strike","Dodge and Roll"],"picked":"SKIP","floor":48},{"not_picked":["Quick Slash","Dagger Spray","Slice"],"picked":"SKIP","floor":48},{"not_picked":["Masterful Stab","Backstab","Prepared"],"picked":"SKIP","floor":48},{"not_picked":["Deadly Poison+1","Grand Finale","Choke"],"picked":"SKIP","floor":48},{"not_picked":["Choke","Accuracy","Backflip"],"picked":"SKIP","floor":48},{"not_picked":["Heel Hook","Deflect","Backflip+1"],"picked":"SKIP","floor":55},{"not_picked":["Heel Hook","Deflect"],"picked":"Backflip+1","floor":55}],"player_experience":1749289,"relics_obtained":[{"floor":7,"key":"MawBank"},{"floor":13,"key":"Mango"},{"floor":14,"key":"Tingsha"},{"floor":24,"key":"Du-Vu Doll"},{"floor":26,"key":"Pen Nib"},{"floor":27,"key":"Eternal Feather"},{"floor":41,"key":"StoneCalendar"},{"floor":43,"key":"Strawberry"},{"floor":55,"key":"Akabeko"}],"event_choices":[{"cards_removed":["Strike_G"],"damage_healed":0.0,"max_hp_gain":0.0,"max_hp_loss":0.0,"gold_gain":0.0,"event_name":"Golden Wing","player_choice":"Card Removal","floor":2.0,"gold_loss":0.0,"damage_taken":7.0},{"damage_healed":0.0,"max_hp_gain":5.0,"max_hp_loss":0.0,"gold_gain":0.0,"event_name":"Big Fish","player_choice":"Donut","floor":3.0,"gold_loss":0.0,"damage_taken":0.0},{"damage_healed":0,"gold_gain":0,"player_choice":"Ignored","damage_taken":0,"max_hp_gain":0,"max_hp_loss":0,"event_name":"Liars Game","floor":10,"gold_loss":0},{"damage_healed":0,"gold_gain":0,"player_choice":"Obtained Relic","damage_taken":0,"relics_obtained":["Lantern"],"max_hp_gain":0,"max_hp_loss":0,"event_name":"Addict","floor":19,"gold_loss":85},{"damage_healed":0,"gold_gain":0,"player_choice":"Simplicity","damage_taken":0,"max_hp_gain":0,"max_hp_loss":0,"event_name":"Back to Basics","floor":21,"gold_loss":0,"cards_upgraded":["Strike_G","Strike_G","Strike_G","Strike_G","Defend_G","Defend_G","Defend_G","Defend_G"]},{"damage_healed":0,"gold_gain":50,"player_choice":"Stole From Cult","damage_taken":0,"max_hp_gain":0,"max_hp_loss":0,"event_name":"Nest","floor":22,"gold_loss":0},{"damage_healed":0,"gold_gain":0,"player_choice":"Fight","damage_taken":0,"max_hp_gain":0,"max_hp_loss":0,"event_name":"Colosseum","floor":28,"gold_loss":0},{"damage_healed":0,"gold_gain":0,"player_choice":"Fled From Nobs","damage_taken":0,"max_hp_gain":0,"max_hp_loss":0,"event_name":"Colosseum","floor":28,"gold_loss":0},{"damage_healed":0,"gold_gain":0,"cards_transformed":["Strike_G","Strike_G"],"player_choice":"Became Test Subject","damage_taken":0,"max_hp_gain":0,"max_hp_loss":0,"event_name":"Drug Dealer","floor":30,"gold_loss":0,"cards_obtained":["Die Die Die","Tactician"]},{"cards_removed":["Strike_G"],"damage_healed":0,"gold_gain":0,"player_choice":"Upgrade and Remove","damage_taken":0,"max_hp_gain":0,"max_hp_loss":0,"event_name":"Designer","floor":37,"gold_loss":110,"cards_upgraded":["Grand Finale"]},{"damage_healed":0,"gold_gain":0,"player_choice":"Ignored","damage_taken":0,"max_hp_gain":0,"max_hp_loss":0,"event_name":"Tomb of Lord Red Mask","floor":39,"gold_loss":0},{"damage_healed":0,"gold_gain":0,"player_choice":"Bought 1 Potion","damage_taken":0,"max_hp_gain":0,"max_hp_loss":0,"event_name":"The Woman in Blue","floor":45,"gold_loss":0}],"is_beta":false,"boss_relics":[{"not_picked":["WristBlade","Velvet Choker"],"picked":"HoveringKite"},{"not_picked":["Philosopher\u0027s Stone","Black Star"],"picked":"SlaversCollar"}],"items_purged_floors":[36,48],"is_endless":false,"potions_floor_spawned":[1,5,11,12,16,18,29,33,38,41,47],"killed_by":"The Heart","ascension_level":20,"potion_discard_per_floor":[[],[],[],[],[],[],[],[],[],[],["SpeedPotion"],[],[],[],[],[],[],["FairyPotion"],[],[],[],[],[],[],[],[],[],[],[],[],[],[],[],[],[],[],[],["Strength Potion"],[],[],[],[],[],[],["Explosive Potion"],[],[],[],[],[],[],[],[],[],[],[]]}