{"neow_bonuses_skipped_log":["UPGRADE_CARD","RANDOM_COMMON_RELIC","BOSS_RELIC"],"neow_costs_skipped_log":["NONE","NONE","NONE"],"potions_obtained_entropic_brew":[[],[],[],[],[],[],[],[],[],[],[],[],[],[],[],[],[],[],[],[],[],[],[],[],[],[],[],[],[],[],[],[],[],[],[],[],[],[],[],[],[],[],[],[],[],[],[],[],[],[],[]],"gold_per_floor":[364,364,379,85,97,97,132,149,149,184,194,194,194,213,213,291,291,301,216,230,230,230,262,262,288,288,288,303,316,346,4,4,78,78,89,89,99,99,1098,1126,516,516,516,10,10,44,63,98,98,98,98],"floor_reached":51,"playtime":2741,"items_purged":["Defend_G","Strike_G+1","Strike_G+1"],"score":1777,"play_id":"cf0ce11d-c9b6-42be-bb04-d2ed2d3148cc","local_time":"20230412225601","falling_options_log":["Crippling Poison","Footwork"],"score_breakdown":["Floors Climbed (51): 255","Enemies Slain (13): 26","Exordium Elites Killed (2): 20","City Elites Killed (3): 60","Beyond Elites Killed (3): 90","Bosses Slain (3): 300","Money Money (1916): 25","Champion (2): 50","Perfect (1): 50","C-c-c-combo: 25","Ascension (20): 876"],"is_ascension_mode":true,"potions_obtained_alchemize":[[],[],[],[],[],[],[],[],[],[],[],[],[],[],[],[],[],[],[],[],[],[],[],[],[],[],[],[],[],[],[],[],[],[],[],[],[],[],[],[],[],[],[],[],[],[],[],[],[],[],[]],"campfire_choices":[{"data":"Endless Agony","floor":6.0,"key":"SMITH"},{"data":"Calculated Gamble","floor":13.0,"key":"SMITH"},{"data":"Blade Dance","floor":15.0,"key":"SMITH"},{"data":"Tools of the Trade","floor":24.0,"key":"SMITH"},{"data":"Adrenaline","floor":27.0,"key":"SMITH"},{"data":"Neutralize","floor":32.0,"key":"SMITH"},{"data":"Apotheosis","floor":45,"key":"SMITH"},{"floor":49,"key":"RECALL"}],"lesson_learned_per_floor":[[],[],[],[],[],[],[],[],[],[],[],[],[],[],[],[],[],[],[],[],[],[],[],[],[],[],[],[],[],[],[],[],[],[],[],[],[],[],[],[],[],[],[],[],[],[],[],[],[],[],[]],"neow_cost":"TEN_PERCENT_HP_LOSS","improvable_cards":{},"seed_source_timestamp":66999475867400,"shop_contents":[{"floor":4,"relics":["Whetstone","Du-Vu Doll"],"cards":["Bane","Endless Agony","Concentrate","Crippling Poison","Well Laid Plans","Bandage Up","Mayhem"],"potions":["Swift Potion","Weak Potion"]},{"floor":31,"relics":["Girya","Bronze Scales"],"cards":["Endless Agony","Quick Slash","Deadly Poison","Terror","Noxious Fumes","Jack Of All Trades","Thinking Ahead"],"potions":["Weak Potion","AttackPotion"]},{"floor":38,"relics":["Torii","Lizard Tail","Frozen Eye"],"cards":["All Out Attack","Quick Slash","Outmaneuver","Escape Plan","Noxious Fumes","Impatience","HandOfGreed"],"potions":["ColorlessPotion","Regen Potion","Weak Potion"]},{"floor":41,"relics":["MealTicket"],"cards":["All Out Attack","Flechettes","Deflect","Deadly Poison","Infinite Blades","Secret Weapon"],"potions":["Dexterity Potion","Weak Potion"]},{"floor":44,"relics":["Regal Pillow","Juzu Bracelet"],"cards":["Masterful Stab","Skewer","Bullet Time","Finesse"],"potions":["Strength Potion","ColorlessPotion","CunningPotion"]}],"circlet_count":0,"master_deck":["AscendersBane","Strike_G+1","Defend_G+1","Defend_G+1","Defend_G+1","Defend_G+1","Survivor","Neutralize+1","Endless Agony+1","Neutralize","Calculated Gamble+1","Blade Dance+1","Phantasmal Killer+1","Die Die Die","Crippling Poison","Adrenaline+1","Tools of the Trade+1","Terror","A Thousand Cuts","Choke+1","Terror+1","Die Die Die+1","Footwork","Discovery","Well Laid Plans","Acrobatics","Acrobatics","Backflip","Apotheosis+1","Footwork","Backflip","Calculated Gamble","Reflex"],"special_seed":0,"potion_use_per_floor":[[],[],[],[],[],[],["FearPotion"],[],[],["SteroidPotion"],[],[],[],[],[],["Strength Potion"],[],["EssenceOfSteel"],[],[],[],[],["Fire Potion"],[],["ColorlessPotion"],[],[],[],[],[],[],[],["EssenceOfSteel","Swift Potion"],[],[],[],[],[],[],["CunningPotion"],[],[],[],[],[],["AttackPotion"],[],["DistilledChaos"],[],["ColorlessPotion","SpeedPotion"],[]],"relics":["Ring of the Snake","Toolbox","StrikeDummy","Pear","Strawberry","Philosopher\u0027s Stone","Thread and Needle","Omamori","Potion Belt","HornCleat","Unceasing Top","Medical Kit","Astrolabe","White Beast Statue","Happy Flower","Lee\u0027s Waffle","Orrery","Ancient Tea Set","Anchor"],"potions_floor_usage":[33,33,40,46,48,50,50],"damage_taken":[{"damage":6.0,"enemies":"Small Slimes","floor":1.0,"turns":6.0},{"damage":0.0,"enemies":"Cultist","floor":3.0,"turns":3.0},{"damage":1.0,"enemies":"Jaw Worm","floor":5.0,"turns":3.0},{"damage":26.0,"enemies":"Gremlin Nob","floor":7.0,"turns":4.0},{"damage":0.0,"enemies":"3 Louse","floor":8.0,"turns":3.0},{"damage":2.0,"enemies":"3 Sentries","floor":10.0,"turns":5.0},{"damage":0.0,"enemies":"Blue Slaver","floor":11.0,"turns":2.0},{"damage":0.0,"enemies":"2 Fungi Beasts","floor":14.0,"turns":3.0},{"damage":0.0,"enemies":"Slime Boss","floor":16.0,"turns":6.0},{"damage":9.0,"enemies":"2 Thieves","floor":18.0,"turns":3.0},{"damage":0.0,"enemies":"3 Byrds","floor":20.0,"turns":4.0},{"damage":6.0,"enemies":"Book of Stabbing","floor":23.0,"turns":4.0},{"damage":12.0,"enemies":"Slavers","floor":25.0,"turns":4.0},{"damage":0.0,"enemies":"3 Cultists","floor":28.0,"turns":3.0},{"damage":0.0,"enemies":"Snecko","floor":29.0,"turns":2.0},{"damage":0.0,"enemies":"Book of Stabbing","floor":30.0,"turns":3.0},{"damage":9,"enemies":"Champ","floor":33,"turns":8},{"damage":0,"enemies":"3 Darklings","floor":35,"turns":3},{"damage":0,"enemies":"3 Shapes","floor":37,"turns":3},{"damage":33,"enemies":"Giant Head","floor":40,"turns":6},{"damage":53,"enemies":"Nemesis","floor":46,"turns":5},{"damage":0,"enemies":"Maw","floor":47,"turns":5},{"damage":0,"enemies":"Reptomancer","floor":48,"turns":5},{"damage":27,"enemies":"Awakened One","floor":50,"turns":10},{"damage":10,"enemies":"Time Eater","floor":51,"turns":3}],"green_key_taken_log":46,"seed_played":"3739464802241705418","neow_bonus_log":{"cardsObtained":[],"cardsUpgraded":[],"cardsRemoved":[],"cardsTransformed":[],"relicsObtained":[],"maxHpGained":0,"goldGained":250,"damageTaken":0,"goldLost":0,"maxHpLost":6},"potions_obtained":[{"floor":3.0,"key":"Weak Potion"},{"floor":7.0,"key":"Strength Potion"},{"floor":8.0,"key":"SteroidPotion"},{"floor":16.0,"key":"EssenceOfSteel"},{"floor":18.0,"key":"Fire Potion"},{"floor":23.0,"key":"ColorlessPotion"},{"floor":30.0,"key":"Swift Potion"},{"floor":35,"key":"CunningPotion"},{"floor":46,"key":"DistilledChaos"},{"floor":47,"key":"ColorlessPotion"},{"floor":48,"key":"SpeedPotion"}],"is_trial":false,"path_per_floor":["M","?","M","$","M","R","E","M","T","E","M","?","R","M","R","B",null,"M","?","M","?","?","E","R","E","T","R","M","M","E","$","R","B",null,"M","?","M","$","?","E","$","?","T","$","R","E","M","E","R","B","B"],"character_chosen":"THE_SILENT","basemod:card_modifiers":[null,null,null,null,null,null,null,null,null,null,null,null,null,null,null,null,null,null,null,null,null,null,null,null,null,null,null,null,null,null,null,null,null],"items_purchased":["Toolbox","FearPotion","Medical Kit","EssenceOfSteel","Discovery","Happy Flower","Lee\u0027s Waffle","AttackPotion","Orrery","Apotheosis","Footwork","Backflip"],"campfire_rested":0,"item_purchase_floors":[4,4,31,31,41,41,41,41,44,44,44,44],"current_hp_per_floor":[53,53,53,53,52,52,26,26,36,41,41,41,41,41,41,41,68,59,59,59,59,59,53,53,41,41,41,41,41,41,41,41,32,66,66,66,66,66,66,33,84,84,84,84,84,31,31,31,31,4,0],"gold":98,"neow_bonus":"TWO_FIFTY_GOLD","is_prod":false,"is_daily":false,"rewards_skipped":[],"chose_seed":false,"campfire_upgraded":7,"win_rate":0,"floor_exit_playtime":[115,136,161,187,218,230,285,330,333,416,452,460,467,504,519,605,637,687,691,797,804,810,885,895,991,998,1012,1066,1111,1177,1202,1213,1394,1428,1502,1521,1574,1585,1595,1717,1783,1793,1797,1827,1835,1928,2045,2170,2252,2651],"timestamp":1681354561,"blue_key_relic_skipped_log":{"floor":43,"relicID":"PreservedInsect"},"path_taken":["M","?","M","$","M","R","E","?","T","E","M","?","R","M","R","BOSS","M","?","M","?","?","E","R","E","T","R","M","?","E","$","R","BOSS","M","?","M","?","?","E","$","?","T","?","R","E","M","E","R","BOSS","BOSS"],"build_version":"2022-12-18","purchased_purges":3,"victory":false,"max_hp_per_floor":[60,60,60,60,60,60,60,60,70,77,77,77,77,77,77,77,77,77,77,77,77,77,77,77,77,77,77,77,77,77,77,77,77,77,77,77,77,77,77,77,84,84,84,84,84,84,84,84,84,84,84],"relic_stats":{"Lee\u0027s Waffle":51,"Happy Flower":[9],"counters":[25,106],"Astrolabe":["Choke","Terror","Die Die Die"],"Omamori":2,"Medical Kit":[2],"Ancient Tea Set":[2],"obtain_stats":[{"Potion Belt":25,"Lee\u0027s Waffle":41,"Pear":9,"Happy Flower":41,"Astrolabe":34,"Thread and Needle":19,"Omamori":23,"Medical Kit":31,"Ancient Tea Set":46,"White Beast Statue":40,"Anchor":48,"HornCleat":26,"Strawberry":10,"Toolbox":4,"Orrery":44,"Philosopher\u0027s Stone":17,"StrikeDummy":7,"Unceasing Top":30,"Ring of the Snake":0},{"Potion Belt":13,"Lee\u0027s Waffle":20,"Pear":5,"Happy Flower":20,"Astrolabe":17,"Thread and Needle":10,"Omamori":12,"Medical Kit":16,"Ancient Tea Set":21,"White Beast Statue":20,"Anchor":23,"HornCleat":13,"Strawberry":6,"Toolbox":2,"Orrery":20,"Philosopher\u0027s Stone":9,"StrikeDummy":4,"Unceasing Top":16,"Ring of the Snake":0},{"Potion Belt":50,"Lee\u0027s Waffle":78,"Pear":19,"Happy Flower":78,"Astrolabe":66,"Thread and Needle":38,"Omamori":46,"Medical Kit":58,"Ancient Tea Set":83,"White Beast Statue":78,"Anchor":93,"HornCleat":50,"Strawberry":24,"Toolbox":9,"Orrery":78,"Philosopher\u0027s Stone":35,"StrikeDummy":16,"Unceasing Top":58,"Ring of the Snake":0}],"Unceasing Top":[11],"White Beast Statue":[0.0,0.0,0.06000000000000001,0.0,0.44000000000000006,0.0,0.44000000000000006,0.0,0.06000000000000001,0.0,0.0,1.5],"Ring of the Snake":[55]},"card_choices":[{"not_picked":["Quick Slash","Riddle With Holes"],"picked":"Endless Agony","floor":1.0},{"not_picked":["PiercingWail","Finisher"],"picked":"Calculated Gamble","floor":3.0},{"not_picked":["Blur","Dodge and Roll","Concentrate"],"picked":"SKIP","floor":5.0},{"not_picked":["PiercingWail","Cloak And Dagger"],"picked":"Endless Agony","floor":7.0},{"not_picked":["Deflect","Acrobatics"],"picked":"Blade Dance","floor":8.0},{"not_picked":["Acrobatics","Catalyst"],"picked":"Underhanded Strike","floor":10.0},{"not_picked":["Flying Knee","Deflect"],"picked":"Phantasmal Killer","floor":11.0},{"not_picked":["Outmaneuver","Poisoned Stab","Sucker Punch"],"picked":"SKIP","floor":14.0},{"not_picked":["Unload","Grand Finale"],"picked":"Die Die Die","floor":16.0},{"not_picked":["Dagger Spray","Cloak And Dagger"],"picked":"Crippling Poison","floor":18.0},{"not_picked":["Endless Agony","Flying Knee","Dagger Throw"],"picked":"SKIP","floor":20.0},{"not_picked":["Deflect","Bouncing Flask","Heel Hook","Quick Slash","Masterful Stab","Catalyst","Slice","Expertise","Blade Dance","Bane","Skewer","Setup","Sucker Punch","Underhanded Strike","Dagger Throw","Dash","Prepared","Crippling Poison","Outmaneuver"],"picked":"Adrenaline","floor":22.0},{"not_picked":["Finisher","Setup+1"],"picked":"Tools of the Trade","floor":23.0},{"not_picked":["Underhanded Strike","Endless Agony"],"picked":"Terror","floor":25.0},{"not_picked":["Dagger Spray","Finisher","Bane"],"picked":"SKIP","floor":28.0},{"not_picked":["Dagger Spray","Dodge and Roll","Slice"],"picked":"SKIP","floor":29.0},{"not_picked":["Cloak And Dagger","Backstab","Prepared"],"picked":"SKIP","floor":30.0},{"not_picked":["Burst","Die Die Die"],"picked":"A Thousand Cuts","floor":33},{"not_picked":["Dodge and Roll","Deadly Poison+1","All Out Attack"],"picked":"SKIP","floor":35},{"not_picked":["Finisher","Outmaneuver","Dagger Throw+1"],"picked":"SKIP","floor":37},{"not_picked":["Underhanded Strike","Catalyst"],"picked":"Footwork","floor":40},{"not_picked":["Deadly Poison","Dagger Spray"],"picked":"Well Laid Plans","floor":44},{"not_picked":["Footwork","Noxious Fumes+1"],"picked":"Acrobatics","floor":44},{"not_picked":["Setup","Accuracy"],"picked":"Acrobatics","floor":44},{"not_picked":["All Out Attack","Grand Finale"],"picked":"Backflip","floor":44},{"not_picked":["Slice","Underhanded Strike","Accuracy"],"picked":"SKIP","floor":44},{"not_picked":["Dagger Spray","Predator","Masterful Stab"],"picked":"SKIP","floor":46},{"not_picked":["Choke","Underhanded Strike"],"picked":"Calculated Gamble","floor":47},{"not_picked":["Distraction+1","Slice"],"picked":"Reflex","floor":48}],"player_experience":1742775,"relics_obtained":[{"floor":7.0,"key":"StrikeDummy"},{"floor":9.0,"key":"Pear"},{"floor":10.0,"key":"Strawberry"},{"floor":23.0,"key":"Omamori"},{"floor":25.0,"key":"Potion Belt"},{"floor":26.0,"key":"HornCleat"},{"floor":30.0,"key":"Unceasing Top"},{"floor":40,"key":"White Beast Statue"},{"floor":46,"key":"Ancient Tea Set"},{"floor":48,"key":"Anchor"}],"event_choices":[{"damage_healed":0.0,"max_hp_gain":0.0,"max_hp_loss":0.0,"gold_gain":0.0,"event_name":"Match and Keep!","player_choice":"1 cards matched","floor":2.0,"gold_loss":0.0,"damage_taken":0.0,"cards_obtained":["Neutralize"]},{"damage_healed":0.0,"max_hp_gain":0.0,"max_hp_loss":0.0,"gold_gain":0.0,"event_name":"Living Wall","player_choice":"Grow","floor":12.0,"gold_loss":0.0,"damage_taken":0.0,"cards_upgraded":["Phantasmal Killer"]},{"damage_healed":0.0,"max_hp_gain":0.0,"max_hp_loss":0.0,"gold_gain":0.0,"event_name":"Addict","player_choice":"Obtained Relic","floor":19.0,"gold_loss":85.0,"damage_taken":0.0,"relics_obtained":["Thread and Needle"]},{"damage_healed":0.0,"max_hp_gain":0.0,"max_hp_loss":0.0,"gold_gain":0.0,"event_name":"Back to Basics","player_choice":"Simplicity","floor":21.0,"gold_loss":0.0,"damage_taken":0.0,"cards_upgraded":["Strike_G","Strike_G","Strike_G","Strike_G","Strike_G","Defend_G","Defend_G","Defend_G","Defend_G"]},{"damage_healed":0.0,"max_hp_gain":0.0,"max_hp_loss":0.0,"gold_gain":0.0,"event_name":"The Library","player_choice":"Read","floor":22.0,"gold_loss":0.0,"damage_taken":0.0,"cards_obtained":["Adrenaline"]},{"damage_healed":0,"gold_gain":0,"player_choice":"0 cards matched","damage_taken":0,"max_hp_gain":0,"max_hp_loss":0,"event_name":"Match and Keep!","floor":36,"gold_loss":0,"cards_obtained":[]},{"damage_healed":0,"gold_gain":999,"player_choice":"Gold","damage_taken":0,"max_hp_gain":0,"max_hp_loss":0,"event_name":"MindBloom","floor":39,"gold_loss":0,"cards_obtained":["Normality","Normality"]},{"cards_removed":["Underhanded Strike"],"damage_healed":0,"gold_gain":0,"player_choice":"Removed Attack","damage_taken":0,"max_hp_gain":0,"max_hp_loss":0,"event_name":"Falling","floor":42,"gold_loss":0}],"is_beta":false,"boss_relics":[{"not_picked":["Fusion Hammer","Velvet Choker"],"picked":"Philosopher\u0027s Stone"},{"not_picked":["Tiny House","Sozu"],"picked":"Astrolabe"}],"items_purged_floors":[4,31,41],"is_endless":false,"potions_floor_spawned":[3,7,8,16,18,23,30,35,46,47,48],"killed_by":"Time Eater","ascension_level":20,"potion_discard_per_floor":[[],[],[],[],[],[],[],["Weak Potion"],[],[],[],[],[],[],[],[],[],[],[],[],[],[],[],[],[],[],[],[],[],[],[],[],[],[],[],[],[],[],[],[],[],[],[],[],[],[],[],[],[],[],[]]}