{"neow_bonuses_skipped_log":["THREE_SMALL_POTIONS","ONE_RARE_RELIC","BOSS_RELIC"],"potions_obtained_entropic_brew":[[],[],[],[],[],[],[],[],[],[],[],[],[],[],[],[],[],[],[],[],[],[],[],[],[],[],[],[],[],[],[],[],[]],"neow_costs_skipped_log":["NONE","CURSE","NONE"],"gold_per_floor":[111,121,121,132,146,146,181,181,181,211,224,224,56,75,75,151,151,170,70,86,86,105,105,133,133,133,133,164,164,191,211,211,211],"floor_reached":33,"playtime":1780,"items_purged":["Strike_G","Strike_G"],"score":630,"play_id":"53f1d6cd-92e3-4881-8a51-cea015468c2f","local_time":"20230418185835","score_breakdown":["Floors Climbed (33): 165","Enemies Slain (10): 20","Exordium Elites Killed (2): 20","City Elites Killed (3): 60","Bosses Slain (1): 50","Ascension (20): 315"],"is_ascension_mode":true,"potions_obtained_alchemize":[[],[],[],[],[],[],[],[],[],[],[],[],[],[],[],[],[],[],[],[],[],[],[],[],[],[],[],[],[],[],[],[],[]],"campfire_choices":[{"data":"Glass Knife","floor":6,"key":"SMITH"},{"data":"Blade Dance","floor":8,"key":"SMITH"},{"data":"Acrobatics","floor":12,"key":"SMITH"},{"data":"Noxious Fumes","floor":15,"key":"SMITH"},{"data":"Acrobatics","floor":23,"key":"SMITH"},{"data":"Prepared","floor":25,"key":"SMITH"},{"data":"Tactician","floor":29,"key":"SMITH"},{"data":"Tools of the Trade","floor":32,"key":"SMITH"}],"lesson_learned_per_floor":[[],[],[],[],[],[],[],[],[],[],[],[],[],[],[],[],[],[],[],[],[],[],[],[],[],[],[],[],[],[],[],[],[]],"neow_cost":"NONE","improvable_cards":{},"seed_source_timestamp":572172828070900,"shop_contents":[{"floor":13,"relics":["Centennial Puzzle","Happy Flower","Chemical X"],"cards":["Sucker Punch","Dagger Spray","Expertise","Flash of Steel","Panache"],"potions":["Swift Potion","Explosive Potion","LiquidBronze"]},{"floor":19,"relics":["Ornamental Fan","MealTicket","Strange Spoon"],"cards":["Dagger Throw","Flechettes","Storm of Steel","PiercingWail","Well Laid Plans","Madness","Apotheosis"],"potions":["FairyPotion","Strength Potion","ColorlessPotion"]}],"circlet_count":0,"master_deck":["AscendersBane","Strike_G","Strike_G","Strike_G","Defend_G","Defend_G","Defend_G","Defend_G","Defend_G","Survivor","Neutralize","After Image","Blade Dance+1","Glass Knife+1","Blade Dance","Acrobatics+1","Tactician+1","Eviscerate","Noxious Fumes+1","Acrobatics+1","Reflex","Malaise","Prepared+1","Tools of the Trade+1","Outmaneuver","Eviscerate"],"potion_use_per_floor":[[],[],[],[],[],[],[],[],[],["LiquidBronze"],[],[],[],[],[],["Swift Potion"],[],[],[],["AttackPotion"],[],[],[],[],[],[],[],["EssenceOfSteel","DuplicationPotion"],[],["FearPotion"],[],[],[]],"relics":["Ring of the Snake","Ginger","Lizard Tail","HoveringKite","Bag of Preparation","Frozen Egg 2","Nloth\u0027s Gift","Blood Vial","Pen Nib"],"potions_floor_usage":[10,16,20,28,28,30],"damage_taken":[{"damage":0,"enemies":"Cultist","floor":1,"turns":4},{"damage":0,"enemies":"2 Louse","floor":2,"turns":3},{"damage":4,"enemies":"Jaw Worm","floor":4,"turns":4},{"damage":5,"enemies":"Large Slime","floor":5,"turns":8},{"damage":12,"enemies":"3 Sentries","floor":7,"turns":8},{"damage":18,"enemies":"Lagavulin","floor":10,"turns":7},{"damage":0,"enemies":"Exordium Thugs","floor":11,"turns":3},{"damage":0,"enemies":"Looter","floor":14,"turns":2},{"damage":22,"enemies":"Slime Boss","floor":16,"turns":9},{"damage":15,"enemies":"Shell Parasite","floor":18,"turns":4},{"damage":3,"enemies":"2 Thieves","floor":20,"turns":3},{"damage":7,"enemies":"Snake Plant","floor":22,"turns":4},{"damage":11,"enemies":"Slavers","floor":24,"turns":5},{"damage":18,"enemies":"Gremlin Leader","floor":28,"turns":6},{"damage":11,"enemies":"Slavers","floor":30,"turns":5},{"damage":4,"enemies":"Cultist and Chosen","floor":31,"turns":6},{"damage":26,"enemies":"Automaton","floor":33,"turns":6}],"seed_played":"1205128809621415326","neow_bonus_log":{"cardsObtained":["After Image"],"cardsUpgraded":[],"cardsRemoved":[],"cardsTransformed":[],"relicsObtained":[],"maxHpGained":0,"goldGained":0,"damageTaken":0,"goldLost":0,"maxHpLost":0},"potions_obtained":[{"floor":4,"key":"LiquidBronze"},{"floor":10,"key":"Swift Potion"},{"floor":16,"key":"AttackPotion"},{"floor":18,"key":"DuplicationPotion"},{"floor":24,"key":"EssenceOfSteel"},{"floor":28,"key":"FearPotion"},{"floor":30,"key":"Weak Potion"}],"is_trial":false,"path_per_floor":["M","M","?","M","M","R","E","R","T","E","M","R","$","M","R","B",null,"M","$","M","?","M","R","E","R","T","?","E","R","E","M","R","B"],"character_chosen":"THE_SILENT","basemod:card_modifiers":[null,null,null,null,null,null,null,null,null,null,null,null,null,null,null,null,null,null,null,null,null,null,null,null,null,null],"items_purchased":["Noxious Fumes","Acrobatics"],"campfire_rested":0,"item_purchase_floors":[13,13],"current_hp_per_floor":[59,59,66,62,57,57,45,45,45,27,27,27,27,27,27,5,51,36,36,33,33,26,26,15,15,15,15,33,33,24,22,22,0],"gold":211,"neow_bonus":"ONE_RANDOM_RARE_CARD","is_prod":false,"is_daily":false,"rewards_skipped":[],"chose_seed":false,"campfire_upgraded":8,"win_rate":0,"floor_exit_playtime":[94,143,152,192,269,276,365,375,378,441,506,512,540,559,568,726,740,824,844,926,931,1032,1042,1144,1157,1162,1166,1343,1358,1468,1577,1619],"timestamp":1681858715,"path_taken":["M","?","?","M","M","R","E","R","T","E","M","R","?","M","R","BOSS","M","?","M","?","M","R","E","R","T","?","E","R","E","M","R","BOSS"],"build_version":"2022-12-18","purchased_purges":2,"victory":false,"max_hp_per_floor":[66,66,66,66,66,66,66,66,66,66,66,66,66,66,66,66,66,66,66,66,66,66,66,66,66,66,66,66,66,66,66,66,66],"relic_stats":{"Blood Vial":6,"Lizard Tail":33,"counters":[17,87],"HoveringKite":[32],"Pen Nib":[5],"Bag of Preparation":[8],"Nloth\u0027s Gift":0,"Ginger":[9],"obtain_stats":[{"Blood Vial":28,"Lizard Tail":10,"Ninja Scroll":7,"HoveringKite":17,"Pen Nib":30,"Bag of Preparation":24,"Nloth\u0027s Gift":27,"Ginger":9,"Frozen Egg 2":26,"Ring of the Snake":0},{"Blood Vial":14,"Lizard Tail":6,"Ninja Scroll":5,"HoveringKite":9,"Pen Nib":15,"Bag of Preparation":13,"Nloth\u0027s Gift":13,"Ginger":5,"Frozen Egg 2":13,"Ring of the Snake":0},{"Blood Vial":70,"Lizard Tail":34,"Ninja Scroll":27,"HoveringKite":48,"Pen Nib":75,"Bag of Preparation":64,"Nloth\u0027s Gift":64,"Ginger":27,"Frozen Egg 2":64,"Ring of the Snake":0}],"Ring of the Snake":[34]},"card_choices":[{"not_picked":["Flying Knee","Expertise"],"picked":"Blade Dance","floor":1},{"not_picked":["Sucker Punch","Concentrate"],"picked":"Endless Agony","floor":2},{"not_picked":["Acrobatics","Calculated Gamble"],"picked":"Glass Knife","floor":4},{"not_picked":["Backflip","Underhanded Strike"],"picked":"Blade Dance","floor":5},{"not_picked":["Distraction","Sucker Punch"],"picked":"Acrobatics","floor":7},{"not_picked":["Skewer","Poisoned Stab"],"picked":"Tactician","floor":10},{"not_picked":["Slice","Blade Dance"],"picked":"Eviscerate","floor":11},{"not_picked":["Sucker Punch","All Out Attack"],"picked":"Reflex","floor":14},{"not_picked":["Glass Knife","Night Terror"],"picked":"Malaise","floor":16},{"not_picked":["Quick Slash","Bane"],"picked":"Prepared","floor":18},{"not_picked":["Bane","Poisoned Stab","Prepared"],"picked":"SKIP","floor":20},{"not_picked":["Underhanded Strike","Cloak And Dagger","Deadly Poison"],"picked":"SKIP","floor":22},{"not_picked":["Bouncing Flask+1","Leg Sweep"],"picked":"Tools of the Trade","floor":24},{"not_picked":["Poisoned Stab","Masterful Stab","Riddle With Holes+1"],"picked":"SKIP","floor":28},{"not_picked":["Quick Slash","Blade Dance"],"picked":"Outmaneuver","floor":30},{"not_picked":["Slice","Poisoned Stab"],"picked":"Eviscerate","floor":31}],"player_experience":1816378,"relics_obtained":[{"floor":7,"key":"Ninja Scroll"},{"floor":9,"key":"Ginger"},{"floor":10,"key":"Lizard Tail"},{"floor":24,"key":"Bag of Preparation"},{"floor":26,"key":"Frozen Egg 2"},{"floor":28,"key":"Blood Vial"},{"floor":30,"key":"Pen Nib"}],"event_choices":[{"cards_removed":["Endless Agony"],"damage_healed":7,"gold_gain":0,"player_choice":"Offered Uncommon","damage_taken":0,"max_hp_gain":0,"max_hp_loss":0,"event_name":"Bonfire Elementals","floor":3,"gold_loss":0},{"damage_healed":0,"gold_gain":0,"player_choice":"Ignored","damage_taken":0,"max_hp_gain":0,"max_hp_loss":0,"event_name":"Vampires","floor":21,"gold_loss":0},{"damage_healed":0,"gold_gain":0,"player_choice":"Traded Relic","damage_taken":0,"relics_obtained":["Nloth\u0027s Gift"],"max_hp_gain":0,"max_hp_loss":0,"event_name":"N\u0027loth","floor":27,"relics_lost":["Ninja Scroll"],"gold_loss":0}],"is_beta":false,"boss_relics":[{"not_picked":["Fusion Hammer","Calling Bell"],"picked":"HoveringKite"}],"items_purged_floors":[13,19],"is_endless":false,"potions_floor_spawned":[4,10,16,18,24,28,30],"killed_by":"Automaton","ascension_level":20,"potion_discard_per_floor":[[],[],[],[],[],[],[],[],[],[],[],[],[],[],[],[],[],[],[],[],[],[],[],[],[],[],[],[],[],[],[],[],[]]}