{"neow_bonuses_skipped_log":["THREE_CARDS","TWO_FIFTY_GOLD","BOSS_RELIC"],"potions_obtained_entropic_brew":[[],[],[],[],[],[],[],[],[],[],[],[],[],[],[],[],[],[],[],[],[],[],[],[]],"neow_costs_skipped_log":["NONE","TEN_PERCENT_HP_LOSS","NONE"],"gold_per_floor":[117,132,132,143,156,156,27,60,60,77,77,106,6,23,23,96,96,107,107,157,32,32,32,32],"floor_reached":24,"playtime":1222,"items_purged":["Defend_G","Strike_G","Strike_G"],"score":458,"play_id":"353f674d-1aa9-46f7-8861-c31c24b598ed","local_time":"20230414231740","score_breakdown":["Floors Climbed (24): 120","Enemies Slain (7): 14","Exordium Elites Killed (2): 20","City Elites Killed (0): 0","Bosses Slain (1): 50","Champion (1): 25","Ascension (20): 229"],"is_ascension_mode":true,"potions_obtained_alchemize":[[],[],[],[],[],[],[],[],[],[],[],[],[],[],[],[],[],[],[],[],[],[],[],[]],"campfire_choices":[{"data":"Quick Slash","floor":6.0,"key":"SMITH"},{"data":"Terror","floor":11.0,"key":"SMITH"},{"data":"Neutralize","floor":15.0,"key":"SMITH"},{"data":"Malaise","floor":23,"key":"SMITH"}],"lesson_learned_per_floor":[[],[],[],[],[],[],[],[],[],[],[],[],[],[],[],[],[],[],[],[],[],[],[],[]],"neow_cost":"NONE","improvable_cards":{},"seed_source_timestamp":242643326352900,"shop_contents":[{"floor":7,"relics":["Incense Burner","Mummified Hand","Lee\u0027s Waffle"],"cards":["Sucker Punch","Flying Knee","Burst","PiercingWail","Infinite Blades","Dark Shackles","Sadistic Nature"],"potions":["LiquidMemories","CunningPotion"]},{"floor":13,"relics":["Whetstone","Bronze Scales","Frozen Eye"],"cards":["Dagger Spray","Bane","Backflip","Leg Sweep","Caltrops","Purity","Mayhem"],"potions":["GamblersBrew","FairyPotion","Block Potion"]},{"floor":21,"relics":["Pen Nib","Bottled Flame","Medical Kit"],"cards":["Poisoned Stab","Dash","Crippling Poison","Deadly Poison","Well Laid Plans","Trip","Secret Technique"],"potions":["Fire Potion","LiquidBronze","DuplicationPotion"]}],"circlet_count":0,"master_deck":["AscendersBane","Strike_G","Strike_G","Strike_G","Defend_G","Defend_G","Defend_G","Defend_G","Survivor","Neutralize+1","Quick Slash+1","Terror+1","Acrobatics","Adrenaline","Heel Hook","Well Laid Plans","Malaise+1","Blade Dance"],"special_seed":0,"potion_use_per_floor":[[],[],[],[],[],[],[],["AttackPotion"],[],[],[],[],[],[],[],[],[],["DistilledChaos"],[],[],[],[],[],["FairyPotion"]],"relics":["Ring of the Snake","Strawberry","WingedGreaves","Kunai","Eternal Feather","Lizard Tail","HoveringKite"],"potions_floor_usage":[],"damage_taken":[{"damage":3.0,"enemies":"Cultist","floor":1.0,"turns":4.0},{"damage":4.0,"enemies":"Jaw Worm","floor":2.0,"turns":4.0},{"damage":7.0,"enemies":"Small Slimes","floor":4.0,"turns":5.0},{"damage":0.0,"enemies":"2 Fungi Beasts","floor":5.0,"turns":5.0},{"damage":27.0,"enemies":"3 Sentries","floor":8.0,"turns":8.0},{"damage":0.0,"enemies":"Exordium Wildlife","floor":10.0,"turns":2.0},{"damage":0.0,"enemies":"Lagavulin","floor":12.0,"turns":7.0},{"damage":1.0,"enemies":"Red Slaver","floor":14.0,"turns":4.0},{"damage":12.0,"enemies":"Hexaghost","floor":16.0,"turns":11.0},{"damage":21.0,"enemies":"3 Byrds","floor":18.0,"turns":8.0},{"damage":102,"enemies":"Slavers","floor":24,"turns":12}],"seed_played":"3415445212369513270","neow_bonus_log":{"cardsObtained":[],"cardsUpgraded":[],"cardsRemoved":[],"cardsTransformed":[],"relicsObtained":["Strawberry"],"maxHpGained":0,"goldGained":0,"damageTaken":0,"goldLost":0,"maxHpLost":0},"potions_obtained":[{"floor":2.0,"key":"DistilledChaos"},{"floor":10.0,"key":"FairyPotion"},{"floor":14.0,"key":"DistilledChaos"}],"is_trial":false,"path_per_floor":["M","M","?","M","M","R","$","E","T","M","R","E","$","M","R","B",null,"M","?","?","$","?","R","E"],"character_chosen":"THE_SILENT","basemod:card_modifiers":[null,null,null,null,null,null,null,null,null,null,null,null,null,null,null,null,null,null],"items_purchased":["AttackPotion"],"campfire_rested":0,"item_purchase_floors":[7],"current_hp_per_floor":[63,59,59,52,52,52,52,25,25,25,34,34,34,33,42,30,62,41,20,20,20,20,29,0],"gold":32,"neow_bonus":"RANDOM_COMMON_RELIC","is_prod":false,"is_daily":false,"rewards_skipped":[],"chose_seed":false,"campfire_upgraded":4,"win_rate":0,"floor_exit_playtime":[57,95,105,148,199,220,240,350,353,393,406,505,515,582,591,776,793,1008,1014,1019,1032,1043,1053],"timestamp":1681528660,"path_taken":["M","?","?","M","?","R","?","E","T","M","R","E","$","M","R","BOSS","M","?","?","$","?","R","E"],"build_version":"2022-12-18","purchased_purges":3,"victory":false,"max_hp_per_floor":[73,73,73,73,73,73,73,73,73,73,73,73,73,73,73,73,73,73,78,78,78,78,78,78],"relic_stats":{"Lizard Tail":39,"counters":[11,70],"HoveringKite":[10],"Eternal Feather":27,"WingedGreaves":1,"Kunai":[22],"obtain_stats":[{"Lizard Tail":12,"Strawberry":0,"HoveringKite":17,"Eternal Feather":9,"WingedGreaves":3,"Kunai":8,"Ring of the Snake":0},{"Lizard Tail":7,"Strawberry":0,"HoveringKite":9,"Eternal Feather":5,"WingedGreaves":2,"Kunai":5,"Ring of the Snake":0},{"Lizard Tail":35,"Strawberry":0,"HoveringKite":50,"Eternal Feather":26,"WingedGreaves":8,"Kunai":26,"Ring of the Snake":0}],"Ring of the Snake":[22]},"card_choices":[{"not_picked":["Flying Knee","Backflip"],"picked":"Quick Slash","floor":1.0},{"not_picked":["Flying Knee","Deadly Poison"],"picked":"Terror","floor":2.0},{"not_picked":["Dodge and Roll","Deadly Poison"],"picked":"Acrobatics","floor":4.0},{"not_picked":["Bane","Endless Agony"],"picked":"Adrenaline","floor":5.0},{"not_picked":["Leg Sweep","Riddle With Holes"],"picked":"Heel Hook","floor":8.0},{"not_picked":["Quick Slash","Predator"],"picked":"Well Laid Plans","floor":10.0},{"not_picked":["Deadly Poison","Sucker Punch","Slice"],"picked":"SKIP","floor":12.0},{"not_picked":["Backflip","Poisoned Stab","Dagger Throw"],"picked":"SKIP","floor":14.0},{"not_picked":["Glass Knife","Die Die Die"],"picked":"Malaise","floor":16.0},{"not_picked":["Reflex","Underhanded Strike"],"picked":"Blade Dance","floor":18.0}],"player_experience":1786445,"relics_obtained":[{"floor":8.0,"key":"Kunai"},{"floor":9.0,"key":"Eternal Feather"},{"floor":12.0,"key":"Lizard Tail"}],"event_choices":[{"damage_healed":0.0,"max_hp_gain":0.0,"max_hp_loss":0.0,"gold_gain":0.0,"event_name":"WeMeetAgain","player_choice":"Gave Potion","floor":3.0,"gold_loss":0.0,"damage_taken":0.0,"relics_obtained":["WingedGreaves"]},{"damage_healed":0.0,"max_hp_gain":5.0,"max_hp_loss":0.0,"gold_gain":0.0,"event_name":"Forgotten Altar","player_choice":"Shed Blood","floor":19.0,"gold_loss":0.0,"damage_taken":26.0},{"damage_healed":0.0,"max_hp_gain":0.0,"max_hp_loss":0.0,"gold_gain":50.0,"event_name":"Nest","player_choice":"Stole From Cult","floor":20.0,"gold_loss":0.0,"damage_taken":0.0},{"damage_healed":0,"gold_gain":0,"player_choice":"Ignored","damage_taken":0,"max_hp_gain":0,"max_hp_loss":0,"event_name":"Cursed Tome","floor":22,"gold_loss":0}],"is_beta":false,"boss_relics":[{"not_picked":["Pandora\u0027s Box","Snecko Eye"],"picked":"HoveringKite"}],"items_purged_floors":[7,13,21],"is_endless":false,"potions_floor_spawned":[2,10,14],"killed_by":"Slavers","ascension_level":20,"potion_discard_per_floor":[[],[],[],[],[],[],[],[],[],[],[],[],[],[],[],[],[],[],[],[],[],[],[],[]]}