{"neow_bonuses_skipped_log":["ONE_RANDOM_RARE_CARD","THREE_RARE_CARDS","BOSS_RELIC"],"neow_costs_skipped_log":["NONE","PERCENT_DAMAGE","NONE"],"potions_obtained_entropic_brew":[[],[],[],[],[],[],[],[],[],[],[],[],[],[],[],[],[],[],[],[],[],[],[],[],[],[],[],[],[],[]],"gold_per_floor":[115,135,20,20,31,31,61,61,61,74,29,41,6,17,17,93,93,111,161,113,126,126,126,11,45,92,92,111,23,23],"floor_reached":30,"playtime":1829,"items_purged":["Defend_G"],"score":600,"play_id":"ea012c45-0041-4a40-86af-09eab55bda6d","local_time":"20230412161640","score_breakdown":["Floors Climbed (30): 150","Enemies Slain (10): 20","Exordium Elites Killed (1): 10","City Elites Killed (1): 20","Bosses Slain (1): 50","Perfect (1): 50","Ascension (20): 300"],"is_ascension_mode":true,"potions_obtained_alchemize":[[],[],[],[],[],[],[],[],[],[],[],[],[],[],[],[],[],[],[],[],[],[],[],[],[],[],[],[],[],[]],"campfire_choices":[{"data":"Noxious Fumes","floor":6.0,"key":"SMITH"},{"floor":15,"key":"REST"},{"data":"Footwork","floor":23,"key":"SMITH"},{"data":"Malaise","floor":27,"key":"SMITH"}],"lesson_learned_per_floor":[[],[],[],[],[],[],[],[],[],[],[],[],[],[],[],[],[],[],[],[],[],[],[],[],[],[],[],[],[],[]],"neow_cost":"NONE","improvable_cards":{},"seed_source_timestamp":43999080131300,"shop_contents":[{"floor":3,"relics":["Akabeko","Omamori","Toolbox"],"cards":["Slice","Underhanded Strike","Outmaneuver","Distraction","Purity","Magnetism"],"potions":["FearPotion","EssenceOfSteel","Block Potion"]},{"floor":24,"relics":["Oddly Smooth Stone","Centennial Puzzle","Lee\u0027s Waffle"],"cards":["Sucker Punch","Bane","Expertise","Jack Of All Trades","Panache"],"potions":["LiquidMemories","Dexterity Potion","BlessingOfTheForge"]},{"floor":29,"relics":["Eternal Feather","Bag of Marbles","Sling"],"cards":["Bane","Backstab","Deadly Poison","Outmaneuver","Finesse","Metamorphosis"],"potions":["SteroidPotion","Energy Potion","SkillPotion"]}],"circlet_count":0,"master_deck":["AscendersBane","Strike_G","Strike_G","Strike_G","Strike_G","Strike_G","Defend_G","Defend_G","Defend_G+1","Defend_G+1","Survivor","Neutralize","Dagger Throw","Bouncing Flask","Noxious Fumes+1","Footwork+1","Sucker Punch","Backflip","Tools of the Trade","Acrobatics","Malaise+1","Backflip","Crippling Poison","Calculated Gamble","Well Laid Plans","Deflect","Calculated Gamble","Parasite","Dodge and Roll","Noxious Fumes"],"special_seed":0,"potion_use_per_floor":[[],[],[],[],[],[],["CunningPotion"],[],[],[],[],[],[],[],[],["DuplicationPotion"],[],[],[],["AttackPotion"],["SneckoOil"],[],[],[],["Block Potion"],[],[],["ColorlessPotion"],[],["PowerPotion","Strength Potion"]],"relics":["Ring of the Snake","Bag of Preparation","White Beast Statue","Dream Catcher","Cursed Key","Darkstone Periapt"],"potions_floor_usage":[16,20,21,25,28,30,30],"damage_taken":[{"damage":1.0,"enemies":"Cultist","floor":1.0,"turns":5.0},{"damage":1.0,"enemies":"Small Slimes","floor":2.0,"turns":4.0},{"damage":0.0,"enemies":"2 Louse","floor":5.0,"turns":3.0},{"damage":23.0,"enemies":"3 Sentries","floor":7.0,"turns":7.0},{"damage":0.0,"enemies":"Blue Slaver","floor":10.0,"turns":5.0},{"damage":9.0,"enemies":"3 Louse","floor":12.0,"turns":6.0},{"damage":7.0,"enemies":"Large Slime","floor":14.0,"turns":8.0},{"damage":0,"enemies":"Hexaghost","floor":16,"turns":8},{"damage":8,"enemies":"Chosen","floor":18,"turns":6},{"damage":12,"enemies":"2 Thieves","floor":20,"turns":5},{"damage":0,"enemies":"Snecko","floor":21,"turns":5},{"damage":1,"enemies":"Book of Stabbing","floor":25,"turns":7},{"damage":7,"enemies":"Centurion and Healer","floor":28,"turns":12},{"damage":16,"enemies":"Colosseum Slavers","floor":30,"turns":7},{"damage":41,"enemies":"Colosseum Nobs","floor":30,"turns":3}],"seed_played":"-6432932174564971672","neow_bonus_log":{"cardsObtained":[],"cardsUpgraded":[],"cardsRemoved":[],"cardsTransformed":[],"relicsObtained":["Bag of Preparation"],"maxHpGained":0,"goldGained":0,"damageTaken":0,"goldLost":0,"maxHpLost":0},"potions_obtained":[{"floor":1.0,"key":"AttackPotion"},{"floor":5.0,"key":"CunningPotion"},{"floor":7.0,"key":"DuplicationPotion"},{"floor":16,"key":"PowerPotion"},{"floor":20,"key":"SneckoOil"},{"floor":21,"key":"Block Potion"},{"floor":25,"key":"ColorlessPotion"},{"floor":28,"key":"Strength Potion"}],"is_trial":false,"path_per_floor":["M","M","$","?","M","R","E","?","T","M","?","M","?","M","R","B",null,"M","?","M","M","?","R","$","E","T","R","M","$","?"],"character_chosen":"THE_SILENT","basemod:card_modifiers":[null,null,null,null,null,null,null,null,null,null,null,null,null,null,null,null,null,null,null,null,null,null,null,null,null,null,null,null,null,null],"items_purchased":["Noxious Fumes","Well Laid Plans","Deflect","Noxious Fumes"],"campfire_rested":1,"item_purchase_floors":[3,24,24,29],"current_hp_per_floor":[58,57,57,37,37,37,14,14,14,14,14,5,21,14,33,33,58,50,50,38,38,38,38,38,37,43,43,36,36,0],"gold":23,"neow_bonus":"RANDOM_COMMON_RELIC","is_prod":false,"is_daily":false,"rewards_skipped":[{"floor":10,"relics":[],"potions":["ColorlessPotion"]},{"floor":12,"relics":[],"potions":["SneckoOil"]},{"floor":14,"relics":[],"potions":["AttackPotion"]},{"floor":18,"relics":[],"potions":["Explosive Potion"]}],"chose_seed":false,"campfire_upgraded":3,"win_rate":0,"floor_exit_playtime":[119,159,177,180,232,250,342,349,352,399,404,481,483,597,605,738,757,857,863,999,1100,1133,1153,1196,1325,1377,1411,1617,1628],"timestamp":1681330600,"blue_key_relic_skipped_log":{"floor":26,"relicID":"Potion Belt"},"path_taken":["M","M","?","?","M","R","E","?","T","M","?","?","?","M","R","BOSS","M","?","M","M","?","R","?","E","T","R","M","$","?"],"build_version":"2022-12-18","purchased_purges":1,"victory":false,"max_hp_per_floor":[66,66,66,66,66,66,66,66,66,66,66,66,66,66,66,66,66,66,66,66,66,66,66,66,66,72,72,72,72,72],"relic_stats":{"Darkstone Periapt":6,"Dream Catcher":1,"counters":[15,91],"Bag of Preparation":[30],"Cursed Key":1,"obtain_stats":[{"Darkstone Periapt":25,"Dream Catcher":9,"Bag of Preparation":0,"Cursed Key":17,"White Beast Statue":7,"Ring of the Snake":0},{"Darkstone Periapt":12,"Dream Catcher":4,"Bag of Preparation":0,"Cursed Key":8,"White Beast Statue":4,"Ring of the Snake":0},{"Darkstone Periapt":69,"Dream Catcher":19,"Bag of Preparation":0,"Cursed Key":46,"White Beast Statue":19,"Ring of the Snake":0}],"White Beast Statue":[0.002640000000000001,0.0,0.11179200000000004,0.0,0.45788800000000024,0.0,0.3700800000000002,0.0,0.05688000000000003,0.0,7.200000000000003E-4,3.2782400000000007],"Ring of the Snake":[30]},"card_choices":[{"not_picked":["Backflip","Outmaneuver"],"picked":"Dagger Throw","floor":1.0},{"not_picked":["PiercingWail","Cloak And Dagger"],"picked":"Bouncing Flask","floor":2.0},{"not_picked":["Cloak And Dagger","Flying Knee"],"picked":"Footwork","floor":5.0},{"not_picked":["Finisher","Distraction"],"picked":"Sucker Punch","floor":7.0},{"not_picked":["Underhanded Strike","Dagger Throw","Outmaneuver"],"picked":"SKIP","floor":10.0},{"not_picked":["Distraction","Dodge and Roll"],"picked":"Backflip","floor":12.0},{"not_picked":["Deflect","Terror"],"picked":"Tools of the Trade","floor":14.0},{"not_picked":["Quick Slash","Slice"],"picked":"Acrobatics","floor":15},{"not_picked":["Doppelganger","A Thousand Cuts"],"picked":"Malaise","floor":16},{"not_picked":["Flying Knee","PiercingWail"],"picked":"Backflip","floor":18},{"not_picked":["Outmaneuver","Deadly Poison","Slice"],"picked":"SKIP","floor":20},{"not_picked":["Eviscerate","Unload"],"picked":"Crippling Poison","floor":21},{"not_picked":["Outmaneuver","Deadly Poison","Crippling Poison","Choke","Dagger Throw","Riddle With Holes","PiercingWail","Flying Knee","Deflect","Cloak And Dagger","Dash","Leg Sweep","Underhanded Strike","Blur","Blade Dance","Predator","Poisoned Stab","Sucker Punch","Slice"],"picked":"Calculated Gamble","floor":22},{"not_picked":["Finisher+1","Bane+1"],"picked":"Calculated Gamble","floor":25},{"not_picked":["Acrobatics","PiercingWail"],"picked":"Dodge and Roll","floor":28}],"player_experience":1726411,"relics_obtained":[{"floor":7.0,"key":"White Beast Statue"},{"floor":9.0,"key":"Dream Catcher"},{"floor":25,"key":"Darkstone Periapt"}],"event_choices":[{"damage_healed":0.0,"max_hp_gain":0.0,"max_hp_loss":0.0,"gold_gain":0.0,"event_name":"Shining Light","player_choice":"Entered Light","floor":4.0,"gold_loss":0.0,"damage_taken":20.0,"cards_upgraded":["Defend_G","Defend_G"]},{"damage_healed":0.0,"max_hp_gain":0.0,"max_hp_loss":0.0,"gold_gain":0.0,"event_name":"Scrap Ooze","player_choice":"Fled","floor":8.0,"gold_loss":0.0,"damage_taken":0.0},{"damage_healed":0.0,"max_hp_gain":0.0,"max_hp_loss":0.0,"gold_gain":0.0,"event_name":"World of Goop","player_choice":"Left Gold","floor":11.0,"gold_loss":45.0,"damage_taken":0.0},{"damage_healed":16.0,"max_hp_gain":0.0,"max_hp_loss":0.0,"gold_gain":0.0,"event_name":"The Cleric","player_choice":"Healed","floor":13.0,"gold_loss":35.0,"damage_taken":0.0},{"damage_healed":0,"gold_gain":50,"player_choice":"Stole From Cult","damage_taken":0,"max_hp_gain":0,"max_hp_loss":0,"event_name":"Nest","floor":19,"gold_loss":0},{"damage_healed":0,"gold_gain":0,"player_choice":"Read","damage_taken":0,"max_hp_gain":0,"max_hp_loss":0,"event_name":"The Library","floor":22,"gold_loss":0,"cards_obtained":["Calculated Gamble"]},{"damage_healed":0,"gold_gain":0,"player_choice":"Fight","damage_taken":0,"max_hp_gain":0,"max_hp_loss":0,"event_name":"Colosseum","floor":30,"gold_loss":0},{"damage_healed":0,"gold_gain":0,"player_choice":"Fought Nobs","damage_taken":0,"max_hp_gain":0,"max_hp_loss":0,"event_name":"Colosseum","floor":30,"gold_loss":0}],"is_beta":false,"boss_relics":[{"not_picked":["Fusion Hammer","Snecko Eye"],"picked":"Cursed Key"}],"items_purged_floors":[3],"is_endless":false,"potions_floor_spawned":[1,5,7,10,12,14,16,18,20,21,25,28,30],"killed_by":"Colosseum Nobs","ascension_level":20,"potion_discard_per_floor":[[],[],[],[],[],[],[],[],[],[],[],[],[],[],[],[],[],[],[],[],[],[],[],[],[],[],[],[],[],[]]}