{"neow_bonuses_skipped_log":["RANDOM_COMMON_RELIC","THREE_RARE_CARDS","BOSS_RELIC"],"neow_costs_skipped_log":["NONE","CURSE","NONE"],"potions_obtained_entropic_brew":[[],[],[],[],[],[],[],[],[],[],[],[],[],["AttackPotion","Poison Potion"],[],[],[],[],[],[],[],[],[],[],[],[],[],[],[],[],[],[],[],[],[],[],[],[],[],[],[],[],[],[],[],[],[],[],[],[],[],[],[],[],[],[],[]],"gold_per_floor":[116,128,128,138,39,68,90,102,140,152,191,203,243,265,277,363,375,404,429,456,228,241,241,241,251,251,251,281,1,28,44,44,121,121,132,132,143,365,412,444,460,476,476,494,494,511,511,511,511,511,511,511,511,36,64,64],"floor_reached":57,"playtime":3688,"items_purged":["Strike_G","Strike_G","Doubt"],"score":2823,"play_id":"019c66ff-68ce-4347-9a76-cbf8efdbc4f2","local_time":"20230410232439","score_breakdown":["Floors Climbed (57): 285","Enemies Slain (17): 34","Exordium Elites Killed (3): 30","City Elites Killed (1): 20","Beyond Elites Killed (1): 30","Bosses Slain (5): 750","Money Money (1059): 25","Champion (2): 50","Perfect (1): 50","Overkill: 25","Ascension (20): 1274","Heartbreaker: 250"],"is_ascension_mode":true,"potions_obtained_alchemize":[[],[],[],[],[],[],[],[],[],[],[],[],[],[],[],[],[],[],[],[],[],[],[],[],[],[],[],[],[],[],[],[],[],[],[],[],[],[],[],[],[],[],[],[],[],[],[],[],[],[],[],[],[],[],[],[],[]],"campfire_choices":[{"data":"Noxious Fumes","floor":8,"key":"SMITH"},{"data":"Catalyst","floor":15,"key":"SMITH"},{"data":"Burst","floor":23,"key":"SMITH"},{"floor":27,"key":"REST"},{"data":"Catalyst","floor":32,"key":"SMITH"},{"floor":45,"key":"REST"},{"floor":47,"key":"REST"},{"floor":49,"key":"RECALL"},{"data":"Wraith Form v2","floor":53,"key":"SMITH"}],"lesson_learned_per_floor":[[],[],[],[],[],[],[],[],[],[],[],[],[],[],[],[],[],[],[],[],[],[],[],[],[],[],[],[],[],[],[],[],[],[],[],[],[],[],[],[],[],[],[],[],[],[],[],[],[],[],[],[],[],[],[],[],[]],"neow_cost":"NONE","improvable_cards":{},"seed_source_timestamp":848346629955200,"shop_contents":[{"floor":5,"relics":["Ginger","Paper Crane","TwistedFunnel"],"cards":["Quick Slash","Terror","Expertise","Trip","Transmutation"],"potions":["Explosive Potion","FairyPotion","SkillPotion"]},{"floor":21,"relics":["Juzu Bracelet","CaptainsWheel"],"cards":["Predator","Skewer","Reflex","Deadly Poison","Well Laid Plans","Good Instincts","Sadistic Nature"],"potions":["ColorlessPotion","Fire Potion","Strength Potion"]},{"floor":29,"relics":["Blood Vial","White Beast Statue","Chemical X"],"cards":["Sucker Punch","Slice","Noxious Fumes","Forethought","Chrysalis"],"potions":["SteroidPotion","SpeedPotion"]},{"floor":54,"relics":["Boot","Ornamental Fan"],"cards":["Heel Hook","Sucker Punch","Catalyst","Concentrate","Accuracy","Dramatic Entrance"],"potions":["Regen Potion","SteroidPotion","Swift Potion"]}],"circlet_count":0,"master_deck":["AscendersBane","Strike_G","Strike_G","Strike_G","Defend_G","Defend_G","Defend_G","Defend_G","Survivor","Neutralize","Burst+1","Catalyst+1","Dash","Slice","Blade Dance","Noxious Fumes+1","Poisoned Stab","Well Laid Plans","Blade Dance","Die Die Die","Adrenaline","Escape Plan+1","Leg Sweep+1","Outmaneuver","Acrobatics","Concentrate","Bouncing Flask","Catalyst+1","Night Terror","Outmaneuver+1","Deflect+1","Dodge and Roll+1","Wraith Form v2+1","Master of Strategy"],"potion_use_per_floor":[[],[],[],[],[],["LiquidMemories"],[],[],[],[],["Weak Potion"],[],["Fire Potion"],["EntropicBrew"],[],["AttackPotion"],[],[],["Poison Potion"],[],[],[],[],[],[],[],[],["Poison Potion","SpeedPotion"],[],[],["Fruit Juice"],[],[],[],["Swift Potion"],[],[],[],["DuplicationPotion"],[],[],[],[],[],[],[],[],[],[],[],[],[],[],[],["Swift Potion"],["DuplicationPotion"],[]],"relics":["Ring of the Snake","MawBank","Bag of Marbles","Bag of Preparation","Happy Flower","Runic Pyramid","Orrery","Mummified Hand","Red Mask","Thread and Needle","Philosopher\u0027s Stone","The Specimen","Centennial Puzzle","ClockworkSouvenir","Pantograph"],"potions_floor_usage":[6,11,13,14,16,19,28,28,31,35,39,55,56],"damage_taken":[{"damage":0,"enemies":"Small Slimes","floor":1,"turns":3},{"damage":8,"enemies":"Cultist","floor":2,"turns":5},{"damage":0,"enemies":"2 Louse","floor":4,"turns":3},{"damage":4,"enemies":"3 Sentries","floor":6,"turns":6},{"damage":10,"enemies":"Large Slime","floor":7,"turns":7},{"damage":13,"enemies":"Lagavulin","floor":11,"turns":8},{"damage":8,"enemies":"Gremlin Nob","floor":13,"turns":3},{"damage":0,"enemies":"Gremlin Gang","floor":14,"turns":5},{"damage":30,"enemies":"Slime Boss","floor":16,"turns":8},{"damage":2,"enemies":"Chosen","floor":18,"turns":3},{"damage":4,"enemies":"Shell Parasite","floor":19,"turns":3},{"damage":13,"enemies":"Centurion and Healer","floor":20,"turns":6},{"damage":5,"enemies":"Chosen and Byrds","floor":22,"turns":5},{"damage":4,"enemies":"Snake Plant","floor":25,"turns":4},{"damage":18,"enemies":"Masked Bandits","floor":28,"turns":4},{"damage":0,"enemies":"Gremlin Leader","floor":30,"turns":4},{"damage":0,"enemies":"Sentry and Sphere","floor":31,"turns":4},{"damage":0,"enemies":"Collector","floor":33,"turns":2},{"damage":3,"enemies":"3 Darklings","floor":35,"turns":6},{"damage":0,"enemies":"3 Shapes","floor":37,"turns":5},{"damage":47,"enemies":"2 Orb Walkers","floor":39,"turns":5},{"damage":0,"enemies":"Giant Head","floor":40,"turns":4},{"damage":0,"enemies":"Jaw Worm Horde","floor":41,"turns":3},{"damage":3,"enemies":"Spire Growth","floor":42,"turns":3},{"damage":0,"enemies":"Sphere and 2 Shapes","floor":44,"turns":3},{"damage":8,"enemies":"Jaw Worm Horde","floor":46,"turns":4},{"damage":13,"enemies":"Time Eater","floor":50,"turns":6},{"damage":23,"enemies":"Donu and Deca","floor":51,"turns":5},{"damage":35,"enemies":"Shield and Spear","floor":55,"turns":5},{"damage":36,"enemies":"The Heart","floor":56,"turns":8}],"green_key_taken_log":40,"seed_played":"5612176477742136954","neow_bonus_log":{"cardsObtained":["Burst"],"cardsUpgraded":[],"cardsRemoved":[],"cardsTransformed":[],"relicsObtained":[],"maxHpGained":0,"goldGained":0,"damageTaken":0,"goldLost":0,"maxHpLost":0},"potions_obtained":[{"floor":1,"key":"LiquidMemories"},{"floor":2,"key":"Weak Potion"},{"floor":11,"key":"EntropicBrew"},{"floor":12,"key":"Fire Potion"},{"floor":16,"key":"Poison Potion"},{"floor":20,"key":"SpeedPotion"},{"floor":30,"key":"Fruit Juice"},{"floor":31,"key":"Swift Potion"},{"floor":33,"key":"DuplicationPotion"},{"floor":35,"key":"LiquidBronze"},{"floor":39,"key":"DuplicationPotion"},{"floor":44,"key":"Swift Potion"}],"is_trial":false,"path_per_floor":["M","M","?","M","$","E","M","R","T","?","E","?","E","M","R","B",null,"M","M","M","$","M","R","?","M","T","R","?","$","E","M","R","B",null,"M","?","M","?","?","E","M","M","T","M","R","M","R","?","R","B","B",null,"R","$","E","B",null],"character_chosen":"THE_SILENT","basemod:card_modifiers":[null,null,null,null,null,null,null,null,null,null,null,null,null,null,null,null,null,null,null,null,null,null,null,null,null,null,null,null,null,null,null,null,null,null],"items_purchased":["Noxious Fumes","Poisoned Stab","Orrery","Concentrate","Bouncing Flask","SkillPotion","Master of Strategy","ClockworkSouvenir"],"campfire_rested":3,"item_purchase_floors":[5,5,21,29,29,29,54,54],"current_hp_per_floor":[59,51,51,51,51,47,37,37,37,59,46,46,38,38,38,8,52,50,46,33,33,28,28,28,24,24,43,25,25,25,30,30,30,61,58,58,58,58,11,11,11,8,8,8,28,20,40,67,67,54,31,58,58,58,23,12],"gold":64,"neow_bonus":"ONE_RANDOM_RARE_CARD","is_prod":false,"is_daily":false,"rewards_skipped":[{"floor":4,"relics":[],"potions":["SneckoOil"]},{"floor":12,"relics":[],"potions":["Poison Potion"]},{"floor":22,"relics":[],"potions":["Dexterity Potion"]},{"floor":42,"relics":[],"potions":["EssenceOfSteel"]}],"chose_seed":false,"campfire_upgraded":5,"win_rate":0,"floor_exit_playtime":[56,94,103,140,155,251,364,372,374,378,503,507,555,653,665,844,881,932,1050,1130,1229,1323,1336,1391,1456,1462,1467,1606,1623,1731,1798,1804,1856,1903,2107,2112,2195,2198,2369,2442,2534,2608,2616,2712,2716,2815,2820,2836,2840,2984,3132,3144,3186,3237,3470,3688],"timestamp":1681183479,"blue_key_relic_skipped_log":{"floor":43,"relicID":"Toxic Egg 2"},"path_taken":["M","M","?","M","?","E","M","R","T","?","E","?","E","M","R","BOSS","M","M","?","$","M","R","?","M","T","R","?","$","E","M","R","BOSS","M","?","M","?","?","E","M","M","T","M","R","M","R","?","R","BOSS","BOSS","R","$","E","BOSS"],"build_version":"2022-12-18","purchased_purges":3,"victory":true,"max_hp_per_floor":[66,66,66,66,66,66,66,66,66,66,66,66,66,66,66,66,66,66,66,66,66,66,66,66,66,66,66,66,66,66,71,71,71,71,71,67,67,67,67,67,67,67,67,67,67,67,67,67,67,67,67,67,67,67,67,67],"relic_stats":{"Centennial Puzzle":[18],"Happy Flower":[35],"The Specimen":[350],"counters":[30,140],"Mummified Hand":[39],"Pantograph":25,"Bag of Preparation":[48],"MawBank":180,"obtain_stats":[{"Happy Flower":13,"The Specimen":39,"Thread and Needle":30,"Bag of Preparation":11,"MawBank":6,"ClockworkSouvenir":54,"Centennial Puzzle":40,"Mummified Hand":26,"Pantograph":55,"Orrery":21,"Philosopher\u0027s Stone":34,"Bag of Marbles":9,"Red Mask":28,"Ring of the Snake":0,"Runic Pyramid":17},{"Happy Flower":7,"The Specimen":21,"Thread and Needle":16,"Bag of Preparation":6,"MawBank":4,"ClockworkSouvenir":28,"Centennial Puzzle":22,"Mummified Hand":14,"Pantograph":29,"Orrery":12,"Philosopher\u0027s Stone":18,"Bag of Marbles":5,"Red Mask":15,"Ring of the Snake":0,"Runic Pyramid":9},{"Happy Flower":35,"The Specimen":99,"Thread and Needle":77,"Bag of Preparation":32,"MawBank":17,"ClockworkSouvenir":127,"Centennial Puzzle":103,"Mummified Hand":69,"Pantograph":132,"Orrery":60,"Philosopher\u0027s Stone":83,"Bag of Marbles":24,"Red Mask":73,"Ring of the Snake":0,"Runic Pyramid":48}],"Ring of the Snake":[60]},"card_choices":[{"not_picked":["Prepared","Setup"],"picked":"Catalyst","floor":1},{"not_picked":["Concentrate","Prepared"],"picked":"Dash","floor":2},{"not_picked":["Dodge and Roll","Underhanded Strike"],"picked":"Blade Dance","floor":4},{"not_picked":["Backstab","Dagger Spray"],"picked":"Well Laid Plans","floor":6},{"not_picked":["Escape Plan","Dagger Spray"],"picked":"Blade Dance","floor":7},{"not_picked":["Sucker Punch","Blur"],"picked":"Die Die Die","floor":11},{"not_picked":["Prepared","Outmaneuver","PiercingWail"],"picked":"SKIP","floor":13},{"not_picked":["Prepared","Poisoned Stab","Heel Hook"],"picked":"SKIP","floor":14},{"not_picked":["Storm of Steel","Bullet Time"],"picked":"Adrenaline","floor":16},{"not_picked":["Cloak And Dagger","Well Laid Plans","Flying Knee"],"picked":"SKIP","floor":18},{"not_picked":["Dagger Throw","Skewer","Dodge and Roll"],"picked":"SKIP","floor":19},{"not_picked":["Quick Slash","Bane","Riddle With Holes"],"picked":"SKIP","floor":20},{"not_picked":["Bane","Poisoned Stab"],"picked":"Escape Plan+1","floor":21},{"not_picked":["Grand Finale","Heel Hook"],"picked":"Leg Sweep+1","floor":21},{"not_picked":["Acrobatics","All Out Attack"],"picked":"Outmaneuver","floor":21},{"not_picked":["Quick Slash","Glass Knife","Flying Knee"],"picked":"SKIP","floor":21},{"not_picked":["Riddle With Holes","Terror","Setup"],"picked":"SKIP","floor":21},{"not_picked":["Leg Sweep","Well Laid Plans","Blur"],"picked":"SKIP","floor":22},{"not_picked":["Terror","Dash","Skewer","Dagger Throw","Quick Slash","Sucker Punch","Eviscerate","Accuracy","Deadly Poison","Poisoned Stab","Outmaneuver","PiercingWail","Dodge and Roll","Masterful Stab","Setup","Flying Knee","Slice","Prepared","Deflect"],"picked":"Acrobatics","floor":24},{"not_picked":["Blade Dance","Dagger Spray","Accuracy"],"picked":"SKIP","floor":25},{"not_picked":["Flying Knee","Cloak And Dagger","Quick Slash"],"picked":"SKIP","floor":28},{"not_picked":["All Out Attack","Outmaneuver","A Thousand Cuts"],"picked":"SKIP","floor":30},{"not_picked":["Distraction","Quick Slash"],"picked":"Catalyst","floor":31},{"not_picked":["Tools of the Trade","A Thousand Cuts"],"picked":"Night Terror","floor":33},{"not_picked":["Bouncing Flask","Tactician","Leg Sweep"],"picked":"SKIP","floor":35},{"not_picked":["Underhanded Strike","Dagger Throw"],"picked":"Outmaneuver+1","floor":37},{"not_picked":["Underhanded Strike","Reflex+1"],"picked":"Deflect+1","floor":39},{"not_picked":["Deadly Poison","Escape Plan","Blade Dance"],"picked":"SKIP","floor":40},{"not_picked":["Dagger Throw","Reflex","Blade Dance"],"picked":"SKIP","floor":41},{"not_picked":["Poisoned Stab","Outmaneuver+1"],"picked":"Dodge and Roll+1","floor":42},{"not_picked":["Deadly Poison","Cloak And Dagger","Deflect"],"picked":"SKIP","floor":44},{"not_picked":["Deadly Poison","Cloak And Dagger","Deflect"],"picked":"SKIP","floor":44},{"not_picked":["Dodge and Roll","Poisoned Stab"],"picked":"Wraith Form v2","floor":46},{"not_picked":["Dash","Poisoned Stab","Slice"],"picked":"SKIP","floor":55}],"player_experience":1684765,"relics_obtained":[{"floor":6,"key":"MawBank"},{"floor":9,"key":"Bag of Marbles"},{"floor":11,"key":"Bag of Preparation"},{"floor":13,"key":"Happy Flower"},{"floor":26,"key":"Mummified Hand"},{"floor":28,"key":"Red Mask"},{"floor":30,"key":"Thread and Needle"},{"floor":39,"key":"The Specimen"},{"floor":40,"key":"Centennial Puzzle"},{"floor":55,"key":"Pantograph"}],"event_choices":[{"damage_healed":0,"gold_gain":0,"cards_transformed":["Defend_G"],"player_choice":"Transformed","damage_taken":0,"max_hp_gain":0,"max_hp_loss":0,"event_name":"Transmorgrifier","floor":3,"gold_loss":0,"cards_obtained":["Slice"]},{"damage_healed":22,"gold_gain":0,"player_choice":"Banana","damage_taken":0,"max_hp_gain":0,"max_hp_loss":0,"event_name":"Big Fish","floor":10,"gold_loss":0},{"damage_healed":0,"gold_gain":0,"player_choice":"Got Potions","damage_taken":0,"max_hp_gain":0,"max_hp_loss":0,"event_name":"Lab","floor":12,"gold_loss":0},{"damage_healed":0,"gold_gain":0,"player_choice":"Read","damage_taken":0,"max_hp_gain":0,"max_hp_loss":0,"event_name":"The Library","floor":24,"gold_loss":0,"cards_obtained":["Acrobatics"]},{"damage_healed":0,"gold_gain":0,"player_choice":"Fought Bandits","damage_taken":0,"max_hp_gain":0,"max_hp_loss":0,"event_name":"Masked Bandits","floor":28,"gold_loss":0},{"damage_healed":0,"gold_gain":0,"player_choice":"Max HP","damage_taken":0,"max_hp_gain":0,"max_hp_loss":4,"event_name":"Winding Halls","floor":36,"gold_loss":0},{"damage_healed":0,"gold_gain":222,"player_choice":"Wore Mask","damage_taken":0,"max_hp_gain":0,"max_hp_loss":0,"event_name":"Tomb of Lord Red Mask","floor":38,"gold_loss":0},{"damage_healed":0,"gold_gain":0,"player_choice":"Fight","damage_taken":0,"max_hp_gain":0,"max_hp_loss":0,"event_name":"Mysterious Sphere","floor":39,"gold_loss":0},{"damage_healed":27,"gold_gain":0,"player_choice":"Heal","damage_taken":0,"max_hp_gain":0,"max_hp_loss":0,"event_name":"MindBloom","floor":48,"gold_loss":0,"cards_obtained":["Doubt"]}],"is_beta":false,"boss_relics":[{"not_picked":["Coffee Dripper","Busted Crown"],"picked":"Runic Pyramid"},{"not_picked":["Cursed Key","Ring of the Serpent"],"picked":"Philosopher\u0027s Stone"}],"items_purged_floors":[21,29,54],"is_endless":false,"potions_floor_spawned":[1,2,4,11,16,20,22,30,31,33,35,39,42,44],"ascension_level":20,"potion_discard_per_floor":[[],[],[],[],[],[],[],[],[],[],[],[],[],[],[],[],[],[],[],[],[],[],[],[],[],[],[],[],[],[],[],[],["SkillPotion"],[],[],[],[],[],[],[],[],[],[],["LiquidBronze"],[],[],[],[],[],[],[],[],[],[],[],[],[]]}