{"neow_bonuses_skipped_log":["THREE_CARDS","RANDOM_COMMON_RELIC","BOSS_RELIC"],"potions_obtained_entropic_brew":[[],[],[],[],[],[],[],[],[],[],[],[],[]],"neow_costs_skipped_log":["NONE","NONE","NONE"],"gold_per_floor":[16,32,44,58,74,74,102,119,119,131,131,148,148],"floor_reached":13,"playtime":494,"items_purged":[],"score":182,"play_id":"29b2f893-ce42-4d21-9adb-fda3731e6fa9","local_time":"20230413231713","score_breakdown":["Floors Climbed (13): 65","Enemies Slain (8): 16","Exordium Elites Killed (1): 10","Bosses Slain (0): 0","Ascension (20): 91"],"is_ascension_mode":true,"potions_obtained_alchemize":[[],[],[],[],[],[],[],[],[],[],[],[],[]],"campfire_choices":[{"floor":6,"key":"REST"},{"floor":11,"key":"REST"}],"lesson_learned_per_floor":[[],[],[],[],[],[],[],[],[],[],[],[],[]],"neow_cost":"NO_GOLD","improvable_cards":{},"seed_source_timestamp":156976093758600,"shop_contents":[],"circlet_count":0,"master_deck":["AscendersBane","Strike_G","Strike_G","Strike_G","Strike_G","Strike_G","Defend_G","Defend_G","Defend_G","Defend_G","Defend_G","Survivor","Neutralize","Secret Technique","Caltrops","Flying Knee","Eviscerate","Dagger Throw","Escape Plan","Bouncing Flask","Terror","Masterful Stab"],"potion_use_per_floor":[[],[],[],[],[],[],["DistilledChaos"],[],[],["CunningPotion"],[],[],[]],"relics":["Ring of the Snake","Omamori","Ornamental Fan"],"potions_floor_usage":[7,10],"damage_taken":[{"damage":8,"enemies":"Cultist","floor":1,"turns":4},{"damage":0,"enemies":"2 Louse","floor":2,"turns":3},{"damage":4,"enemies":"Small Slimes","floor":3,"turns":4},{"damage":1,"enemies":"Looter","floor":4,"turns":3},{"damage":19,"enemies":"Large Slime","floor":5,"turns":8},{"damage":15,"enemies":"3 Sentries","floor":7,"turns":8},{"damage":12,"enemies":"Blue Slaver","floor":8,"turns":5},{"damage":0,"enemies":"Gremlin Gang","floor":10,"turns":4},{"damage":12,"enemies":"Exordium Wildlife","floor":12,"turns":4},{"damage":31,"enemies":"Gremlin Nob","floor":13,"turns":3}],"seed_played":"6854009690979962011","neow_bonus_log":{"cardsObtained":[],"cardsUpgraded":[],"cardsRemoved":[],"cardsTransformed":[],"relicsObtained":[],"maxHpGained":0,"goldGained":0,"damageTaken":0,"goldLost":99,"maxHpLost":0},"potions_obtained":[{"floor":2,"key":"DistilledChaos"},{"floor":4,"key":"LiquidBronze"},{"floor":8,"key":"CunningPotion"},{"floor":10,"key":"CultistPotion"}],"is_trial":false,"path_per_floor":["M","M","M","M","M","R","E","M","T","M","R","M","E"],"character_chosen":"THE_SILENT","basemod:card_modifiers":[null,null,null,null,null,null,null,null,null,null,null,null,null,null,null,null,null,null,null,null,null,null],"items_purchased":[],"campfire_rested":2,"item_purchase_floors":[],"current_hp_per_floor":[51,51,47,46,27,46,31,19,19,19,38,26,0],"gold":148,"neow_bonus":"RANDOM_COLORLESS_2","is_prod":false,"is_daily":false,"rewards_skipped":[],"chose_seed":false,"campfire_upgraded":0,"win_rate":0,"floor_exit_playtime":[47,73,109,141,213,216,307,352,354,408,412,463],"timestamp":1681442233,"path_taken":["M","M","?","M","M","R","E","M","T","M","R","M","E"],"build_version":"2022-12-18","purchased_purges":0,"victory":false,"max_hp_per_floor":[66,66,66,66,66,66,66,66,66,66,66,66,66],"relic_stats":{"counters":[10,46],"Ornamental Fan":[12],"Omamori":0,"obtain_stats":[{"Ornamental Fan":9,"Omamori":7,"Ring of the Snake":0},{"Ornamental Fan":7,"Omamori":6,"Ring of the Snake":0},{"Ornamental Fan":35,"Omamori":30,"Ring of the Snake":0}],"Ring of the Snake":[20]},"card_choices":[{"not_picked":["Chrysalis","Magnetism"],"picked":"Secret Technique","floor":0},{"not_picked":["Footwork","Dodge and Roll"],"picked":"Caltrops","floor":1},{"not_picked":["Deflect","Bane"],"picked":"Flying Knee","floor":2},{"not_picked":["Deadly Poison","Expertise"],"picked":"Eviscerate","floor":3},{"not_picked":["Bane","PiercingWail","Outmaneuver"],"picked":"SKIP","floor":4},{"not_picked":["Backflip","Escape Plan"],"picked":"Dagger Throw","floor":5},{"not_picked":["Tactician","Finisher"],"picked":"Escape Plan","floor":7},{"not_picked":["Crippling Poison","Deflect"],"picked":"Bouncing Flask","floor":8},{"not_picked":["Dagger Spray","Slice"],"picked":"Terror","floor":10},{"not_picked":["Well Laid Plans","Cloak And Dagger"],"picked":"Masterful Stab","floor":12}],"player_experience":1772461,"relics_obtained":[{"floor":7,"key":"Omamori"},{"floor":9,"key":"Ornamental Fan"}],"event_choices":[],"is_beta":false,"boss_relics":[],"items_purged_floors":[],"is_endless":false,"potions_floor_spawned":[2,4,8,10],"killed_by":"Gremlin Nob","ascension_level":20,"potion_discard_per_floor":[[],[],[],[],[],[],[],[],[],[],[],[],[]]}