{"neow_bonuses_skipped_log":["RANDOM_COLORLESS","TEN_PERCENT_HP_BONUS","TWENTY_PERCENT_HP_BONUS"],"potions_obtained_entropic_brew":[[],[],[],[],[],[],[],[],[],[],[],[],[],[],[],[],[],[],[],[],[],[],[],[]],"neow_costs_skipped_log":["NONE","NONE","NO_GOLD"],"gold_per_floor":[110,130,145,164,176,176,251,265,265,296,296,140,65,65,65,139,139,150,170,184,204,204,204,204],"floor_reached":24,"playtime":1160,"items_purged":["Strike_G"],"score":400,"play_id":"13735faf-5abf-4900-855f-f26908bfc14d","local_time":"20230418182105","score_breakdown":["Floors Climbed (24): 120","Enemies Slain (10): 20","Exordium Elites Killed (1): 10","City Elites Killed (0): 0","Bosses Slain (1): 50","Ascension (20): 200"],"is_ascension_mode":true,"potions_obtained_alchemize":[[],[],[],[],[],[],[],[],[],[],[],[],[],[],[],[],[],[],[],[],[],[],[],[]],"campfire_choices":[{"data":"Predator","floor":6,"key":"SMITH"},{"data":"A Thousand Cuts","floor":11,"key":"SMITH"},{"data":"Noxious Fumes","floor":15,"key":"SMITH"},{"data":"RitualDagger","floor":23,"key":"SMITH"}],"lesson_learned_per_floor":[[],[],[],[],[],[],[],[],[],[],[],[],[],[],[],[],[],[],[],[],[],[],[],[]],"neow_cost":"NONE","improvable_cards":{"RitualDagger+1":[20]},"seed_source_timestamp":570513250307800,"shop_contents":[{"floor":12,"relics":["Bottled Lightning","TungstenRod","PrismaticShard"],"cards":["Eviscerate","All Out Attack","Escape Plan","Prepared","Forethought","Thinking Ahead"],"potions":["SneckoOil","DuplicationPotion","PowerPotion"]}],"circlet_count":0,"master_deck":["AscendersBane","Defend_G","Defend_G","Defend_G","Defend_G","Survivor","Neutralize","Slice","Predator+1","Dagger Spray","Acrobatics","A Thousand Cuts+1","Noxious Fumes+1","Malaise","Eviscerate+1","Heel Hook+1","Leg Sweep+1","Backflip","All Out Attack+1","PiercingWail","RitualDagger+1"],"special_seed":0,"potion_use_per_floor":[[],[],[],[],[],[],[],[],[],["ColorlessPotion"],[],[],[],[],[],[],[],[],[],[],[],[],[],["LiquidMemories"]],"relics":["Velvet Choker","Calipers","Girya","Astrolabe"],"potions_floor_usage":[10,24],"damage_taken":[{"damage":2.0,"enemies":"Jaw Worm","floor":1.0,"turns":5.0},{"damage":2.0,"enemies":"Small Slimes","floor":2.0,"turns":4.0},{"damage":1,"enemies":"Cultist","floor":3,"turns":4},{"damage":11,"enemies":"Blue Slaver","floor":4,"turns":4},{"damage":7,"enemies":"3 Louse","floor":5,"turns":3},{"damage":1,"enemies":"Looter","floor":8,"turns":2},{"damage":4,"enemies":"3 Sentries","floor":10,"turns":5},{"damage":12,"enemies":"Hexaghost","floor":16,"turns":9},{"damage":4,"enemies":"Shell Parasite","floor":18,"turns":5},{"damage":7,"enemies":"3 Byrds","floor":19,"turns":5},{"damage":6,"enemies":"Snake Plant","floor":20,"turns":4},{"damage":7,"enemies":"Centurion and Healer","floor":21,"turns":6},{"damage":23,"enemies":"Slavers","floor":24,"turns":2}],"seed_played":"-3794027264929747254","neow_bonus_log":{"cardsObtained":[],"cardsUpgraded":[],"cardsRemoved":[],"cardsTransformed":[],"relicsObtained":["Velvet Choker"],"maxHpGained":0,"goldGained":0,"damageTaken":0,"goldLost":0,"maxHpLost":0},"potions_obtained":[{"floor":1.0,"key":"ColorlessPotion"},{"floor":10,"key":"PowerPotion"},{"floor":16,"key":"DistilledChaos"},{"floor":19,"key":"DuplicationPotion"},{"floor":20,"key":"LiquidMemories"}],"is_trial":false,"path_per_floor":["M","M","M","M","M","R","?","M","T","E","R","$","?","?","R","B",null,"M","M","M","M","?","R","E"],"character_chosen":"THE_SILENT","basemod:card_modifiers":[null,null,null,null,null,null,null,null,null,null,null,null,null,null,null,null,null,null,null,null,null],"items_purchased":["Noxious Fumes"],"campfire_rested":0,"item_purchase_floors":[12],"current_hp_per_floor":[57,55,54,43,36,36,25,24,24,20,20,20,20,20,20,8,52,48,41,35,28,22,22,0],"gold":204,"neow_bonus":"BOSS_RELIC","is_prod":false,"is_daily":false,"rewards_skipped":[{"floor":21,"relics":[],"potions":["Energy Potion"]}],"chose_seed":false,"campfire_upgraded":4,"win_rate":0,"floor_exit_playtime":[120,152,222,259,316,325,339,361,370,447,455,532,545,550,555,651,685,775,910,989,1090,1106,1121],"timestamp":1681856465,"path_taken":["M","M","M","M","M","R","?","M","T","E","R","$","?","?","R","BOSS","M","?","M","M","?","R","E"],"build_version":"2022-12-18","purchased_purges":1,"victory":false,"max_hp_per_floor":[66,66,66,66,66,66,66,66,66,66,66,66,66,66,66,66,66,66,66,66,66,66,66,66],"relic_stats":{"Girya":0,"Calipers":[0],"counters":[13,58],"Astrolabe":["Eviscerate","Heel Hook","Leg Sweep"],"obtain_stats":[{"Girya":10,"Calipers":9,"Astrolabe":17,"Velvet Choker":0,"Ring of the Snake":0},{"Girya":7,"Calipers":6,"Astrolabe":8,"Velvet Choker":0,"Ring of the Snake":0},{"Girya":27,"Calipers":22,"Astrolabe":36,"Velvet Choker":0,"Ring of the Snake":0}]},"card_choices":[{"not_picked":["Riddle With Holes","Well Laid Plans"],"picked":"Slice","floor":1.0},{"not_picked":["Cloak And Dagger","Infinite Blades"],"picked":"Predator","floor":2.0},{"not_picked":["Flechettes","Slice"],"picked":"Dagger Spray","floor":3},{"not_picked":["Malaise","Quick Slash"],"picked":"Acrobatics","floor":4},{"not_picked":["Deflect","Quick Slash","Bane"],"picked":"SKIP","floor":5},{"not_picked":["Poisoned Stab","Sucker Punch","Flechettes"],"picked":"SKIP","floor":8},{"not_picked":["Cloak And Dagger","Deflect"],"picked":"A Thousand Cuts","floor":10},{"not_picked":["Unload","Bullet Time"],"picked":"Malaise","floor":16},{"not_picked":["Blade Dance","Poisoned Stab"],"picked":"Backflip","floor":18},{"not_picked":["Blade Dance","Backstab"],"picked":"All Out Attack+1","floor":19},{"not_picked":["Dagger Throw","Poisoned Stab+1","Deflect"],"picked":"SKIP","floor":20},{"not_picked":["Outmaneuver","Setup"],"picked":"PiercingWail","floor":21}],"player_experience":1815218,"relics_obtained":[{"floor":9,"key":"Calipers"},{"floor":10,"key":"Girya"}],"event_choices":[{"damage_healed":0,"gold_gain":75,"player_choice":"Gather Gold","damage_taken":11,"max_hp_gain":0,"max_hp_loss":0,"event_name":"World of Goop","floor":7,"gold_loss":0},{"cards_removed":["Strike_G"],"damage_healed":0,"gold_gain":0,"player_choice":"Card Removal","damage_taken":0,"max_hp_gain":0,"max_hp_loss":0,"event_name":"The Cleric","floor":13,"gold_loss":75},{"cards_removed":["Defend_G"],"damage_healed":0,"gold_gain":0,"player_choice":"Purged","damage_taken":0,"max_hp_gain":0,"max_hp_loss":0,"event_name":"Purifier","floor":14,"gold_loss":0},{"damage_healed":0,"gold_gain":0,"player_choice":"Joined the Cult","damage_taken":6,"max_hp_gain":0,"max_hp_loss":0,"event_name":"Nest","floor":22,"gold_loss":0,"cards_obtained":["RitualDagger"]}],"is_beta":false,"boss_relics":[{"not_picked":["Ectoplasm","Philosopher\u0027s Stone"],"picked":"Astrolabe"}],"items_purged_floors":[12],"is_endless":false,"potions_floor_spawned":[1,10,16,19,20,21],"killed_by":"Slavers","ascension_level":20,"potion_discard_per_floor":[[],[],[],[],[],[],[],[],[],[],[],[],[],[],[],[],[],[],["DistilledChaos"],["PowerPotion"],[],[],[],[]]}