{"neow_bonuses_skipped_log":["RANDOM_COLORLESS","TEN_PERCENT_HP_BONUS","BOSS_RELIC"],"potions_obtained_entropic_brew":[[],[],[],[],[],[],[],[],[],[],[],[],[],[],[],[],[],[],[],[],[],[],[],[],[],[],[],[],[],[],[],[],[]],"neow_costs_skipped_log":["NONE","NONE","NONE"],"gold_per_floor":[113,38,49,49,59,59,76,76,76,76,107,118,118,131,131,210,210,226,246,115,133,58,58,89,89,89,89,100,100,134,162,162,162],"floor_reached":33,"playtime":1225,"items_purged":["Strike_G"],"score":624,"play_id":"70843351-d931-4b24-9025-e3b7fc3ee16d","local_time":"20230414223109","score_breakdown":["Floors Climbed (33): 165","Enemies Slain (11): 22","Exordium Elites Killed (1): 10","City Elites Killed (2): 40","Bosses Slain (1): 50","Champion (1): 25","Ascension (20): 312"],"is_ascension_mode":true,"potions_obtained_alchemize":[[],[],[],[],[],[],[],[],[],[],[],[],[],[],[],[],[],[],[],[],[],[],[],[],[],[],[],[],[],[],[],[],["Strength Potion"]],"campfire_choices":[{"data":"1","floor":6,"key":"LIFT"},{"data":"2","floor":8,"key":"LIFT"},{"floor":10,"key":"REST"},{"data":"3","floor":13,"key":"LIFT"},{"data":"Doppelganger","floor":15,"key":"SMITH"},{"floor":23,"key":"REST"},{"floor":25,"key":"REST"},{"floor":27,"key":"RECALL"},{"floor":32,"key":"REST"}],"lesson_learned_per_floor":[[],[],[],[],[],[],[],[],[],[],[],[],[],[],[],[],[],[],[],[],[],[],[],[],[],[],[],[],[],[],[],[],[]],"neow_cost":"TEN_PERCENT_HP_LOSS","improvable_cards":{},"seed_source_timestamp":239861582801600,"shop_contents":[{"floor":20,"relics":["Bronze Scales","Bottled Flame","Strange Spoon"],"cards":["Riddle With Holes+1","Sucker Punch+1","Distraction","Escape Plan","Infinite Blades","Mind Blast+1","Secret Weapon"],"potions":["Swift Potion","EssenceOfSteel"]}],"circlet_count":0,"master_deck":["AscendersBane","Strike_G","Strike_G","Strike_G","Defend_G","Defend_G","Defend_G","Defend_G","Survivor","Neutralize","Sucker Punch","Dagger Spray","Cloak And Dagger","Die Die Die+1","Doppelganger+1","Infinite Blades","Die Die Die+1","Endless Agony+1","PiercingWail+1","Accuracy","Blur+1","Venomology","Cloak And Dagger"],"potion_use_per_floor":[[],[],[],[],[],[],[],[],[],[],["PowerPotion"],[],[],[],[],[],[],[],[],[],[],[],[],["FearPotion"],[],[],[],[],[],["AttackPotion"],[],[],["LiquidBronze","Strength Potion","SpeedPotion"]],"relics":["Ring of the Snake","Girya","Toy Ornithopter","Molten Egg 2","Torii","Fusion Hammer","Happy Flower","Letter Opener","CeramicFish"],"potions_floor_usage":[11,24,30,33,33,33],"damage_taken":[{"damage":14,"enemies":"Jaw Worm","floor":1,"turns":7},{"damage":4,"enemies":"Small Slimes","floor":3,"turns":3},{"damage":2,"enemies":"2 Louse","floor":5,"turns":4},{"damage":5,"enemies":"Large Slime","floor":7,"turns":6},{"damage":19,"enemies":"Gremlin Nob","floor":11,"turns":4},{"damage":0,"enemies":"2 Fungi Beasts","floor":12,"turns":1},{"damage":0,"enemies":"Exordium Wildlife","floor":14,"turns":2},{"damage":23,"enemies":"Slime Boss","floor":16,"turns":7},{"damage":0,"enemies":"Chosen","floor":18,"turns":3},{"damage":7,"enemies":"2 Thieves","floor":19,"turns":3},{"damage":18,"enemies":"Centurion and Healer","floor":21,"turns":4},{"damage":14,"enemies":"Book of Stabbing","floor":24,"turns":3},{"damage":9,"enemies":"Chosen and Byrds","floor":28,"turns":5},{"damage":0,"enemies":"Slavers","floor":30,"turns":3},{"damage":12,"enemies":"Snecko","floor":31,"turns":5},{"damage":69,"enemies":"Champ","floor":33,"turns":16}],"seed_played":"-2969134431522927458","neow_bonus_log":{"cardsObtained":[],"cardsUpgraded":[],"cardsRemoved":[],"cardsTransformed":[],"relicsObtained":["Girya"],"maxHpGained":0,"goldGained":0,"damageTaken":0,"goldLost":0,"maxHpLost":6},"potions_obtained":[{"floor":3,"key":"PowerPotion"},{"floor":11,"key":"SpeedPotion"},{"floor":24,"key":"Energy Potion"},{"floor":28,"key":"AttackPotion"},{"floor":31,"key":"LiquidBronze"}],"is_trial":false,"path_per_floor":["M","?","M","?","M","R","M","R","T","R","E","M","R","M","R","B",null,"M","M","$","M","?","R","E","R","T","R","M","?","E","M","R","B"],"character_chosen":"THE_SILENT","basemod:card_modifiers":[null,null,null,null,null,null,null,null,null,null,null,null,null,null,null,null,null,null,null,null,null,null,null],"items_purchased":["FearPotion"],"campfire_rested":4,"item_purchase_floors":[20],"current_hp_per_floor":[45,45,41,36,34,34,29,29,29,47,33,33,33,33,33,10,48,48,41,41,23,23,41,32,50,50,50,41,41,46,34,52,0],"gold":162,"neow_bonus":"ONE_RARE_RELIC","is_prod":false,"is_daily":false,"rewards_skipped":[],"chose_seed":false,"campfire_upgraded":1,"win_rate":0,"floor_exit_playtime":[73,80,106,111,161,168,238,245,247,251,293,305,310,348,358,463,484,523,574,616,659,666,669,729,735,738,742,822,827,880,946,948],"timestamp":1681525869,"path_taken":["M","?","M","?","M","R","M","R","T","R","E","M","R","M","R","BOSS","M","M","$","M","?","R","E","R","T","R","M","?","E","M","R","BOSS"],"build_version":"2022-12-18","purchased_purges":1,"victory":false,"max_hp_per_floor":[60,60,60,60,60,60,60,60,60,60,60,60,60,60,60,60,60,60,60,60,60,60,60,60,60,60,60,60,60,60,60,60,60],"relic_stats":{"Girya":3,"Torii":22,"Happy Flower":[9],"counters":[16,76],"CeramicFish":18,"Letter Opener":[49],"obtain_stats":[{"Girya":0,"Torii":11,"Happy Flower":24,"CeramicFish":30,"Molten Egg 2":9,"Fusion Hammer":17,"Letter Opener":26,"Toy Ornithopter":4,"Ring of the Snake":0},{"Girya":0,"Torii":5,"Happy Flower":12,"CeramicFish":14,"Molten Egg 2":4,"Fusion Hammer":8,"Letter Opener":12,"Toy Ornithopter":2,"Ring of the Snake":0},{"Girya":0,"Torii":24,"Happy Flower":47,"CeramicFish":55,"Molten Egg 2":20,"Fusion Hammer":34,"Letter Opener":47,"Toy Ornithopter":10,"Ring of the Snake":0}],"Toy Ornithopter":28,"Ring of the Snake":[33]},"card_choices":[{"not_picked":["Deflect","Poisoned Stab"],"picked":"Sucker Punch","floor":1},{"not_picked":["Dodge and Roll","Dagger Throw"],"picked":"Dagger Spray","floor":3},{"not_picked":["All Out Attack","Poisoned Stab"],"picked":"Cloak And Dagger","floor":5},{"not_picked":["Flying Knee","Outmaneuver","Setup"],"picked":"SKIP","floor":7},{"not_picked":["Leg Sweep","Quick Slash+1"],"picked":"Die Die Die+1","floor":11},{"not_picked":["Backflip","Flying Knee+1"],"picked":"Doppelganger","floor":12},{"not_picked":["Outmaneuver","Sucker Punch+1"],"picked":"Infinite Blades","floor":14},{"not_picked":["After Image","Night Terror"],"picked":"Die Die Die+1","floor":16},{"not_picked":["Sucker Punch+1","Heel Hook+1","Deadly Poison"],"picked":"SKIP","floor":18},{"not_picked":["Flying Knee+1","Dagger Throw+1"],"picked":"Endless Agony+1","floor":19},{"not_picked":["Deadly Poison","Tactician"],"picked":"PiercingWail+1","floor":21},{"not_picked":["Bane+1","Deadly Poison+1"],"picked":"Accuracy","floor":24},{"not_picked":["Bane+1","PiercingWail"],"picked":"Blur+1","floor":28},{"not_picked":["Flechettes+1","Prepared"],"picked":"Venomology","floor":30},{"not_picked":["Finisher+1","Backflip"],"picked":"Cloak And Dagger","floor":31}],"player_experience":1783700,"relics_obtained":[{"floor":9,"key":"Molten Egg 2"},{"floor":11,"key":"Torii"},{"floor":24,"key":"Happy Flower"},{"floor":26,"key":"Letter Opener"},{"floor":30,"key":"CeramicFish"}],"event_choices":[{"cards_removed":["Defend_G"],"damage_healed":0,"gold_gain":0,"player_choice":"Card Removal","damage_taken":0,"max_hp_gain":0,"max_hp_loss":0,"event_name":"The Cleric","floor":2,"gold_loss":75},{"damage_healed":0,"gold_gain":0,"player_choice":"Success","damage_taken":5,"relics_obtained":["Toy Ornithopter"],"max_hp_gain":0,"max_hp_loss":0,"event_name":"Scrap Ooze","floor":4,"gold_loss":0},{"cards_removed":["Strike_G"],"damage_healed":0,"gold_gain":0,"player_choice":"Gave Gold","damage_taken":0,"max_hp_gain":0,"max_hp_loss":0,"event_name":"Beggar","floor":22,"gold_loss":75},{"damage_healed":0,"gold_gain":0,"player_choice":"Ignored","damage_taken":0,"max_hp_gain":0,"max_hp_loss":0,"event_name":"Vampires","floor":29,"gold_loss":0}],"is_beta":false,"boss_relics":[{"not_picked":["Runic Pyramid","Tiny House"],"picked":"Fusion Hammer"}],"items_purged_floors":[20],"is_endless":false,"potions_floor_spawned":[3,11,24,28,31],"killed_by":"Champ","ascension_level":20,"potion_discard_per_floor":[[],[],[],[],[],[],[],[],[],[],[],[],[],[],[],[],[],[],[],[],[],[],[],[],[],[],[],["Energy Potion"],[],[],[],[],[]]}