{"neow_bonuses_skipped_log":["RANDOM_COLORLESS","HUNDRED_GOLD","BOSS_RELIC"],"neow_costs_skipped_log":["NONE","NONE","NONE"],"potions_obtained_entropic_brew":[[],[],[],[],[],[],[],[],[],[],[],[],[],[],[],[],[],[],[],[],[],[],[],[],[],[],[],[],[],[],[],[],[]],"gold_per_floor":[114,189,58,78,128,128,138,152,201,232,252,284,284,304,304,376,376,391,216,236,254,2,2,29,29,29,48,81,81,81,94,94,94],"floor_reached":33,"playtime":1144,"items_purged":["Strike_G","Strike_G"],"score":644,"play_id":"e6c14944-c42f-4261-8de0-fceeaf0cec74","local_time":"20230414110540","score_breakdown":["Floors Climbed (33): 165","Enemies Slain (11): 22","Exordium Elites Killed (2): 20","City Elites Killed (2): 40","Bosses Slain (1): 50","Champion (1): 25","Ascension (20): 322"],"is_ascension_mode":true,"potions_obtained_alchemize":[[],[],[],[],[],[],[],[],[],[],[],[],[],[],[],[],[],[],[],[],[],[],[],[],[],[],[],[],[],[],[],[],[]],"campfire_choices":[{"data":"Predator","floor":6,"key":"SMITH"},{"data":"Dagger Spray","floor":13,"key":"SMITH"},{"data":"Terror","floor":15,"key":"SMITH"},{"floor":23,"key":"REST"},{"floor":25,"key":"REST"},{"data":"Bullet Time","floor":30,"key":"SMITH"},{"floor":32,"key":"REST"}],"lesson_learned_per_floor":[[],[],[],[],[],[],[],[],[],[],[],[],[],[],[],[],[],[],[],[],[],[],[],[],[],[],[],[],[],[],[],[],[]],"neow_cost":"TEN_PERCENT_HP_LOSS","improvable_cards":{},"seed_source_timestamp":198833029932200,"shop_contents":[{"floor":3,"relics":["White Beast Statue","WingedGreaves","Chemical X"],"cards":["All Out Attack","Dagger Spray","Acrobatics","Tactician","Well Laid Plans","Bandage Up","The Bomb"],"potions":["SkillPotion","FairyPotion"]},{"floor":19,"relics":["Molten Egg 2","Prayer Wheel","TwistedFunnel"],"cards":["Quick Slash","Heel Hook","Distraction","Dodge and Roll","Trip","Mayhem"],"potions":["FearPotion","Block Potion","Fire Potion"]},{"floor":22,"relics":["Paper Crane","Meat on the Bone"],"cards":["All Out Attack","Underhanded Strike","Cloak And Dagger","Wraith Form v2","Impatience","Secret Weapon"],"potions":["EntropicBrew","CultistPotion"]}],"circlet_count":0,"master_deck":["AscendersBane","Strike_G","Strike_G","Defend_G","Defend_G","Defend_G","Defend_G","Survivor","Neutralize","Predator+1","Slice","Terror+1","Dagger Spray+1","Bullet Time+1","CurseOfTheBell","Footwork","Sucker Punch+1","Crippling Poison+1","Backflip","Backflip","After Image"],"potion_use_per_floor":[[],[],[],[],[],[],[],[],[],[],[],["Strength Potion"],[],[],[],["Fire Potion"],[],[],[],["Swift Potion"],[],[],[],["Block Potion"],[],[],[],["LiquidBronze"],[],[],[],[],["CultistPotion","SpeedPotion"]],"relics":["Ring of the Snake","Bag of Preparation","Pen Nib","Lantern","Calling Bell","Boot","Ornamental Fan","Calipers","OrangePellets","Bag of Marbles","Pear","Bottled Lightning"],"potions_floor_usage":[12,16,20,24,28,33,33],"damage_taken":[{"damage":0,"enemies":"2 Louse","floor":1,"turns":4},{"damage":0,"enemies":"Cultist","floor":4,"turns":3},{"damage":2,"enemies":"Small Slimes","floor":7,"turns":3},{"damage":0,"enemies":"2 Fungi Beasts","floor":8,"turns":3},{"damage":17,"enemies":"3 Sentries","floor":10,"turns":9},{"damage":0,"enemies":"Large Slime","floor":11,"turns":5},{"damage":0,"enemies":"Lagavulin","floor":12,"turns":4},{"damage":0,"enemies":"Exordium Wildlife","floor":14,"turns":2},{"damage":20,"enemies":"Slime Boss","floor":16,"turns":6},{"damage":1,"enemies":"2 Thieves","floor":18,"turns":3},{"damage":0,"enemies":"Chosen","floor":20,"turns":4},{"damage":41,"enemies":"Sentry and Sphere","floor":21,"turns":8},{"damage":8,"enemies":"Gremlin Leader","floor":24,"turns":6},{"damage":2,"enemies":"Centurion and Healer","floor":27,"turns":6},{"damage":19,"enemies":"Book of Stabbing","floor":28,"turns":4},{"damage":0,"enemies":"Snake Plant","floor":31,"turns":2},{"damage":61,"enemies":"Collector","floor":33,"turns":6}],"seed_played":"2068957014921798696","neow_bonus_log":{"cardsObtained":[],"cardsUpgraded":[],"cardsRemoved":["Strike_G","Defend_G"],"cardsTransformed":[],"relicsObtained":[],"maxHpGained":0,"goldGained":0,"damageTaken":0,"goldLost":0,"maxHpLost":6},"potions_obtained":[{"floor":1,"key":"Dexterity Potion"},{"floor":4,"key":"Strength Potion"},{"floor":14,"key":"Swift Potion"},{"floor":18,"key":"LiquidBronze"},{"floor":28,"key":"SpeedPotion"},{"floor":31,"key":"CultistPotion"}],"is_trial":false,"path_per_floor":["M","?","$","M","?","R","M","M","T","E","M","E","R","M","R","B",null,"M","$","M","M","$","R","E","R","T","M","E","?","R","M","R","B"],"character_chosen":"THE_SILENT","basemod:card_modifiers":[null,null,null,null,null,null,null,null,null,null,null,null,null,null,null,null,null,null,null,null,null],"items_purchased":["Fire Potion","Footwork","Backflip","OrangePellets","Block Potion"],"campfire_rested":3,"item_purchase_floors":[3,19,22,22,22],"current_hp_per_floor":[59,48,48,48,48,48,46,46,46,29,29,29,29,29,29,9,47,46,46,46,5,5,23,15,33,43,41,22,22,22,22,43,0],"gold":94,"neow_bonus":"REMOVE_TWO","is_prod":false,"is_daily":false,"rewards_skipped":[{"floor":10,"relics":[],"potions":["BlessingOfTheForge"]}],"chose_seed":false,"campfire_upgraded":4,"win_rate":0,"floor_exit_playtime":[56,62,96,125,128,134,161,191,194,271,348,391,396,418,426,501,524,599,630,682,755,770,774,866,870,873,937,998,1003,1011,1042,1045],"timestamp":1681484740,"path_taken":["M","?","$","M","?","R","M","M","T","E","M","E","R","M","R","BOSS","M","$","M","M","$","R","E","R","T","?","E","?","R","M","R","BOSS"],"build_version":"2022-12-18","purchased_purges":2,"victory":false,"max_hp_per_floor":[60,60,60,60,60,60,60,60,60,60,60,60,60,60,60,60,60,60,60,60,60,60,60,60,60,70,70,70,70,70,70,70,70],"relic_stats":{"OrangePellets":[4],"Calipers":[0],"counters":[17,78],"Ornamental Fan":[64],"Pen Nib":[12],"Bag of Preparation":[26],"Bottled Lightning":"Bullet Time","Boot":[21],"obtain_stats":[{"Calling Bell":17,"OrangePellets":22,"Lantern":12,"Calipers":17,"Pear":26,"Ornamental Fan":17,"Pen Nib":10,"Bag of Preparation":9,"Bag of Marbles":24,"Bottled Lightning":28,"Boot":17,"Ring of the Snake":0},{"Calling Bell":9,"OrangePellets":12,"Lantern":7,"Calipers":9,"Pear":13,"Ornamental Fan":9,"Pen Nib":5,"Bag of Preparation":4,"Bag of Marbles":13,"Bottled Lightning":15,"Boot":9,"Ring of the Snake":0},{"Calling Bell":39,"OrangePellets":54,"Lantern":31,"Calipers":39,"Pear":60,"Ornamental Fan":39,"Pen Nib":22,"Bag of Preparation":13,"Bag of Marbles":60,"Bottled Lightning":70,"Boot":39,"Ring of the Snake":0}],"Ring of the Snake":[34]},"card_choices":[{"not_picked":["Expertise","Dagger Throw"],"picked":"Predator","floor":1},{"not_picked":["Blur","Poisoned Stab","Underhanded Strike"],"picked":"SKIP","floor":4},{"not_picked":["Sucker Punch","Skewer"],"picked":"Slice","floor":7},{"not_picked":["Sucker Punch","Dagger Throw","Slice"],"picked":"SKIP","floor":8},{"not_picked":["Blur","Flechettes"],"picked":"Terror","floor":10},{"not_picked":["Escape Plan","Outmaneuver","Cloak And Dagger"],"picked":"SKIP","floor":11},{"not_picked":["Finisher","Escape Plan"],"picked":"Dagger Spray","floor":12},{"not_picked":["All Out Attack","Dodge and Roll","Terror"],"picked":"SKIP","floor":14},{"not_picked":["Corpse Explosion","Grand Finale"],"picked":"Bullet Time","floor":16},{"not_picked":["Blur","Endless Agony","Deflect"],"picked":"SKIP","floor":18},{"not_picked":["Infinite Blades","Outmaneuver"],"picked":"Sucker Punch+1","floor":20},{"not_picked":["Prepared","Blade Dance"],"picked":"Crippling Poison+1","floor":21},{"not_picked":["Underhanded Strike","Heel Hook","Outmaneuver"],"picked":"SKIP","floor":24},{"not_picked":["Venomology","Quick Slash"],"picked":"Backflip","floor":27},{"not_picked":["Expertise","Deadly Poison","PiercingWail"],"picked":"SKIP","floor":28},{"not_picked":["Expertise","Deadly Poison","PiercingWail"],"picked":"SKIP","floor":28},{"not_picked":["Escape Plan","Tactician"],"picked":"After Image","floor":31}],"player_experience":1777108,"relics_obtained":[{"floor":9,"key":"Bag of Preparation"},{"floor":10,"key":"Pen Nib"},{"floor":12,"key":"Lantern"},{"floor":17,"key":"Boot"},{"floor":17,"key":"Ornamental Fan"},{"floor":17,"key":"Calipers"},{"floor":24,"key":"Bag of Marbles"},{"floor":26,"key":"Pear"},{"floor":28,"key":"Bottled Lightning"}],"event_choices":[{"damage_healed":0,"gold_gain":75,"player_choice":"Gather Gold","damage_taken":11,"max_hp_gain":0,"max_hp_loss":0,"event_name":"World of Goop","floor":2,"gold_loss":0},{"damage_healed":0,"gold_gain":50,"player_choice":"Pray","damage_taken":0,"max_hp_gain":0,"max_hp_loss":0,"event_name":"Golden Shrine","floor":5,"gold_loss":0},{"damage_healed":0,"gold_gain":0,"player_choice":"Ignored","damage_taken":0,"max_hp_gain":0,"max_hp_loss":0,"event_name":"Vampires","floor":29,"gold_loss":0}],"is_beta":false,"boss_relics":[{"not_picked":["Black Star","WristBlade"],"picked":"Calling Bell"}],"items_purged_floors":[3,19],"is_endless":false,"potions_floor_spawned":[1,4,10,14,18,28,31],"killed_by":"Collector","ascension_level":20,"potion_discard_per_floor":[[],[],[],["Dexterity Potion"],[],[],[],[],[],[],[],[],[],[],[],[],[],[],[],[],[],[],[],[],[],[],[],[],[],[],[],[],[]]}