{"neow_bonuses_skipped_log":["UPGRADE_CARD","ONE_RARE_RELIC","BOSS_RELIC"],"potions_obtained_entropic_brew":[[],[],[],[],[],[],[],[],[],[],[],[],[],[],[],[],[],[],[],[],[],[],[],[],[],[],[],[],[],[],[],[],[]],"neow_costs_skipped_log":["NONE","TEN_PERCENT_HP_LOSS","NONE"],"gold_per_floor":[213,227,240,73,73,73,73,73,73,148,148,182,205,237,249,335,347,376,208,218,230,246,246,274,289,289,289,306,306,356,388,388,388],"floor_reached":33,"playtime":1520,"items_purged":["Poisoned Stab"],"score":574,"play_id":"988cff87-e5cf-43dd-b9f8-017ce1faa264","local_time":"20230414225638","score_breakdown":["Floors Climbed (33): 165","Enemies Slain (11): 22","Exordium Elites Killed (1): 10","City Elites Killed (2): 40","Bosses Slain (1): 50","Ascension (20): 287"],"is_ascension_mode":true,"potions_obtained_alchemize":[[],[],[],[],[],[],[],[],[],[],[],[],[],[],[],[],[],[],[],[],[],[],[],[],[],[],[],[],[],[],[],[],[]],"campfire_choices":[{"data":"Cloak And Dagger","floor":6,"key":"SMITH"},{"data":"Flying Knee","floor":8,"key":"SMITH"},{"data":"Backstab","floor":11,"key":"SMITH"},{"data":"Cloak And Dagger","floor":15,"key":"SMITH"},{"data":"Wraith Form v2","floor":23,"key":"SMITH"},{"floor":27,"key":"REST"},{"data":"Acrobatics","floor":29,"key":"SMITH"},{"data":"Night Terror","floor":32,"key":"SMITH"}],"lesson_learned_per_floor":[[],[],[],[],[],[],[],[],[],[],[],[],[],[],[],[],[],[],[],[],[],[],[],[],[],[],[],[],[],[],[],[],[]],"neow_cost":"NONE","improvable_cards":{},"seed_source_timestamp":241115062651800,"shop_contents":[{"floor":4,"relics":["Toxic Egg 2","Strange Spoon"],"cards":["Dagger Throw","Quick Slash","Terror","Phantasmal Killer","Infinite Blades","Discovery","Master of Strategy"],"potions":["EssenceOfSteel","SneckoOil","DuplicationPotion"]},{"floor":19,"relics":["Darkstone Periapt","Potion Belt","Cauldron"],"cards":["Flechettes","Flying Knee","Setup","Impatience","Chrysalis"],"potions":["Explosive Potion","SpeedPotion","Block Potion"]}],"circlet_count":0,"master_deck":["AscendersBane","Survivor","Neutralize","Flying Knee+1","Cloak And Dagger+1","Backstab+1","Corpse Explosion","Cloak And Dagger+1","Phantasmal Killer","Escape Plan","Outmaneuver","Heel Hook","Dodge and Roll","Deflect","Night Terror+1","Caltrops","Wraith Form v2+1","Phantasmal Killer","Acrobatics+1","Accuracy","Tactician+1","Footwork","Cloak And Dagger","Accuracy"],"potion_use_per_floor":[[],[],[],[],[],[],[],[],[],[],[],["FearPotion"],[],[],[],["Explosive Potion"],[],[],[],[],["EssenceOfSteel"],[],[],["LiquidBronze","SpeedPotion"],[],[],[],[],[],[],["Regen Potion"],[],[]],"relics":["Ring of the Snake","Lantern","Meat on the Bone","Centennial Puzzle","MawBank","Pandora\u0027s Box","The Specimen","White Beast Statue"],"potions_floor_usage":[12,16,21,24,24,31],"damage_taken":[{"damage":1,"enemies":"Small Slimes","floor":1,"turns":4},{"damage":3,"enemies":"2 Louse","floor":2,"turns":3},{"damage":3,"enemies":"Jaw Worm","floor":3,"turns":4},{"damage":8,"enemies":"Lagavulin","floor":12,"turns":7},{"damage":0,"enemies":"Exordium Thugs","floor":13,"turns":2},{"damage":0,"enemies":"Exordium Wildlife","floor":14,"turns":1},{"damage":9,"enemies":"Slime Boss","floor":16,"turns":9},{"damage":3,"enemies":"2 Thieves","floor":18,"turns":3},{"damage":4,"enemies":"3 Byrds","floor":20,"turns":2},{"damage":5,"enemies":"Centurion and Healer","floor":21,"turns":2},{"damage":15,"enemies":"Shelled Parasite and Fungi","floor":22,"turns":3},{"damage":40,"enemies":"Book of Stabbing","floor":24,"turns":5},{"damage":5,"enemies":"Snecko","floor":25,"turns":4},{"damage":1,"enemies":"Centurion and Healer","floor":28,"turns":5},{"damage":14,"enemies":"Gremlin Leader","floor":31,"turns":8},{"damage":59,"enemies":"Champ","floor":33,"turns":12}],"seed_played":"9067544537004612349","neow_bonus_log":{"cardsObtained":[],"cardsUpgraded":[],"cardsRemoved":[],"cardsTransformed":[],"relicsObtained":[],"maxHpGained":0,"goldGained":100,"damageTaken":0,"goldLost":0,"maxHpLost":0},"potions_obtained":[{"floor":2,"key":"FearPotion"},{"floor":13,"key":"Explosive Potion"},{"floor":14,"key":"EssenceOfSteel"},{"floor":20,"key":"LiquidBronze"},{"floor":22,"key":"SpeedPotion"},{"floor":28,"key":"Regen Potion"}],"is_trial":false,"path_per_floor":["M","M","M","$","?","R","?","R","T","?","R","E","M","M","R","B",null,"M","$","M","M","M","R","E","M","T","R","M","R","?","E","R","B"],"character_chosen":"THE_SILENT","basemod:card_modifiers":[null,null,null,null,null,null,null,null,null,null,null,null,null,null,null,null,null,null,null,null,null,null,null,null],"items_purchased":["Lantern","Acrobatics","Accuracy"],"campfire_rested":1,"item_purchase_floors":[4,19,19],"current_hp_per_floor":[58,55,52,52,52,52,47,47,47,36,36,40,40,40,40,43,60,57,57,53,48,45,45,17,24,24,43,42,42,42,43,43,0],"gold":388,"neow_bonus":"HUNDRED_GOLD","is_prod":false,"is_daily":false,"rewards_skipped":[],"chose_seed":false,"campfire_upgraded":7,"win_rate":0,"floor_exit_playtime":[63,98,135,154,162,171,173,181,183,186,193,266,296,334,338,452,486,568,624,689,756,822,833,938,1008,1017,1021,1111,1129,1138,1322,1328],"timestamp":1681527398,"blue_key_relic_skipped_log":{"floor":26,"relicID":"Bottled Flame"},"path_taken":["M","M","M","$","?","R","?","R","T","?","R","E","M","M","R","BOSS","M","$","M","M","M","R","E","M","T","R","M","R","?","E","R","BOSS"],"build_version":"2022-12-18","purchased_purges":1,"victory":false,"max_hp_per_floor":[66,66,66,66,66,66,66,66,66,66,66,66,66,66,66,66,66,66,66,66,66,66,66,66,66,66,66,66,66,66,66,66,66],"relic_stats":{"Centennial Puzzle":[33],"The Specimen":[0],"counters":[16,74],"Pandora\u0027s Box":["Escape Plan","Outmaneuver","Heel Hook","Dodge and Roll","Deflect","Night Terror","Caltrops","Wraith Form v2","Phantasmal Killer"],"MawBank":84,"obtain_stats":[{"Lantern":4,"Centennial Puzzle":9,"The Specimen":24,"Pandora\u0027s Box":17,"MawBank":12,"White Beast Statue":31,"Ring of the Snake":0,"Meat on the Bone":7},{"Lantern":3,"Centennial Puzzle":3,"The Specimen":12,"Pandora\u0027s Box":7,"MawBank":4,"White Beast Statue":15,"Ring of the Snake":0,"Meat on the Bone":3},{"Lantern":11,"Centennial Puzzle":11,"The Specimen":45,"Pandora\u0027s Box":30,"MawBank":18,"White Beast Statue":62,"Ring of the Snake":0,"Meat on the Bone":11}],"White Beast Statue":[0.0,0.0,0.0,0.0,0.0,0.0,1.0,0.0,0.0,0.0,0.0,0.0],"Ring of the Snake":[32],"Meat on the Bone":60},"card_choices":[{"not_picked":["PiercingWail","Sucker Punch"],"picked":"Poisoned Stab","floor":1},{"not_picked":["Acrobatics","Prepared"],"picked":"Flying Knee","floor":2},{"not_picked":["Flying Knee","Riddle With Holes"],"picked":"Cloak And Dagger","floor":3},{"not_picked":["Concentrate","Dodge and Roll"],"picked":"Corpse Explosion","floor":12},{"not_picked":["Heel Hook","Setup","Outmaneuver"],"picked":"SKIP","floor":13},{"not_picked":["Bouncing Flask","Finisher"],"picked":"Cloak And Dagger","floor":14},{"not_picked":["Corpse Explosion","Storm of Steel"],"picked":"Phantasmal Killer","floor":16},{"not_picked":["Blur","Blade Dance","Quick Slash"],"picked":"SKIP","floor":18},{"not_picked":["Finisher","Quick Slash"],"picked":"Tactician+1","floor":20},{"not_picked":["Dagger Throw","Reflex","PiercingWail"],"picked":"SKIP","floor":21},{"not_picked":["Flying Knee","Concentrate","Backflip"],"picked":"SKIP","floor":22},{"not_picked":["Deadly Poison","Flying Knee"],"picked":"Footwork","floor":24},{"not_picked":["Outmaneuver","Dodge and Roll"],"picked":"Cloak And Dagger","floor":25},{"not_picked":["Reflex","Sucker Punch","Slice"],"picked":"SKIP","floor":28},{"not_picked":["Malaise","Poisoned Stab"],"picked":"Accuracy","floor":31}],"player_experience":1784925,"relics_obtained":[{"floor":9,"key":"Centennial Puzzle"},{"floor":12,"key":"MawBank"},{"floor":24,"key":"The Specimen"},{"floor":31,"key":"White Beast Statue"}],"event_choices":[{"damage_healed":0,"gold_gain":0,"cards_transformed":["Defend_G"],"player_choice":"Change","damage_taken":0,"max_hp_gain":0,"max_hp_loss":0,"event_name":"Living Wall","floor":5,"gold_loss":0,"cards_obtained":["Backstab"]},{"damage_healed":0,"gold_gain":0,"player_choice":"Success","damage_taken":5,"relics_obtained":["Meat on the Bone"],"max_hp_gain":0,"max_hp_loss":0,"event_name":"Scrap Ooze","floor":7,"gold_loss":0},{"damage_healed":0,"gold_gain":75,"player_choice":"Gather Gold","damage_taken":11,"max_hp_gain":0,"max_hp_loss":0,"event_name":"World of Goop","floor":10,"gold_loss":0},{"damage_healed":0,"gold_gain":50,"player_choice":"Stole From Cult","damage_taken":0,"max_hp_gain":0,"max_hp_loss":0,"event_name":"Nest","floor":30,"gold_loss":0}],"is_beta":false,"boss_relics":[{"not_picked":["Runic Dome","Snecko Eye"],"picked":"Pandora\u0027s Box"}],"items_purged_floors":[19],"is_endless":false,"potions_floor_spawned":[2,13,14,20,22,28],"killed_by":"Champ","ascension_level":20,"potion_discard_per_floor":[[],[],[],[],[],[],[],[],[],[],[],[],[],[],[],[],[],[],[],[],[],[],[],[],[],[],[],[],[],[],[],[],[]]}