{"neow_bonuses_skipped_log":["ONE_RANDOM_RARE_CARD","HUNDRED_GOLD","BOSS_RELIC"],"potions_obtained_entropic_brew":[[],[],[],[],[],[],[],[],[],[],[],[],[],[],[],[],[],[],[],[],[],[],[]],"neow_costs_skipped_log":["NONE","NONE","NONE"],"gold_per_floor":[112,132,57,74,74,74,134,151,197,197,212,243,243,27,27,105,105,116,41,41,51,1,1],"floor_reached":23,"playtime":702,"items_purged":[],"score":378,"play_id":"79504a9d-281d-4753-9606-b9905ab75668","local_time":"20230413234516","score_breakdown":["Floors Climbed (23): 115","Enemies Slain (7): 14","Exordium Elites Killed (1): 10","City Elites Killed (0): 0","Bosses Slain (1): 50","Ascension (20): 189"],"is_ascension_mode":true,"potions_obtained_alchemize":[[],[],[],[],[],[],[],[],[],[],[],[],[],[],[],[],[],[],[],[],[],[],[]],"campfire_choices":[{"data":"1","floor":6,"key":"LIFT"},{"floor":10,"key":"REST"},{"data":"Apotheosis","floor":15,"key":"SMITH"}],"lesson_learned_per_floor":[[],[],[],[],[],[],[],[],[],[],[],[],[],[],[],[],[],[],[],[],[],[],[]],"neow_cost":"PERCENT_DAMAGE","improvable_cards":{},"seed_source_timestamp":158450431162900,"shop_contents":[{"floor":13,"relics":["Sundial","Du-Vu Doll","Strange Spoon"],"cards":["Bane","Flying Knee","Escape Plan","Deadly Poison","Footwork","Deep Breath","HandOfGreed"],"potions":["Regen Potion","Strength Potion","Poison Potion"]},{"floor":14,"relics":["Bottled Lightning","Mummified Hand","Orrery"],"cards":["Dagger Spray","Sucker Punch","Terror","Backflip","Noxious Fumes","Good Instincts"],"potions":["DistilledChaos","DistilledChaos","Weak Potion"]}],"circlet_count":0,"master_deck":["AscendersBane","Strike_G","Defend_G","Defend_G","Defend_G","Defend_G","Survivor","Neutralize","Underhanded Strike","Dagger Spray+1","Blade Dance","Dash","Apotheosis+1","Doppelganger","Prepared+1","Masterful Stab+1","Expertise+1","Terror","Tactician"],"potion_use_per_floor":[[],[],[],[],[],[],["CunningPotion","Fire Potion"],[],[],[],[],[],[],[],[],[],[],["Block Potion"],[],[],[],[],["SpeedPotion","DuplicationPotion"]],"relics":["Ring of the Snake","Girya","Snake Skull","Toy Ornithopter","White Beast Statue","Astrolabe","Potion Belt"],"potions_floor_usage":[7,7,18,23,23],"damage_taken":[{"damage":0,"enemies":"2 Louse","floor":1,"turns":4},{"damage":1,"enemies":"Small Slimes","floor":2,"turns":4},{"damage":5,"enemies":"Jaw Worm","floor":4,"turns":4},{"damage":6,"enemies":"Gremlin Nob","floor":7,"turns":3},{"damage":0,"enemies":"3 Louse","floor":8,"turns":2},{"damage":0,"enemies":"Red Slaver","floor":11,"turns":2},{"damage":12,"enemies":"3 Sentries","floor":12,"turns":6},{"damage":28,"enemies":"Slime Boss","floor":16,"turns":11},{"damage":7,"enemies":"2 Thieves","floor":18,"turns":5},{"damage":14,"enemies":"3 Byrds","floor":21,"turns":4},{"damage":48,"enemies":"Slavers","floor":23,"turns":4}],"seed_played":"-7288461216375232119","neow_bonus_log":{"cardsObtained":[],"cardsUpgraded":[],"cardsRemoved":[],"cardsTransformed":[],"relicsObtained":["Girya"],"maxHpGained":0,"goldGained":0,"damageTaken":15,"goldLost":0,"maxHpLost":0},"potions_obtained":[{"floor":2,"key":"Fire Potion"},{"floor":4,"key":"CunningPotion"},{"floor":12,"key":"Block Potion"},{"floor":16,"key":"DuplicationPotion"},{"floor":18,"key":"Strength Potion"},{"floor":21,"key":"SpeedPotion"}],"is_trial":false,"path_per_floor":["M","M","?","M","?","R","?","M","T","R","M","E","$","$","R","B",null,"M","?","?","M","?","E"],"character_chosen":"THE_SILENT","basemod:card_modifiers":[null,null,null,null,null,null,null,null,null,null,null,null,null,null,null,null,null,null,null],"items_purchased":["Apotheosis"],"campfire_rested":1,"item_purchase_floors":[14],"current_hp_per_floor":[44,43,43,38,38,38,32,32,32,51,51,39,39,39,39,11,52,50,50,50,36,36,0],"gold":1,"neow_bonus":"ONE_RARE_RELIC","is_prod":false,"is_daily":false,"rewards_skipped":[],"chose_seed":false,"campfire_upgraded":1,"win_rate":0,"floor_exit_playtime":[55,80,87,123,131,136,176,202,205,213,234,296,322,336,342,445,461,538,546,550,623,629],"timestamp":1681443916,"path_taken":["M","M","?","M","?","R","?","M","T","R","M","E","?","$","R","BOSS","M","?","?","?","?","E"],"build_version":"2022-12-18","purchased_purges":0,"victory":false,"max_hp_per_floor":[66,66,66,66,66,66,66,66,66,66,66,66,66,66,66,66,66,66,66,66,66,66,66],"relic_stats":{"Girya":1,"counters":[11,49],"Astrolabe":["Prepared","Masterful Stab","Expertise"],"Snake Skull":[0],"obtain_stats":[{"Potion Belt":20,"Girya":0,"Astrolabe":17,"Snake Skull":7,"Toy Ornithopter":9,"White Beast Statue":12,"Ring of the Snake":0},{"Potion Belt":9,"Girya":0,"Astrolabe":8,"Snake Skull":4,"Toy Ornithopter":5,"White Beast Statue":7,"Ring of the Snake":0},{"Potion Belt":41,"Girya":0,"Astrolabe":36,"Snake Skull":15,"Toy Ornithopter":17,"White Beast Statue":25,"Ring of the Snake":0}],"Toy Ornithopter":15,"White Beast Statue":[0.0,0.0,0.12000000000000002,0.0,0.5800000000000001,0.0,0.30000000000000004,0.0,0.0,0.0,0.0,1.32],"Ring of the Snake":[22]},"card_choices":[{"not_picked":["Bane","Outmaneuver","Deflect"],"picked":"SKIP","floor":1},{"not_picked":["Crippling Poison","Blur"],"picked":"Underhanded Strike","floor":2},{"not_picked":["PiercingWail","Backflip"],"picked":"Dagger Spray","floor":4},{"not_picked":["Flechettes","Dagger Spray"],"picked":"Blade Dance","floor":7},{"not_picked":["Quick Slash","Dagger Throw"],"picked":"Dash","floor":8},{"not_picked":["Heel Hook","Concentrate","Slice"],"picked":"SKIP","floor":11},{"not_picked":["Backflip","Caltrops","Grand Finale"],"picked":"SKIP","floor":12},{"not_picked":["Bullet Time","Envenom"],"picked":"Doppelganger","floor":16},{"not_picked":["Endless Agony","Crippling Poison"],"picked":"Terror","floor":18},{"not_picked":["Setup","Underhanded Strike"],"picked":"Tactician","floor":21}],"player_experience":1773903,"relics_obtained":[{"floor":7,"key":"Snake Skull"},{"floor":9,"key":"Toy Ornithopter"},{"floor":12,"key":"White Beast Statue"}],"event_choices":[{"cards_removed":["Defend_G"],"damage_healed":0,"gold_gain":0,"player_choice":"Card Removal","damage_taken":0,"max_hp_gain":0,"max_hp_loss":0,"event_name":"The Cleric","floor":3,"gold_loss":75},{"damage_healed":0,"gold_gain":0,"player_choice":"Grow","damage_taken":0,"max_hp_gain":0,"max_hp_loss":0,"event_name":"Living Wall","floor":5,"gold_loss":0,"cards_upgraded":["Dagger Spray"]},{"damage_healed":0,"gold_gain":0,"player_choice":"Searched \u00271\u0027 times","damage_taken":0,"max_hp_gain":0,"max_hp_loss":0,"event_name":"Dead Adventurer","floor":7,"gold_loss":0},{"cards_removed":["Strike_G"],"damage_healed":0,"gold_gain":0,"player_choice":"Gave Gold","damage_taken":0,"max_hp_gain":0,"max_hp_loss":0,"event_name":"Beggar","floor":19,"gold_loss":75},{"damage_healed":0,"gold_gain":0,"player_choice":"Gave Potion","damage_taken":0,"relics_obtained":["Potion Belt"],"max_hp_gain":0,"max_hp_loss":0,"event_name":"WeMeetAgain","floor":20,"gold_loss":0},{"damage_healed":0,"gold_gain":0,"player_choice":"Bet on Murderer","damage_taken":0,"max_hp_gain":0,"max_hp_loss":0,"event_name":"The Joust","floor":22,"gold_loss":50}],"is_beta":false,"boss_relics":[{"not_picked":["Ring of the Serpent","Velvet Choker"],"picked":"Astrolabe"}],"items_purged_floors":[],"is_endless":false,"potions_floor_spawned":[2,4,12,16,18,21],"killed_by":"Slavers","ascension_level":20,"potion_discard_per_floor":[[],[],[],[],[],[],[],[],[],[],[],[],[],[],[],[],[],[],[],[],[],[],[]]}