{"neow_bonuses_skipped_log":["THREE_SMALL_POTIONS","THREE_RARE_CARDS","BOSS_RELIC"],"neow_costs_skipped_log":["NONE","NO_GOLD","NONE"],"potions_obtained_entropic_brew":[[],[],[],[],[],[]],"gold_per_floor":[118,135,210,224,199,199],"floor_reached":6,"playtime":293,"items_purged":[],"score":76,"play_id":"05e28cf8-411c-4d7e-a909-3d5ff310d225","local_time":"20230412162142","score_breakdown":["Floors Climbed (6): 30","Enemies Slain (4): 8","Exordium Elites Killed (0): 0","Bosses Slain (0): 0","Ascension (20): 38"],"is_ascension_mode":true,"potions_obtained_alchemize":[[],[],[],[],[],[]],"campfire_choices":[],"lesson_learned_per_floor":[[],[],[],[],[],[]],"neow_cost":"NONE","improvable_cards":{},"seed_source_timestamp":45845515296500,"shop_contents":[],"circlet_count":0,"master_deck":["AscendersBane","Strike_G","Strike_G","Strike_G","Strike_G","Strike_G","Defend_G","Defend_G","Defend_G","Defend_G","Defend_G","Survivor","Neutralize","Acrobatics","Dagger Spray","Backflip","Blade Dance","Dagger Throw"],"potion_use_per_floor":[[],[],[],[],["Block Potion"],[]],"relics":["Ring of the Snake"],"potions_floor_usage":[5],"damage_taken":[{"damage":0,"enemies":"2 Louse","floor":1,"turns":4},{"damage":0,"enemies":"Small Slimes","floor":2,"turns":4},{"damage":6,"enemies":"Cultist","floor":4,"turns":5},{"damage":15,"enemies":"Exordium Thugs","floor":5,"turns":4},{"damage":36,"enemies":"Lagavulin","floor":6,"turns":6}],"seed_played":"6438814615477257159","neow_bonus_log":{"cardsObtained":[],"cardsUpgraded":[],"cardsRemoved":[],"cardsTransformed":[],"relicsObtained":[],"maxHpGained":0,"goldGained":0,"damageTaken":0,"goldLost":0,"maxHpLost":0},"potions_obtained":[{"floor":4,"key":"Block Potion"}],"is_trial":false,"path_per_floor":["M","M","?","M","M","E"],"character_chosen":"THE_SILENT","basemod:card_modifiers":[null,null,null,null,null,null,null,null,null,null,null,null,null,null,null,null,null,null],"items_purchased":[],"campfire_rested":0,"item_purchase_floors":[],"current_hp_per_floor":[59,59,48,42,27,0],"gold":199,"neow_bonus":"THREE_CARDS","is_prod":false,"is_daily":false,"rewards_skipped":[],"chose_seed":false,"campfire_upgraded":0,"win_rate":0,"floor_exit_playtime":[77,115,119,173,238],"timestamp":1681330902,"path_taken":["M","M","?","M","M","E"],"build_version":"2022-12-18","purchased_purges":0,"victory":false,"max_hp_per_floor":[66,66,66,66,66,66],"relic_stats":{"counters":[5,23],"obtain_stats":[{"Ring of the Snake":0},{"Ring of the Snake":0},{"Ring of the Snake":0}],"Ring of the Snake":[10]},"card_choices":[{"not_picked":["Dagger Throw","Setup"],"picked":"Acrobatics","floor":0},{"not_picked":["Cloak And Dagger","Acrobatics"],"picked":"Dagger Spray","floor":1},{"not_picked":["Dodge and Roll","PiercingWail"],"picked":"Backflip","floor":2},{"not_picked":["Heel Hook","Poisoned Stab"],"picked":"Blade Dance","floor":4},{"not_picked":["Deflect","Blur"],"picked":"Dagger Throw","floor":5}],"player_experience":1728240,"relics_obtained":[],"event_choices":[{"damage_healed":0,"gold_gain":75,"player_choice":"Gather Gold","damage_taken":11,"max_hp_gain":0,"max_hp_loss":0,"event_name":"World of Goop","floor":3,"gold_loss":0}],"is_beta":false,"boss_relics":[],"items_purged_floors":[],"is_endless":false,"potions_floor_spawned":[4],"killed_by":"Lagavulin","ascension_level":20,"potion_discard_per_floor":[[],[],[],[],[],[]]}