{"neow_bonuses_skipped_log":["TRANSFORM_CARD","TWENTY_PERCENT_HP_BONUS","BOSS_RELIC"],"neow_costs_skipped_log":["NONE","CURSE","NONE"],"potions_obtained_entropic_brew":[[],[],[],[],[],[]],"gold_per_floor":[118,135,147,157,82,82],"floor_reached":6,"playtime":405,"items_purged":["Strike_G"],"score":76,"play_id":"8e5826b7-2570-4ccb-94a0-58d7362cf93d","local_time":"20230413203316","score_breakdown":["Floors Climbed (6): 30","Enemies Slain (4): 8","Exordium Elites Killed (0): 0","Bosses Slain (0): 0","Ascension (20): 38"],"is_ascension_mode":true,"potions_obtained_alchemize":[[],[],[],[],[],[]],"campfire_choices":[],"lesson_learned_per_floor":[[],[],[],[],[],[]],"neow_cost":"NONE","improvable_cards":{},"seed_source_timestamp":147227111776800,"shop_contents":[{"floor":5,"relics":["TungstenRod","Ornamental Fan","DollysMirror"],"cards":["Poisoned Stab","Dagger Throw","Phantasmal Killer","Concentrate","Footwork","Forethought","Thinking Ahead"],"potions":["Weak Potion","Explosive Potion","PowerPotion"]}],"circlet_count":0,"master_deck":["AscendersBane","Strike_G","Strike_G","Strike_G","Strike_G","Defend_G","Defend_G","Defend_G","Defend_G","Defend_G","Survivor","Neutralize","Skewer","Cloak And Dagger","Flying Knee","Blade Dance"],"potion_use_per_floor":[[],[],[],[],[],["BlessingOfTheForge","FearPotion"]],"relics":["Ring of the Snake","Strawberry"],"potions_floor_usage":[6,6],"damage_taken":[{"damage":12,"enemies":"Small Slimes","floor":1,"turns":6},{"damage":1,"enemies":"Jaw Worm","floor":2,"turns":4},{"damage":0,"enemies":"2 Louse","floor":3,"turns":3},{"damage":4,"enemies":"2 Fungi Beasts","floor":4,"turns":4},{"damage":57,"enemies":"Lagavulin","floor":6,"turns":10}],"seed_played":"4090437999199852562","neow_bonus_log":{"cardsObtained":[],"cardsUpgraded":[],"cardsRemoved":[],"cardsTransformed":[],"relicsObtained":["Strawberry"],"maxHpGained":0,"goldGained":0,"damageTaken":0,"goldLost":0,"maxHpLost":0},"potions_obtained":[{"floor":1,"key":"FearPotion"},{"floor":2,"key":"BlessingOfTheForge"}],"is_trial":false,"path_per_floor":["M","M","M","M","$","E"],"character_chosen":"THE_SILENT","basemod:card_modifiers":[null,null,null,null,null,null,null,null,null,null,null,null,null,null,null,null],"items_purchased":[],"campfire_rested":0,"item_purchase_floors":[],"current_hp_per_floor":[54,53,53,49,49,0],"gold":82,"neow_bonus":"RANDOM_COMMON_RELIC","is_prod":false,"is_daily":false,"rewards_skipped":[{"floor":4,"relics":[],"potions":["Explosive Potion"]}],"chose_seed":false,"campfire_upgraded":0,"win_rate":0,"floor_exit_playtime":[79,125,181,253,272],"timestamp":1681432396,"path_taken":["M","M","M","M","$","E"],"build_version":"2022-12-18","purchased_purges":1,"victory":false,"max_hp_per_floor":[73,73,73,73,73,73],"relic_stats":{"counters":[5,27],"obtain_stats":[{"Strawberry":0,"Ring of the Snake":0},{"Strawberry":0,"Ring of the Snake":0},{"Strawberry":0,"Ring of the Snake":0}],"Ring of the Snake":[10]},"card_choices":[{"not_picked":["Dagger Spray","Escape Plan"],"picked":"Skewer","floor":1},{"not_picked":["Backflip","Distraction"],"picked":"Cloak And Dagger","floor":2},{"not_picked":["Finisher","Malaise"],"picked":"Flying Knee","floor":3},{"not_picked":["Catalyst","Bane"],"picked":"Blade Dance","floor":4}],"player_experience":1767266,"relics_obtained":[],"event_choices":[],"is_beta":false,"boss_relics":[],"items_purged_floors":[5],"is_endless":false,"potions_floor_spawned":[1,2,4],"killed_by":"Lagavulin","ascension_level":20,"potion_discard_per_floor":[[],[],[],[],[],[]]}