{"neow_bonuses_skipped_log":["UPGRADE_CARD","TEN_PERCENT_HP_BONUS","BOSS_RELIC"],"neow_costs_skipped_log":["NONE","NONE","NONE"],"potions_obtained_entropic_brew":[[],[],[],[],[],[],[],[],[],[],[],[],[],[],[],[]],"gold_per_floor":[359,376,170,170,186,212,212,239,239,239,52,82,94,112,112,112],"floor_reached":16,"playtime":705,"items_purged":["Defend_G"],"score":240,"play_id":"282b1bce-4d27-4572-8c07-63b5b6981c7c","local_time":"20230412154553","score_breakdown":["Floors Climbed (16): 80","Enemies Slain (5): 10","Exordium Elites Killed (3): 30","Bosses Slain (0): 0","Ascension (20): 120"],"is_ascension_mode":true,"potions_obtained_alchemize":[[],[],[],[],[],[],[],[],[],[],[],[],[],[],[],[]],"campfire_choices":[{"data":"Phantasmal Killer","floor":7,"key":"SMITH"},{"floor":10,"key":"REST"},{"floor":15,"key":"REST"}],"lesson_learned_per_floor":[[],[],[],[],[],[],[],[],[],[],[],[],[],[],[],[]],"neow_cost":"PERCENT_DAMAGE","improvable_cards":{},"seed_source_timestamp":43285103066800,"shop_contents":[{"floor":3,"relics":["Ancient Tea Set","Lizard Tail","Cauldron"],"cards":["Quick Slash","Bouncing Flask","Bullet Time","Accuracy","Bandage Up","Master of Strategy"],"potions":["BlessingOfTheForge","Swift Potion"]},{"floor":11,"relics":["Orichalcum","Eternal Feather","Frozen Eye"],"cards":["Dagger Spray","Underhanded Strike","Backflip","Blade Dance","Accuracy","Madness"],"potions":["Swift Potion","FearPotion","Fruit Juice"]}],"circlet_count":0,"master_deck":["AscendersBane","Strike_G+1","Strike_G","Strike_G+1","Strike_G","Defend_G","Defend_G","Defend_G","Defend_G","Survivor","Neutralize","Flying Knee","Dash","Backstab","Flying Knee","Phantasmal Killer+1","Apotheosis","Concentrate","PiercingWail"],"potion_use_per_floor":[[],[],[],[],[],["Explosive Potion"],[],["AttackPotion"],[],[],[],["FearPotion"],[],[],[],["FearPotion"]],"relics":["Ring of the Snake","Whetstone","Tough Bandages","Singing Bowl","Akabeko"],"potions_floor_usage":[6,8,12,16],"damage_taken":[{"damage":8,"enemies":"Jaw Worm","floor":1,"turns":6},{"damage":0,"enemies":"Cultist","floor":2,"turns":3},{"damage":0,"enemies":"Small Slimes","floor":5,"turns":2},{"damage":5,"enemies":"3 Sentries","floor":6,"turns":7},{"damage":20,"enemies":"Gremlin Nob","floor":8,"turns":4},{"damage":12,"enemies":"3 Sentries","floor":12,"turns":7},{"damage":3,"enemies":"Looter","floor":13,"turns":2},{"damage":14,"enemies":"Large Slime","floor":14,"turns":5},{"damage":26,"enemies":"Hexaghost","floor":16,"turns":9}],"seed_played":"6594664989220544838","neow_bonus_log":{"cardsObtained":[],"cardsUpgraded":[],"cardsRemoved":[],"cardsTransformed":[],"relicsObtained":[],"maxHpGained":0,"goldGained":250,"damageTaken":15,"goldLost":0,"maxHpLost":0},"potions_obtained":[{"floor":1,"key":"Explosive Potion"},{"floor":8,"key":"FearPotion"},{"floor":14,"key":"FearPotion"}],"is_trial":false,"path_per_floor":["M","M","$","?","M","E","R","E","T","R","$","E","M","M","R","B"],"character_chosen":"THE_SILENT","basemod:card_modifiers":[null,null,null,null,null,null,null,null,null,null,null,null,null,null,null,null,null,null,null],"items_purchased":["AttackPotion","Backstab","Apotheosis"],"campfire_rested":2,"item_purchase_floors":[3,3,11],"current_hp_per_floor":[36,36,36,36,36,31,31,11,11,30,30,20,17,3,23,0],"gold":112,"neow_bonus":"TWO_FIFTY_GOLD","is_prod":false,"is_daily":false,"rewards_skipped":[{"floor":5,"relics":[],"potions":["BlessingOfTheForge"]}],"chose_seed":false,"campfire_upgraded":1,"win_rate":0,"floor_exit_playtime":[57,92,143,156,195,295,301,390,392,405,422,530,567,623,626],"timestamp":1681328753,"path_taken":["M","M","$","?","M","E","R","E","T","R","?","E","M","M","R","BOSS"],"build_version":"2022-12-18","purchased_purges":1,"victory":false,"max_hp_per_floor":[66,66,66,66,66,66,66,66,66,66,66,68,68,68,68,68],"relic_stats":{"Tough Bandages":[21],"Singing Bowl":2,"counters":[9,45],"Whetstone":["Strike_G","Strike_G"],"obtain_stats":[{"Tough Bandages":8,"Singing Bowl":9,"Whetstone":6,"Akabeko":12,"Ring of the Snake":0},{"Tough Bandages":5,"Singing Bowl":5,"Whetstone":4,"Akabeko":6,"Ring of the Snake":0},{"Tough Bandages":22,"Singing Bowl":22,"Whetstone":18,"Akabeko":29,"Ring of the Snake":0}],"Ring of the Snake":[18]},"card_choices":[{"not_picked":["Underhanded Strike","Deflect"],"picked":"Flying Knee","floor":1},{"not_picked":["Noxious Fumes","Endless Agony"],"picked":"Dash","floor":2},{"not_picked":["Masterful Stab","Slice"],"picked":"Flying Knee","floor":5},{"not_picked":["Blade Dance","Deflect"],"picked":"Phantasmal Killer","floor":6},{"not_picked":["Tactician","Burst","Dodge and Roll"],"picked":"SKIP","floor":8},{"not_picked":["Outmaneuver","Flechettes","Reflex"],"picked":"Singing Bowl","floor":12},{"not_picked":["Quick Slash","Choke"],"picked":"Concentrate","floor":13},{"not_picked":["Slice","Quick Slash"],"picked":"PiercingWail","floor":14}],"player_experience":1725706,"relics_obtained":[{"floor":6,"key":"Whetstone"},{"floor":8,"key":"Tough Bandages"},{"floor":9,"key":"Singing Bowl"},{"floor":12,"key":"Akabeko"}],"event_choices":[{"cards_removed":["Strike_G"],"damage_healed":0,"gold_gain":0,"player_choice":"Purged","damage_taken":0,"max_hp_gain":0,"max_hp_loss":0,"event_name":"Purifier","floor":4,"gold_loss":0}],"is_beta":false,"boss_relics":[],"items_purged_floors":[3],"is_endless":false,"potions_floor_spawned":[1,5,8,14],"killed_by":"Hexaghost","ascension_level":20,"potion_discard_per_floor":[[],[],[],[],[],[],[],[],[],[],[],[],[],[],[],[]]}