{"neow_bonuses_skipped_log":["UPGRADE_CARD","TEN_PERCENT_HP_BONUS","BOSS_RELIC"],"potions_obtained_entropic_brew":[[],[],[],[],[],[],[],[],[],[],[],[],[],[],[],[]],"neow_costs_skipped_log":["NONE","NONE","NONE"],"gold_per_floor":[117,133,150,3,3,3,36,36,36,53,83,137,137,163,163,163],"floor_reached":16,"playtime":882,"items_purged":[],"score":236,"play_id":"4ffd58fc-e3c2-45f3-a5d6-e621451c38fa","local_time":"20230414221016","score_breakdown":["Floors Climbed (16): 80","Enemies Slain (4): 8","Exordium Elites Killed (3): 30","Bosses Slain (0): 0","Ascension (20): 118"],"is_ascension_mode":true,"potions_obtained_alchemize":[[],[],[],[],[],[],[],[],[],[],[],[],[],[],[],[]],"campfire_choices":[{"data":"Predator","floor":6.0,"key":"SMITH"},{"data":"Blade Dance","floor":8,"key":"SMITH"},{"data":"Noxious Fumes","floor":15,"key":"SMITH"}],"lesson_learned_per_floor":[[],[],[],[],[],[],[],[],[],[],[],[],[],[],[],[]],"neow_cost":"TEN_PERCENT_HP_LOSS","improvable_cards":{},"seed_source_timestamp":238915973533600,"shop_contents":[{"floor":4,"relics":["Eternal Feather","CeramicFish","Cauldron"],"cards":["Dagger Throw","Reflex","Deflect","Infinite Blades","Enlightenment","The Bomb"],"potions":["EssenceOfSteel","EssenceOfSteel"]}],"circlet_count":0,"master_deck":["AscendersBane","Strike_G","Strike_G","Strike_G","Strike_G","Strike_G","Defend_G","Defend_G","Defend_G","Defend_G","Defend_G","Survivor","Neutralize","Blade Dance+1","Leg Sweep","Predator+1","Noxious Fumes+1","Slice","Acrobatics","A Thousand Cuts"],"special_seed":0,"potion_use_per_floor":[[],[],[],[],[],[],["Strength Potion"],[],[],["DistilledChaos"],[],[],[],[],[],["FearPotion"]],"relics":["Ring of the Snake","Peace Pipe","MealTicket","Matryoshka","Pocketwatch","Toy Ornithopter"],"potions_floor_usage":[7,10,16],"damage_taken":[{"damage":1.0,"enemies":"Small Slimes","floor":1.0,"turns":6.0},{"damage":3.0,"enemies":"2 Louse","floor":2.0,"turns":3.0},{"damage":0.0,"enemies":"Cultist","floor":3.0,"turns":2.0},{"damage":10,"enemies":"Lagavulin","floor":7,"turns":5},{"damage":7,"enemies":"Gremlin Gang","floor":10,"turns":5},{"damage":36,"enemies":"Gremlin Nob","floor":11,"turns":4},{"damage":22,"enemies":"3 Sentries","floor":14,"turns":7},{"damage":44,"enemies":"Hexaghost","floor":16,"turns":10}],"seed_played":"7469805410248652207","neow_bonus_log":{"cardsObtained":[],"cardsUpgraded":[],"cardsRemoved":[],"cardsTransformed":[],"relicsObtained":["Peace Pipe"],"maxHpGained":0,"goldGained":0,"damageTaken":0,"goldLost":0,"maxHpLost":6},"potions_obtained":[{"floor":2.0,"key":"DistilledChaos"},{"floor":11,"key":"FearPotion"}],"is_trial":false,"path_per_floor":["M","M","M","$","?","R","E","R","T","M","E","?","?","E","R","B"],"character_chosen":"THE_SILENT","basemod:card_modifiers":[null,null,null,null,null,null,null,null,null,null,null,null,null,null,null,null,null,null,null,null],"items_purchased":["Predator","Strength Potion"],"campfire_rested":0,"item_purchase_floors":[4,4],"current_hp_per_floor":[58,55,55,55,55,55,45,45,45,38,2,2,60,38,38,0],"gold":163,"neow_bonus":"ONE_RARE_RELIC","is_prod":false,"is_daily":false,"rewards_skipped":[],"chose_seed":false,"campfire_upgraded":3,"win_rate":0,"floor_exit_playtime":[126,203,243,279,283,302,435,444,455,559,624,628,641,741,751],"timestamp":1681524616,"path_taken":["M","M","M","$","?","R","E","R","T","M","E","?","?","E","R","BOSS"],"build_version":"2022-12-18","purchased_purges":0,"victory":false,"max_hp_per_floor":[60,60,60,60,60,60,60,60,60,60,60,60,60,60,60,60],"relic_stats":{"Peace Pipe":0,"Matryoshka":0,"counters":[8,42],"MealTicket":0,"obtain_stats":[{"Peace Pipe":0,"Matryoshka":9,"MealTicket":7,"Toy Ornithopter":14,"Ring of the Snake":0,"Pocketwatch":11},{"Peace Pipe":0,"Matryoshka":4,"MealTicket":4,"Toy Ornithopter":7,"Ring of the Snake":0,"Pocketwatch":6},{"Peace Pipe":0,"Matryoshka":16,"MealTicket":16,"Toy Ornithopter":32,"Ring of the Snake":0,"Pocketwatch":25}],"Toy Ornithopter":5,"Ring of the Snake":[16],"Pocketwatch":[27]},"card_choices":[{"not_picked":["Prepared","Deflect"],"picked":"Blade Dance","floor":1.0},{"not_picked":["Dodge and Roll","Endless Agony"],"picked":"Finisher","floor":2.0},{"not_picked":["Dagger Spray","Dodge and Roll"],"picked":"Leg Sweep","floor":3.0},{"not_picked":["Burst","Dagger Throw"],"picked":"Noxious Fumes","floor":7},{"not_picked":["Flying Knee","Bane"],"picked":"Slice","floor":10},{"not_picked":["Distraction","Calculated Gamble"],"picked":"Acrobatics","floor":11},{"not_picked":["Flechettes","Dodge and Roll"],"picked":"A Thousand Cuts","floor":14}],"player_experience":1782818,"relics_obtained":[{"floor":7,"key":"MealTicket"},{"floor":9,"key":"Matryoshka"},{"floor":11,"key":"Pocketwatch"},{"floor":14,"key":"Toy Ornithopter"}],"event_choices":[{"damage_healed":0.0,"max_hp_gain":0.0,"max_hp_loss":0.0,"gold_gain":0.0,"event_name":"Liars Game","player_choice":"Ignored","floor":5.0,"gold_loss":0.0,"damage_taken":0.0},{"damage_healed":0,"gold_gain":54,"player_choice":"Gained Gold","damage_taken":0,"max_hp_gain":0,"max_hp_loss":0,"event_name":"Golden Wing","floor":12,"gold_loss":0},{"cards_removed":["Finisher"],"damage_healed":58,"gold_gain":0,"player_choice":"Offered Uncommon","damage_taken":0,"max_hp_gain":0,"max_hp_loss":0,"event_name":"Bonfire Elementals","floor":13,"gold_loss":0}],"is_beta":false,"boss_relics":[],"items_purged_floors":[],"is_endless":false,"potions_floor_spawned":[2,11],"killed_by":"Hexaghost","ascension_level":20,"potion_discard_per_floor":[[],[],[],[],[],[],[],[],[],[],[],[],[],[],[],[]]}