{"neow_bonuses_skipped_log":["ONE_RANDOM_RARE_CARD","THREE_SMALL_POTIONS","BOSS_RELIC"],"potions_obtained_entropic_brew":[[],[],[],[],[],[],[],[],[],[],[],[],[],[],[],[],[],[],[],[],[],[],[],[],[],[],[],[],[],[],[],[],[]],"neow_costs_skipped_log":["NONE","NONE","NONE"],"gold_per_floor":[114,114,132,152,167,167,202,221,221,221,240,274,292,312,312,388,388,401,60,60,8,37,37,57,89,138,138,155,155,186,186,186,186],"floor_reached":33,"playtime":2818,"items_purged":["Strike_G"],"score":644,"play_id":"9debde90-af4f-42f1-a9fd-f19f55c512c7","local_time":"20230416033456","score_breakdown":["Floors Climbed (33): 165","Enemies Slain (11): 22","Exordium Elites Killed (2): 20","City Elites Killed (2): 40","Bosses Slain (1): 50","Champion (1): 25","Ascension (20): 322"],"is_ascension_mode":true,"potions_obtained_alchemize":[[],[],[],[],[],[],[],[],[],[],[],[],[],[],[],[],[],[],[],[],[],[],[],[],[],[],[],[],[],[],[],[],[]],"campfire_choices":[{"data":"Glass Knife","floor":6.0,"key":"SMITH"},{"data":"Terror","floor":15,"key":"SMITH"},{"data":"Acrobatics","floor":23,"key":"SMITH"},{"data":"Malaise","floor":27,"key":"SMITH"},{"data":"Neutralize","floor":32,"key":"SMITH"}],"lesson_learned_per_floor":[[],[],[],[],[],[],[],[],[],[],[],[],[],[],[],[],[],[],[],[],[],[],[],[],[],[],[],[],[],[],[],[],[]],"neow_cost":"PERCENT_DAMAGE","improvable_cards":{},"seed_source_timestamp":342897034343600,"shop_contents":[{"floor":19,"relics":["Nunchaku","Cauldron"],"cards":["Flying Knee","Eviscerate","Blade Dance+1","Reflex+1","Noxious Fumes","Enlightenment+1","Mayhem"],"potions":["Dexterity Potion","Regen Potion","Dexterity Potion"]},{"floor":21,"relics":["Ancient Tea Set","Akabeko","Chemical X"],"cards":["Finisher","Dagger Spray","Terror+1","Accuracy","Dark Shackles+1","Transmutation+1"],"potions":["AttackPotion","AttackPotion","Fire Potion"]}],"circlet_count":0,"master_deck":["AscendersBane","Strike_G","Strike_G","Defend_G","Defend_G","Defend_G","Defend_G","Survivor","Neutralize+1","Glass Knife+1","Slice","Blade Dance+1","Endless Agony","Blade Dance","Blade Dance","Terror+1","Malaise+1","Acrobatics+1","Backflip+1","Flechettes+1","Deflect+1","Prepared+1","Expertise+1","Adrenaline+1"],"special_seed":0,"potion_use_per_floor":[[],[],[],[],[],[],["SteroidPotion","CunningPotion"],[],[],[],[],[],[],[],[],[],[],[],[],[],[],[],[],[],[],[],[],[],[],[],[],[],["AttackPotion"]],"relics":["Ring of the Snake","Pen Nib","Mango","Du-Vu Doll","Coffee Dripper","Toxic Egg 2","Red Mask","The Specimen","Toy Ornithopter","Singing Bowl"],"potions_floor_usage":[33],"damage_taken":[{"damage":0.0,"enemies":"Jaw Worm","floor":1.0,"turns":5.0},{"damage":0.0,"enemies":"Small Slimes","floor":3.0,"turns":2.0},{"damage":0.0,"enemies":"Cultist","floor":4.0,"turns":3.0},{"damage":0.0,"enemies":"2 Fungi Beasts","floor":5.0,"turns":3.0},{"damage":10.0,"enemies":"Lagavulin","floor":7.0,"turns":4.0},{"damage":13.0,"enemies":"Blue Slaver","floor":8.0,"turns":2.0},{"damage":0.0,"enemies":"Large Slime","floor":11.0,"turns":2.0},{"damage":8.0,"enemies":"Gremlin Nob","floor":12.0,"turns":3.0},{"damage":0.0,"enemies":"2 Fungi Beasts","floor":13.0,"turns":1.0},{"damage":2.0,"enemies":"3 Louse","floor":14.0,"turns":2.0},{"damage":9,"enemies":"Hexaghost","floor":16,"turns":5},{"damage":2,"enemies":"2 Thieves","floor":18,"turns":3},{"damage":0,"enemies":"Masked Bandits","floor":22,"turns":3},{"damage":15,"enemies":"Shell Parasite","floor":24,"turns":2},{"damage":2,"enemies":"Gremlin Leader","floor":25,"turns":3},{"damage":9,"enemies":"Snake Plant","floor":28,"turns":4},{"damage":0,"enemies":"Slavers","floor":30,"turns":3},{"damage":57,"enemies":"Champ","floor":33,"turns":9}],"green_key_taken_log":30,"seed_played":"-8166120495732865752","neow_bonus_log":{"cardsObtained":[],"cardsUpgraded":[],"cardsRemoved":[],"cardsTransformed":[],"relicsObtained":[],"maxHpGained":0,"goldGained":0,"damageTaken":15,"goldLost":0,"maxHpLost":0},"potions_obtained":[{"floor":1.0,"key":"SteroidPotion"},{"floor":5.0,"key":"CunningPotion"},{"floor":11.0,"key":"Ancient Potion"},{"floor":12.0,"key":"AttackPotion"}],"is_trial":false,"path_per_floor":["M","?","M","M","M","R","E","M","T","?","M","E","M","M","R","B",null,"M","$","?","$","?","R","M","E","T","R","M","?","E","?","R","B"],"character_chosen":"THE_SILENT","basemod:card_modifiers":[null,null,null,null,null,null,null,null,null,null,null,null,null,null,null,null,null,null,null,null,null,null,null,null],"items_purchased":["Toxic Egg 2","Backflip+1"],"campfire_rested":0,"item_purchase_floors":[19,21],"current_hp_per_floor":[44,37,37,37,37,37,27,14,28,28,28,20,20,18,18,9,62,60,60,60,60,60,60,45,43,43,43,34,34,36,36,36,0],"gold":186,"neow_bonus":"THREE_RARE_CARDS","is_prod":false,"is_daily":false,"rewards_skipped":[{"floor":13,"relics":[],"potions":["BlessingOfTheForge"]},{"floor":18,"relics":[],"potions":["Weak Potion"]},{"floor":24,"relics":[],"potions":["Poison Potion"]}],"chose_seed":false,"campfire_upgraded":5,"win_rate":0,"floor_exit_playtime":[732,846,923,995,1034,1043,1216,1296,1301,1318,1424,1463,1515,1667,1682,1744,1848,1900,1943,1947,1970,2075,2090,2169,2228,2235,2245,2322,2370,2516,2523,2536],"timestamp":1681630496,"path_taken":["M","?","M","M","M","R","E","M","T","?","?","E","M","M","R","BOSS","M","$","?","$","?","R","M","E","T","R","M","?","E","?","R","BOSS"],"build_version":"2022-12-18","purchased_purges":1,"victory":false,"max_hp_per_floor":[66,66,66,66,66,66,66,66,80,80,80,80,80,80,80,80,80,80,80,80,80,80,80,80,80,80,80,80,80,82,82,82,82],"relic_stats":{"The Specimen":[0],"Singing Bowl":2,"counters":[18,59],"Pen Nib":[21],"obtain_stats":[{"Du-Vu Doll":12,"The Specimen":25,"Singing Bowl":30,"Mango":9,"Pen Nib":7,"Coffee Dripper":17,"Red Mask":22,"Toxic Egg 2":19,"Toy Ornithopter":26,"Ring of the Snake":0},{"Du-Vu Doll":8,"The Specimen":15,"Singing Bowl":17,"Mango":6,"Pen Nib":5,"Coffee Dripper":11,"Red Mask":13,"Toxic Egg 2":12,"Toy Ornithopter":15,"Ring of the Snake":0},{"Du-Vu Doll":24,"The Specimen":43,"Singing Bowl":50,"Mango":19,"Pen Nib":17,"Coffee Dripper":32,"Red Mask":38,"Toxic Egg 2":35,"Toy Ornithopter":43,"Ring of the Snake":0}],"Toy Ornithopter":5,"Ring of the Snake":[36]},"card_choices":[{"not_picked":["Burst","After Image"],"picked":"Glass Knife","floor":0.0},{"not_picked":["Quick Slash","Masterful Stab"],"picked":"Slice","floor":1.0},{"not_picked":["Sucker Punch","Flying Knee"],"picked":"Blade Dance","floor":3.0},{"not_picked":["Acrobatics","PiercingWail","Underhanded Strike"],"picked":"SKIP","floor":4.0},{"not_picked":["Infinite Blades","Acrobatics"],"picked":"Endless Agony","floor":5.0},{"not_picked":["Sucker Punch","Riddle With Holes"],"picked":"Blade Dance","floor":7.0},{"not_picked":["Bane","Poisoned Stab","Outmaneuver"],"picked":"SKIP","floor":8.0},{"not_picked":["Deflect","Sucker Punch","Concentrate"],"picked":"SKIP","floor":11.0},{"not_picked":["Deflect","Sucker Punch","Concentrate"],"picked":"SKIP","floor":11.0},{"not_picked":["Concentrate","Blur"],"picked":"Blade Dance","floor":12.0},{"not_picked":["Dagger Throw","Distraction"],"picked":"Terror","floor":13.0},{"not_picked":["Night Terror","Blade Dance","Skewer"],"picked":"SKIP","floor":14.0},{"not_picked":["Night Terror","Venomology"],"picked":"Malaise","floor":16},{"not_picked":["Masterful Stab+1","Dash"],"picked":"Acrobatics","floor":18},{"not_picked":["Quick Slash","Flying Knee"],"picked":"Flechettes+1","floor":22},{"not_picked":["Bouncing Flask+1","Sucker Punch","Blade Dance+1"],"picked":"SKIP","floor":24},{"not_picked":["Bouncing Flask+1","Sucker Punch","Blade Dance+1"],"picked":"SKIP","floor":24},{"not_picked":["Envenom","Poisoned Stab"],"picked":"Deflect+1","floor":25},{"not_picked":["Dagger Throw","Outmaneuver+1"],"picked":"Prepared+1","floor":28},{"not_picked":["Blade Dance+1","Setup+1","Eviscerate"],"picked":"Singing Bowl","floor":30}],"player_experience":1799061,"relics_obtained":[{"floor":7.0,"key":"Pen Nib"},{"floor":9.0,"key":"Mango"},{"floor":12.0,"key":"Du-Vu Doll"},{"floor":22,"key":"Red Mask"},{"floor":25,"key":"The Specimen"},{"floor":26,"key":"Toy Ornithopter"},{"floor":30,"key":"Singing Bowl"}],"event_choices":[{"cards_removed":["Defend_G"],"damage_healed":0.0,"max_hp_gain":0.0,"max_hp_loss":0.0,"gold_gain":0.0,"event_name":"Golden Wing","player_choice":"Card Removal","floor":2.0,"gold_loss":0.0,"damage_taken":7.0},{"damage_healed":0.0,"max_hp_gain":0.0,"max_hp_loss":0.0,"gold_gain":0.0,"event_name":"Accursed Blacksmith","player_choice":"Forge","floor":10.0,"gold_loss":0.0,"damage_taken":0.0,"cards_upgraded":["Blade Dance"]},{"damage_healed":0,"gold_gain":0,"player_choice":"Ignored","damage_taken":0,"max_hp_gain":0,"max_hp_loss":0,"event_name":"The Mausoleum","floor":20,"gold_loss":0},{"damage_healed":0,"gold_gain":0,"player_choice":"Fought Bandits","damage_taken":0,"max_hp_gain":0,"max_hp_loss":0,"event_name":"Masked Bandits","floor":22,"gold_loss":0},{"damage_healed":0,"gold_gain":0,"cards_transformed":["Strike_G","Strike_G"],"player_choice":"Became Test Subject","damage_taken":0,"max_hp_gain":0,"max_hp_loss":0,"event_name":"Drug Dealer","floor":29,"gold_loss":0,"cards_obtained":["Expertise","Adrenaline"]},{"damage_healed":0,"gold_gain":0,"player_choice":"Ignored","damage_taken":0,"max_hp_gain":0,"max_hp_loss":0,"event_name":"Cursed Tome","floor":31,"gold_loss":0}],"is_beta":false,"boss_relics":[{"not_picked":["SacredBark","Empty Cage"],"picked":"Coffee Dripper"}],"items_purged_floors":[19],"is_endless":false,"potions_floor_spawned":[1,5,11,12,13,18,24],"killed_by":"Champ","ascension_level":20,"potion_discard_per_floor":[[],[],[],[],[],[],[],[],[],[],[],[],[],[],[],[],[],[],[],[],[],[],[],[],[],[],[],[],[],[],[],[],[]]}