{"neow_bonuses_skipped_log":["THREE_CARDS","REMOVE_TWO","BOSS_RELIC"],"neow_costs_skipped_log":["NONE","PERCENT_DAMAGE","NONE"],"potions_obtained_entropic_brew":[[],[],[],[],[],[],[],[],[],[],[],[],[],[],[],[],[],[],[],[],[],[],[],[],[],[],[],[],[],[],[],[],[],[],[],[],[],[],[],[],[],[],[],[],[],[],[],[],[],[],[]],"gold_per_floor":[115,115,131,145,145,145,145,186,255,290,315,329,352,388,388,484,484,508,688,191,215,239,239,277,291,317,358,202,202,223,263,263,362,362,387,410,215,266,599,630,630,642,724,724,310,310,342,359,359,359,359],"floor_reached":51,"playtime":3361,"items_purged":["Strike_G","Strike_G","Strike_G","Strike_G"],"score":1691,"play_id":"44de505e-09e9-43e3-8cc4-9be75309e2bf","local_time":"20230411192726","score_breakdown":["Floors Climbed (51): 255","Enemies Slain (14): 28","Exordium Elites Killed (3): 30","City Elites Killed (3): 60","Beyond Elites Killed (2): 60","Bosses Slain (3): 300","Money Money (1602): 25","Champion (3): 75","C-c-c-combo: 25","Ascension (20): 833"],"is_ascension_mode":true,"potions_obtained_alchemize":[[],[],[],[],[],[],[],[],[],[],[],[],[],[],[],[],[],[],[],[],[],[],[],[],[],[],[],[],[],[],[],[],[],[],[],[],[],[],[],[],[],[],[],[],[],[],[],[],[],[],[]],"campfire_choices":[{"data":"Terror","floor":6,"key":"SMITH"},{"data":"Storm of Steel","floor":15,"key":"SMITH"},{"floor":23,"key":"REST"},{"floor":29,"key":"REST"},{"floor":32,"key":"REST"},{"floor":41,"key":"REST"},{"floor":44,"key":"REST"},{"floor":49,"key":"RECALL"}],"lesson_learned_per_floor":[[],[],[],[],[],[],[],[],[],[],[],[],[],[],[],[],[],[],[],[],[],[],[],[],[],[],[],[],[],[],[],[],[],[],[],[],[],[],[],[],[],[],[],[],[],[],[],[],[],[],[]],"neow_cost":"NONE","improvable_cards":{},"seed_source_timestamp":920853785874000,"shop_contents":[{"floor":20,"relics":["Orichalcum"],"cards":["Dagger Spray","Endless Agony","Backflip","Bouncing Flask","PanicButton","Thinking Ahead"],"potions":["Weak Potion","Swift Potion","ColorlessPotion"]},{"floor":28,"relics":["WingedGreaves","Incense Burner","Lee\u0027s Waffle"],"cards":["Flying Knee","Glass Knife","Dodge and Roll","Crippling Poison","Caltrops","Swift Strike","Panache"],"potions":["Dexterity Potion","FearPotion"]},{"floor":37,"relics":["Regal Pillow","Unceasing Top","HandDrill"],"cards":["Quick Slash","All Out Attack","PiercingWail","Impatience","Sadistic Nature"],"potions":["CultistPotion","CultistPotion","Energy Potion"]},{"floor":45,"relics":["TwistedFunnel"],"cards":["Underhanded Strike","Quick Slash","PiercingWail","Noxious Fumes","PanicButton","Mayhem"],"potions":["Block Potion","Fire Potion","Weak Potion"]}],"circlet_count":0,"master_deck":["AscendersBane","Defend_G","Defend_G","Defend_G","Defend_G","Defend_G","Survivor","Neutralize","Blade Dance+1","Terror+1","Dagger Throw","Riddle With Holes","Leg Sweep","Storm of Steel+1","Die Die Die","Blade Dance","Acrobatics","Backflip","Well Laid Plans","Adrenaline","Tactician","Dodge and Roll+1","Footwork","Reflex+1","Prepared","Night Terror","CurseOfTheBell","Tactician","Accuracy+1","Footwork","Acrobatics","Acrobatics","Finisher","Deflect"],"potion_use_per_floor":[[],[],[],[],[],[],[],[],[],["Fire Potion"],[],[],["Fire Potion"],["SteroidPotion"],[],["SpeedPotion","DistilledChaos"],[],[],[],[],["Regen Potion"],[],[],["AttackPotion"],[],[],[],[],[],[],[],[],["PowerPotion"],[],[],[],[],[],[],[],[],[],[],[],[],[],[],[],[],["Swift Potion","FairyPotion"],["DistilledChaos"]],"relics":["Ring of the Snake","Lantern","Paper Crane","Dream Catcher","White Beast Statue","Thread and Needle","Oddly Smooth Stone","Fusion Hammer","Orrery","PreservedInsect","Pen Nib","Bag of Marbles","Bronze Scales","Gambling Chip","Smiling Mask","Calling Bell","Ancient Tea Set","StrikeDummy","Pocketwatch","Potion Belt","Vajra","Nunchaku","Toy Ornithopter","Question Card"],"potions_floor_usage":[10,13,14,16,16,21,24,33,50,51],"damage_taken":[{"damage":2,"enemies":"Small Slimes","floor":1,"turns":5},{"damage":0,"enemies":"2 Louse","floor":3,"turns":3},{"damage":0,"enemies":"Jaw Worm","floor":4,"turns":3},{"damage":12,"enemies":"3 Sentries","floor":8,"turns":10},{"damage":8,"enemies":"Gremlin Nob","floor":10,"turns":3},{"damage":3,"enemies":"Exordium Wildlife","floor":11,"turns":4},{"damage":0,"enemies":"Large Slime","floor":12,"turns":3},{"damage":0,"enemies":"Gremlin Gang","floor":13,"turns":2},{"damage":11,"enemies":"Lagavulin","floor":14,"turns":5},{"damage":15,"enemies":"Hexaghost","floor":16,"turns":13},{"damage":0,"enemies":"3 Byrds","floor":18,"turns":6},{"damage":0,"enemies":"2 Thieves","floor":21,"turns":4},{"damage":1,"enemies":"Slavers","floor":24,"turns":4},{"damage":10,"enemies":"Shelled Parasite and Fungi","floor":25,"turns":3},{"damage":0,"enemies":"Gremlin Leader","floor":27,"turns":3},{"damage":0,"enemies":"Sentry and Sphere","floor":30,"turns":3},{"damage":0,"enemies":"Book of Stabbing","floor":31,"turns":3},{"damage":1,"enemies":"Champ","floor":33,"turns":20},{"damage":0,"enemies":"Orb Walker","floor":35,"turns":3},{"damage":0,"enemies":"3 Shapes","floor":36,"turns":4},{"damage":17,"enemies":"Reptomancer","floor":40,"turns":5},{"damage":2,"enemies":"Maw","floor":42,"turns":6},{"damage":0,"enemies":"Giant Head","floor":47,"turns":2},{"damage":2,"enemies":"Jaw Worm Horde","floor":48,"turns":2},{"damage":63,"enemies":"Time Eater","floor":50,"turns":9},{"damage":24,"enemies":"Awakened One","floor":51,"turns":6}],"green_key_taken_log":14,"seed_played":"4904074834626650055","neow_bonus_log":{"cardsObtained":[],"cardsUpgraded":[],"cardsRemoved":[],"cardsTransformed":[],"relicsObtained":["Lantern"],"maxHpGained":0,"goldGained":0,"damageTaken":0,"goldLost":0,"maxHpLost":0},"potions_obtained":[{"floor":4,"key":"Fire Potion"},{"floor":8,"key":"Dexterity Potion"},{"floor":10,"key":"SteroidPotion"},{"floor":11,"key":"Strength Potion"},{"floor":12,"key":"Fire Potion"},{"floor":13,"key":"SpeedPotion"},{"floor":14,"key":"DistilledChaos"},{"floor":16,"key":"AttackPotion"},{"floor":18,"key":"Regen Potion"},{"floor":21,"key":"BlessingOfTheForge"},{"floor":24,"key":"FairyPotion"},{"floor":33,"key":"Swift Potion"},{"floor":40,"key":"CunningPotion"},{"floor":42,"key":"SmokeBomb"},{"floor":47,"key":"DistilledChaos"}],"is_trial":false,"path_per_floor":["M","?","M","M","?","R","T","E","T","E","M","M","M","E","R","B",null,"M","?","$","M","T","R","E","M","T","E","$","R","M","E","R","B",null,"M","M","$","T","?","E","R","M","T","R","$","?","E","M","R","B","B"],"character_chosen":"THE_SILENT","basemod:card_modifiers":[null,null,null,null,null,null,null,null,null,null,null,null,null,null,null,null,null,null,null,null,null,null,null,null,null,null,null,null,null,null,null,null,null,null],"items_purchased":["Orrery","PreservedInsect","Well Laid Plans","PowerPotion","Footwork","Acrobatics","Acrobatics","Nunchaku","Toy Ornithopter"],"campfire_rested":5,"item_purchase_floors":[20,20,20,28,37,37,45,45,45],"current_hp_per_floor":[57,57,57,57,57,57,57,45,45,37,34,34,34,23,23,8,47,47,28,28,40,40,58,57,47,47,47,47,60,60,60,60,59,60,60,60,60,60,60,43,60,58,58,60,60,60,60,58,58,18,0],"gold":359,"neow_bonus":"RANDOM_COMMON_RELIC","is_prod":false,"is_daily":false,"rewards_skipped":[{"floor":25,"relics":[],"potions":["FearPotion"]},{"floor":27,"relics":[],"potions":["BlessingOfTheForge"]},{"floor":30,"relics":[],"potions":["Regen Potion"]},{"floor":31,"relics":[],"potions":["LiquidMemories"]},{"floor":35,"relics":[],"potions":["SkillPotion"]},{"floor":36,"relics":[],"potions":["ColorlessPotion"]},{"floor":48,"relics":[],"potions":["Poison Potion"]}],"chose_seed":false,"campfire_upgraded":2,"win_rate":0,"floor_exit_playtime":[98,110,143,172,176,183,185,293,297,330,385,459,512,572,592,736,754,863,871,933,1006,1009,1034,1102,1171,1174,1226,1275,1281,1354,1499,1510,1914,1941,2002,2176,2207,2217,2221,2377,2383,2516,2520,2528,2556,2564,2654,2724,2727,3165],"timestamp":1681255646,"blue_key_relic_skipped_log":{"floor":43,"relicID":"Shuriken"},"path_taken":["M","?","M","M","?","R","?","E","T","E","M","M","?","E","R","BOSS","M","?","$","?","?","R","E","M","T","E","$","R","M","E","R","BOSS","M","?","$","?","?","E","R","M","T","R","$","?","E","M","R","BOSS","BOSS"],"build_version":"2022-12-18","purchased_purges":4,"victory":false,"max_hp_per_floor":[66,66,66,66,60,60,60,60,60,60,60,60,60,60,60,60,60,60,60,60,60,60,60,60,60,60,60,60,60,60,60,60,60,60,60,60,60,60,60,60,60,60,60,60,60,60,60,60,60,60,60],"relic_stats":{"counters":[26,134],"PreservedInsect":324,"Pen Nib":[27],"Smiling Mask":175,"Ancient Tea Set":[6],"Question Card":1,"White Beast Statue":[0.002640000000000001,0.0,0.11179200000000004,0.0,0.45788800000000024,0.0,0.3700800000000002,0.0,0.05688000000000003,0.0,7.200000000000003E-4,8.846030080000002],"Dream Catcher":5,"Nunchaku":[5],"Bronze Scales":[177],"Gambling Chip":[47],"obtain_stats":[{"Lantern":0,"Vajra":40,"Smiling Mask":31,"Ancient Tea Set":34,"Dream Catcher":8,"Nunchaku":45,"Gambling Chip":27,"Fusion Hammer":17,"Ring of the Snake":0,"Potion Belt":38,"Golden Idol":5,"Oddly Smooth Stone":14,"Thread and Needle":10,"PreservedInsect":20,"Pen Nib":22,"Paper Crane":7,"Question Card":47,"White Beast Statue":9,"Calling Bell":34,"Bronze Scales":26,"Orrery":20,"Bag of Marbles":24,"StrikeDummy":34,"Toy Ornithopter":45,"Pocketwatch":34},{"Lantern":0,"Vajra":21,"Smiling Mask":17,"Ancient Tea Set":18,"Dream Catcher":4,"Nunchaku":22,"Gambling Chip":15,"Fusion Hammer":10,"Ring of the Snake":0,"Potion Belt":20,"Golden Idol":3,"Oddly Smooth Stone":9,"Thread and Needle":5,"PreservedInsect":11,"Pen Nib":12,"Paper Crane":3,"Question Card":23,"White Beast Statue":4,"Calling Bell":18,"Bronze Scales":14,"Orrery":11,"Bag of Marbles":13,"StrikeDummy":18,"Toy Ornithopter":22,"Pocketwatch":18},{"Lantern":0,"Vajra":109,"Smiling Mask":77,"Ancient Tea Set":97,"Dream Catcher":21,"Nunchaku":115,"Gambling Chip":71,"Fusion Hammer":51,"Ring of the Snake":0,"Potion Belt":104,"Golden Idol":11,"Oddly Smooth Stone":38,"Thread and Needle":24,"PreservedInsect":57,"Pen Nib":61,"Paper Crane":11,"Question Card":117,"White Beast Statue":21,"Calling Bell":97,"Bronze Scales":68,"Orrery":57,"Bag of Marbles":65,"StrikeDummy":97,"Toy Ornithopter":115,"Pocketwatch":97}],"Toy Ornithopter":7,"Ring of the Snake":[52],"Pocketwatch":[14]},"card_choices":[{"not_picked":["Footwork","Flying Knee"],"picked":"Blade Dance","floor":1},{"not_picked":["Quick Slash","Infinite Blades","All Out Attack"],"picked":"SKIP","floor":3},{"not_picked":["Dodge and Roll","Setup"],"picked":"Terror","floor":4},{"not_picked":["Deflect","PiercingWail","Catalyst"],"picked":"SKIP","floor":8},{"not_picked":["Flying Knee","Deflect"],"picked":"Dagger Throw","floor":10},{"not_picked":["Flying Knee","Masterful Stab"],"picked":"Riddle With Holes","floor":11},{"not_picked":["Dagger Throw","Flying Knee","Deflect"],"picked":"SKIP","floor":12},{"not_picked":["Poisoned Stab","Deadly Poison"],"picked":"Leg Sweep","floor":13},{"not_picked":["Slice","Unload"],"picked":"Storm of Steel","floor":14},{"not_picked":["Malaise","Burst"],"picked":"Die Die Die","floor":16},{"not_picked":["Underhanded Strike+1","PiercingWail"],"picked":"Blade Dance","floor":18},{"not_picked":["Underhanded Strike","Endless Agony"],"picked":"Acrobatics","floor":20},{"not_picked":["Dash","Storm of Steel"],"picked":"Backflip","floor":20},{"not_picked":["Caltrops","Infinite Blades","Dagger Throw"],"picked":"SKIP","floor":20},{"not_picked":["Dash","Deadly Poison","Flying Knee+1"],"picked":"SKIP","floor":20},{"not_picked":["Heel Hook","Blade Dance","Dagger Throw"],"picked":"SKIP","floor":20},{"not_picked":["Acrobatics","Dagger Spray+1"],"picked":"Adrenaline","floor":21},{"not_picked":["Underhanded Strike","Bane"],"picked":"Tactician","floor":23},{"not_picked":["Deadly Poison","Underhanded Strike"],"picked":"Dodge and Roll+1","floor":24},{"not_picked":["Deadly Poison","Poisoned Stab","Bane+1"],"picked":"SKIP","floor":25},{"not_picked":["Setup","Backflip+1"],"picked":"Footwork","floor":27},{"not_picked":["Setup","Caltrops+1"],"picked":"Reflex+1","floor":29},{"not_picked":["Bane","PiercingWail"],"picked":"Prepared","floor":30},{"not_picked":["Bullet Time","Flying Knee+1","Choke+1"],"picked":"SKIP","floor":31},{"not_picked":["Glass Knife","Venomology"],"picked":"Night Terror","floor":33},{"not_picked":["Choke+1","Poisoned Stab"],"picked":"Tactician","floor":35},{"not_picked":["Dodge and Roll","Riddle With Holes"],"picked":"Accuracy+1","floor":36},{"not_picked":["Skewer","Cloak And Dagger","Die Die Die"],"picked":"SKIP","floor":40},{"not_picked":["PiercingWail","Dagger Throw+1","Catalyst+1"],"picked":"SKIP","floor":42},{"not_picked":["Prepared","Deadly Poison","Predator"],"picked":"SKIP","floor":47},{"not_picked":["Dagger Spray","Masterful Stab","Predator"],"picked":"Deflect","floor":48}],"player_experience":1697331,"relics_obtained":[{"floor":7,"key":"Paper Crane"},{"floor":8,"key":"Dream Catcher"},{"floor":9,"key":"White Beast Statue"},{"floor":10,"key":"Thread and Needle"},{"floor":14,"key":"Oddly Smooth Stone"},{"floor":22,"key":"Pen Nib"},{"floor":24,"key":"Bag of Marbles"},{"floor":26,"key":"Bronze Scales"},{"floor":27,"key":"Gambling Chip"},{"floor":31,"key":"Smiling Mask"},{"floor":34,"key":"Ancient Tea Set"},{"floor":34,"key":"StrikeDummy"},{"floor":34,"key":"Pocketwatch"},{"floor":38,"key":"Potion Belt"},{"floor":40,"key":"Vajra"},{"floor":47,"key":"Question Card"}],"event_choices":[{"damage_healed":0,"gold_gain":0,"player_choice":"Grow","damage_taken":0,"max_hp_gain":0,"max_hp_loss":0,"event_name":"Living Wall","floor":2,"gold_loss":0,"cards_upgraded":["Blade Dance"]},{"damage_healed":0,"gold_gain":0,"player_choice":"Lose Max HP","damage_taken":0,"relics_obtained":["Golden Idol"],"max_hp_gain":0,"max_hp_loss":6,"event_name":"Golden Idol","floor":5,"gold_loss":0},{"damage_healed":0,"gold_gain":180,"player_choice":"GOLD GOLD ","damage_taken":19,"max_hp_gain":0,"max_hp_loss":0,"event_name":"Knowing Skull","floor":19,"potions_obtained":[],"gold_loss":0,"cards_obtained":[]},{"damage_healed":0,"gold_gain":333,"player_choice":"Gave Idol","damage_taken":0,"max_hp_gain":0,"max_hp_loss":0,"event_name":"The Moai Head","floor":39,"relics_lost":["Golden Idol"],"gold_loss":0},{"damage_healed":0,"gold_gain":0,"cards_transformed":["Strike_G"],"player_choice":"Transformed","damage_taken":0,"max_hp_gain":0,"max_hp_loss":0,"event_name":"Transmorgrifier","floor":46,"gold_loss":0,"cards_obtained":["Finisher"]}],"is_beta":false,"boss_relics":[{"not_picked":["Black Star","Ring of the Serpent"],"picked":"Fusion Hammer"},{"not_picked":["Sozu","Busted Crown"],"picked":"Calling Bell"}],"items_purged_floors":[20,28,37,45],"is_endless":false,"potions_floor_spawned":[4,8,10,11,12,13,14,16,18,21,24,25,27,30,31,33,35,36,40,42,47,48],"killed_by":"Awakened One","ascension_level":20,"potion_discard_per_floor":[[],[],[],[],[],[],[],[],[],[],["Dexterity Potion"],["Strength Potion"],[],[],[],[],[],[],[],[],[],[],[],[],[],[],[],["BlessingOfTheForge"],[],[],[],[],[],[],[],[],[],[],[],[],[],[],[],[],[],[],["SmokeBomb"],[],[],[],[]]}