{"neow_bonuses_skipped_log":["THREE_CARDS","HUNDRED_GOLD","BOSS_RELIC"],"neow_costs_skipped_log":["NONE","NONE","NONE"],"potions_obtained_entropic_brew":[[],[],[],[],[],[],[],[],[],[],[],[],[],[],[],[],[],[],[],[],[],["AttackPotion","GamblersBrew"],[],[],[],[],[],[],[],[],[],[],[]],"gold_per_floor":[109,34,46,66,66,96,110,141,141,141,176,176,195,195,195,271,271,286,286,106,119,132,132,151,167,217,217,232,232,260,274,274,274],"floor_reached":33,"playtime":1758,"items_purged":["Defend_G","Strike_G"],"score":653,"play_id":"7ec4ebf8-4fd3-4ac9-9594-6dbf7ebbc23d","local_time":"20230417173557","score_breakdown":["Floors Climbed (33): 165","Enemies Slain (12): 24","Exordium Elites Killed (3): 30","City Elites Killed (1): 20","Bosses Slain (1): 50","Well Fed: 25","Champion (1): 25","Ascension (20): 314"],"is_ascension_mode":true,"potions_obtained_alchemize":[[],[],[],[],[],[],[],[],[],[],[],[],[],[],[],[],[],[],[],[],[],["Fire Potion"],[],["Ancient Potion"],["FearPotion"],[],[],["EssenceOfSteel"],[],["Weak Potion"],["Energy Potion"],[],["PowerPotion"]],"campfire_choices":[{"data":"Apotheosis","floor":10,"key":"SMITH"},{"data":"Acrobatics","floor":12,"key":"SMITH"},{"data":"Calculated Gamble","floor":15,"key":"SMITH"},{"floor":23,"key":"REST"},{"floor":29,"key":"REST"},{"floor":32,"key":"REST"}],"lesson_learned_per_floor":[[],[],[],[],[],[],[],[],[],[],[],[],[],[],[],[],[],[],[],[],[],[],[],[],[],[],[],[],[],[],[],[],[]],"neow_cost":"TEN_PERCENT_HP_LOSS","improvable_cards":{},"seed_source_timestamp":480837172268100,"shop_contents":[{"floor":2,"relics":["Anchor","Thread and Needle","TwistedFunnel"],"cards":["Riddle With Holes","Dagger Spray","Tactician","Deadly Poison","Footwork","Trip","Thinking Ahead"],"potions":["EntropicBrew","Energy Potion","Block Potion"]},{"floor":20,"relics":["Ice Cream","Darkstone Periapt","HandDrill"],"cards":["Dagger Spray","Predator","Concentrate","Dodge and Roll","Mind Blast","Magnetism"],"potions":["DuplicationPotion","ColorlessPotion","Swift Potion"]}],"circlet_count":0,"master_deck":["AscendersBane","Strike_G","Strike_G+1","Strike_G","Defend_G","Defend_G","Defend_G","Defend_G","Survivor","Neutralize","Apotheosis+1","Dagger Throw+1","Blade Dance","Calculated Gamble+1","Dash","Backstab","Acrobatics+1","Terror","Venomology","Footwork","Calculated Gamble","Endless Agony","Dodge and Roll","Leg Sweep"],"potion_use_per_floor":[[],[],[],[],[],[],[],[],[],[],[],[],[],[],[],[],[],["LiquidMemories"],[],[],[],["Dexterity Potion","EntropicBrew","GamblersBrew","AttackPotion"],[],["LiquidMemories"],["Strength Potion"],[],[],["Weak Potion","EssenceOfSteel"],[],["Fruit Juice","Fire Potion","Weak Potion"],["ColorlessPotion","Energy Potion","Fruit Juice"],[],["PowerPotion"]],"relics":["Ring of the Snake","Whetstone","Shuriken","White Beast Statue","Letter Opener","SacredBark","Nunchaku"],"potions_floor_usage":[18,22,22,22,22,24,25,28,28,30,30,30,31,31,31,33],"damage_taken":[{"damage":0,"enemies":"Cultist","floor":1,"turns":5},{"damage":0,"enemies":"2 Louse","floor":3,"turns":2},{"damage":2,"enemies":"Jaw Worm","floor":4,"turns":5},{"damage":10,"enemies":"Lagavulin","floor":6,"turns":8},{"damage":5,"enemies":"Blue Slaver","floor":7,"turns":4},{"damage":17,"enemies":"Gremlin Nob","floor":8,"turns":3},{"damage":0,"enemies":"Lagavulin","floor":11,"turns":5},{"damage":4,"enemies":"Red Slaver","floor":13,"turns":3},{"damage":4,"enemies":"Hexaghost","floor":16,"turns":7},{"damage":5,"enemies":"Shell Parasite","floor":18,"turns":3},{"damage":5,"enemies":"Chosen","floor":21,"turns":4},{"damage":15,"enemies":"Snake Plant","floor":22,"turns":3},{"damage":19,"enemies":"Sentry and Sphere","floor":24,"turns":7},{"damage":23,"enemies":"Shelled Parasite and Fungi","floor":25,"turns":5},{"damage":0,"enemies":"Centurion and Healer","floor":28,"turns":6},{"damage":14,"enemies":"Book of Stabbing","floor":30,"turns":5},{"damage":3,"enemies":"Snecko","floor":31,"turns":6},{"damage":61,"enemies":"Collector","floor":33,"turns":8}],"seed_played":"4661813389860011382","neow_bonus_log":{"cardsObtained":[],"cardsUpgraded":[],"cardsRemoved":[],"cardsTransformed":[],"relicsObtained":[],"maxHpGained":0,"goldGained":0,"damageTaken":0,"goldLost":0,"maxHpLost":6},"potions_obtained":[{"floor":1,"key":"LiquidBronze"},{"floor":3,"key":"LiquidMemories"},{"floor":8,"key":"EntropicBrew"},{"floor":18,"key":"SpeedPotion"},{"floor":21,"key":"Dexterity Potion"},{"floor":22,"key":"LiquidMemories"},{"floor":24,"key":"Strength Potion"},{"floor":25,"key":"Weak Potion"},{"floor":28,"key":"Fruit Juice"},{"floor":30,"key":"ColorlessPotion"},{"floor":31,"key":"Fruit Juice"}],"is_trial":false,"path_per_floor":["M","$","M","M","?","E","M","E","T","R","E","R","M","?","R","B",null,"M","?","$","M","M","R","M","M","T","?","M","R","E","M","R","B"],"character_chosen":"THE_SILENT","basemod:card_modifiers":[null,null,null,null,null,null,null,null,null,null,null,null,null,null,null,null,null,null,null,null,null,null,null,null],"items_purchased":["Footwork"],"campfire_rested":3,"item_purchase_floors":[20],"current_hp_per_floor":[59,59,59,57,57,47,42,25,25,25,25,25,21,26,26,22,54,49,45,45,40,25,44,25,2,2,2,2,21,17,24,49,0],"gold":274,"neow_bonus":"RANDOM_COLORLESS_2","is_prod":false,"is_daily":false,"rewards_skipped":[{"floor":7,"relics":[],"potions":["Weak Potion"]},{"floor":11,"relics":[],"potions":["Weak Potion"]},{"floor":13,"relics":[],"potions":["EssenceOfSteel"]},{"floor":16,"relics":[],"potions":["EntropicBrew"]}],"chose_seed":false,"campfire_upgraded":3,"win_rate":0,"floor_exit_playtime":[70,92,116,162,169,258,308,407,410,416,532,543,591,595,608,722,736,820,826,860,914,1004,1007,1176,1263,1267,1296,1418,1421,1524,1645,1648],"timestamp":1681767357,"blue_key_relic_skipped_log":{"floor":26,"relicID":"Snake Skull"},"path_taken":["M","?","M","?","?","E","M","E","T","R","E","R","M","?","R","BOSS","M","?","$","M","M","R","?","M","T","?","M","R","E","M","R","BOSS"],"build_version":"2022-12-18","purchased_purges":2,"victory":false,"max_hp_per_floor":[60,60,60,60,60,60,60,60,60,60,60,60,60,65,65,65,65,65,65,65,65,65,65,65,65,65,65,65,65,75,85,85,85],"relic_stats":{"Nunchaku":[3],"counters":[18,89],"Shuriken":[36],"Whetstone":["Dagger Throw","Strike_G"],"Letter Opener":[90],"obtain_stats":[{"Nunchaku":30,"Shuriken":8,"SacredBark":17,"Whetstone":6,"Letter Opener":11,"White Beast Statue":9,"Ring of the Snake":0},{"Nunchaku":16,"Shuriken":6,"SacredBark":9,"Whetstone":4,"Letter Opener":7,"White Beast Statue":6,"Ring of the Snake":0},{"Nunchaku":75,"Shuriken":27,"SacredBark":42,"Whetstone":20,"Letter Opener":32,"White Beast Statue":27,"Ring of the Snake":0}],"White Beast Statue":[0.0024998400000000014,0.0,0.10427520000000007,0.0,0.43920256000000024,0.0,0.38386560000000025,0.0,0.06894720000000004,0.0,0.0012096000000000008,4.351886080000002],"Ring of the Snake":[36]},"card_choices":[{"not_picked":["Secret Technique","Metamorphosis"],"picked":"Apotheosis","floor":0},{"not_picked":["Poisoned Stab","Setup"],"picked":"Dagger Throw","floor":1},{"not_picked":["Acrobatics","Noxious Fumes"],"picked":"Blade Dance","floor":3},{"not_picked":["Escape Plan","Backflip"],"picked":"Calculated Gamble","floor":4},{"not_picked":["Backflip","Bane"],"picked":"Dash","floor":6},{"not_picked":["Slice","Dodge and Roll"],"picked":"Backstab","floor":7},{"not_picked":["Dodge and Roll","Night Terror"],"picked":"Acrobatics","floor":8},{"not_picked":["Deflect","Skewer","Unload"],"picked":"SKIP","floor":11},{"not_picked":["PiercingWail","Setup"],"picked":"Terror","floor":13},{"not_picked":["Tools of the Trade","After Image"],"picked":"Venomology","floor":16},{"not_picked":["Expertise","Prepared","Poisoned Stab"],"picked":"SKIP","floor":18},{"not_picked":["Deadly Poison","Flying Knee","Quick Slash"],"picked":"SKIP","floor":21},{"not_picked":["Flying Knee","Endless Agony+1"],"picked":"Calculated Gamble","floor":22},{"not_picked":["Bullet Time","Endless Agony","Flying Knee+1"],"picked":"SKIP","floor":24},{"not_picked":["Bullet Time","Flying Knee+1"],"picked":"Endless Agony","floor":24},{"not_picked":["Flying Knee","Dagger Throw+1"],"picked":"Dodge and Roll","floor":25},{"not_picked":["Poisoned Stab","Accuracy"],"picked":"Leg Sweep","floor":28},{"not_picked":["Backstab","Outmaneuver+1","Distraction"],"picked":"SKIP","floor":30},{"not_picked":["Dash","All Out Attack","Crippling Poison"],"picked":"SKIP","floor":31},{"not_picked":["Dash","All Out Attack","Crippling Poison"],"picked":"SKIP","floor":31}],"player_experience":1811611,"relics_obtained":[{"floor":6,"key":"Whetstone"},{"floor":8,"key":"Shuriken"},{"floor":9,"key":"White Beast Statue"},{"floor":11,"key":"Letter Opener"},{"floor":30,"key":"Nunchaku"}],"event_choices":[{"damage_healed":0,"gold_gain":0,"player_choice":"Ignored","damage_taken":0,"max_hp_gain":0,"max_hp_loss":0,"event_name":"Shining Light","floor":5,"gold_loss":0},{"damage_healed":0,"gold_gain":0,"player_choice":"Donut","damage_taken":0,"max_hp_gain":5,"max_hp_loss":0,"event_name":"Big Fish","floor":14,"gold_loss":0},{"damage_healed":0,"gold_gain":0,"player_choice":"Bought 0 Potions","damage_taken":0,"max_hp_gain":0,"max_hp_loss":0,"event_name":"The Woman in Blue","floor":19,"gold_loss":0},{"cards_removed":["Strike_G"],"damage_healed":0,"gold_gain":0,"player_choice":"Elegance","damage_taken":0,"max_hp_gain":0,"max_hp_loss":0,"event_name":"Back to Basics","floor":27,"gold_loss":0}],"is_beta":false,"boss_relics":[{"not_picked":["Sozu","Runic Dome"],"picked":"SacredBark"}],"items_purged_floors":[2,20],"is_endless":false,"potions_floor_spawned":[1,3,7,8,11,13,16,18,21,22,24,25,28,30,31],"killed_by":"Collector","ascension_level":20,"potion_discard_per_floor":[[],[],[],[],[],[],[],["LiquidBronze"],[],[],[],[],[],[],[],[],[],[],[],[],["SpeedPotion"],[],[],["Ancient Potion"],["FearPotion"],[],[],[],[],[],[],[],[]]}