{"neow_bonuses_skipped_log":["TRANSFORM_CARD","HUNDRED_GOLD","BOSS_RELIC"],"neow_costs_skipped_log":["NONE","NONE","NONE"],"potions_obtained_entropic_brew":[[],[],[],[],[],[],[],[],[],[],[],[],[],[],[],[],[],[],[],[],[],[],[],[],[],[],[],[],[],[],[],[],[],[],[],[],[],[],[],[],[],[],[],[],[],[],[],[],[],[],[],[],[],[],[],[],[]],"gold_per_floor":[117,133,133,113,130,130,156,156,210,239,254,268,282,19,19,94,94,109,122,122,142,156,156,171,199,222,137,87,114,9,28,28,106,106,121,166,12,26,26,26,54,54,54,69,69,79,110,2,2,2,2,2,2,2,31,31],"floor_reached":57,"playtime":4951,"items_purged":["Strike_G","Strike_G","Defend_G","Defend_G","Defend_G"],"score":2724,"play_id":"0c7638d8-6f09-4d22-afc7-287026b467b5","local_time":"20230412202506","score_breakdown":["Floors Climbed (57): 285","Enemies Slain (16): 32","Exordium Elites Killed (2): 20","City Elites Killed (2): 40","Beyond Elites Killed (2): 60","Bosses Slain (5): 750","Champion (1): 25","C-c-c-combo: 25","Ascension (20): 1237","Heartbreaker: 250"],"is_ascension_mode":true,"potions_obtained_alchemize":[[],[],[],[],[],[],[],[],[],[],[],[],[],[],[],[],[],[],[],[],[],[],[],[],[],[],[],[],[],[],[],[],[],[],[],[],[],[],[],[],[],[],[],[],[],[],[],[],[],[],[],[],[],[],[],[],[]],"campfire_choices":[{"data":"Adrenaline","floor":6.0,"key":"SMITH"},{"data":"Acrobatics","floor":8.0,"key":"SMITH"},{"floor":15.0,"key":"REST"},{"data":"Acrobatics","floor":23.0,"key":"SMITH"},{"data":"Well Laid Plans","floor":32.0,"key":"SMITH"},{"data":"Tactician","floor":40.0,"key":"SMITH"},{"floor":45.0,"key":"REST"},{"floor":49,"key":"RECALL"},{"data":"Reflex","floor":53,"key":"SMITH"}],"lesson_learned_per_floor":[[],[],[],[],[],[],[],[],[],[],[],[],[],[],[],[],[],[],[],[],[],[],[],[],[],[],[],[],[],[],[],[],[],[],[],[],[],[],[],[],[],[],[],[],[],[],[],[],[],[],[],[],[],[],[],[],[]],"neow_cost":"TEN_PERCENT_HP_LOSS","improvable_cards":{},"seed_source_timestamp":55732531840200,"shop_contents":[{"floor":14,"relics":["Darkstone Periapt","White Beast Statue"],"cards":["Dagger Spray+1","Quick Slash+1","Cloak And Dagger","Caltrops","Finesse","Secret Weapon"],"potions":["Swift Potion","Energy Potion"]},{"floor":28,"relics":["Calipers","Tough Bandages","Toolbox"],"cards":["Flying Knee+1","Dagger Throw+1","Acrobatics","Catalyst","Infinite Blades","Jack Of All Trades","Metamorphosis"],"potions":["Strength Potion","Fire Potion","CunningPotion"]},{"floor":30,"relics":["Toxic Egg 2","CeramicFish","Cauldron"],"cards":["Slice+1","Masterful Stab+1","Reflex","PiercingWail","Swift Strike+1","Panache"],"potions":["SmokeBomb","Fire Potion","Block Potion"]},{"floor":37,"relics":["Dead Branch","Regal Pillow"],"cards":["Dagger Throw+1","Predator+1","Prepared","PiercingWail","Footwork","Dramatic Entrance+1","HandOfGreed+1"],"potions":["AttackPotion","DuplicationPotion","PowerPotion"]},{"floor":39,"relics":["Shuriken","Bottled Flame","OrangePellets"],"cards":["Slice+1","Endless Agony+1","Malaise","Cloak And Dagger","Tools of the Trade","Blind","Master of Strategy"],"potions":["Explosive Potion","Dexterity Potion","Weak Potion"]},{"floor":48,"relics":["Pear","InkBottle","Strange Spoon"],"cards":["Dagger Throw+1","Finisher+1","Venomology","Infinite Blades","Deep Breath","The Bomb"],"potions":["PowerPotion","Explosive Potion","Energy Potion"]},{"floor":54,"relics":["Snake Skull","Happy Flower","TheAbacus"],"cards":["Unload+1","Sucker Punch+1","Tactician","Outmaneuver","Infinite Blades","Forethought","Violence"],"potions":["Weak Potion","GamblersBrew","Weak Potion"]}],"circlet_count":0,"master_deck":["AscendersBane","Defend_G","Defend_G+1","Survivor","Neutralize+1","Dagger Throw+1","Adrenaline+1","Caltrops","Noxious Fumes","Acrobatics+1","Well Laid Plans+1","Slice+1","Reflex+1","Outmaneuver+1","Backflip","After Image","Acrobatics+1","After Image","Underhanded Strike+1","Tactician+1","Clumsy","Flechettes+1","Footwork","Eviscerate+1","Night Terror","Acrobatics","After Image","Blur"],"special_seed":0,"potion_use_per_floor":[[],[],[],[],[],[],["BlessingOfTheForge"],[],[],["PowerPotion"],[],[],[],[],[],[],[],[],[],[],["Block Potion"],[],[],[],["LiquidBronze"],[],[],[],[],[],[],[],[],[],[],["Block Potion","Energy Potion"],[],[],[],[],["Energy Potion"],[],[],[],[],[],[],[],[],[],[],[],[],[],[],["LiquidBronze","SpeedPotion"],[]],"relics":["Ring of the Snake","Whetstone","Centennial Puzzle","Molten Egg 2","Membership Card","Cursed Key","MealTicket","War Paint","Bag of Marbles","Runic Dome","Unceasing Top","Medical Kit","HornCleat","Gambling Chip","Toy Ornithopter"],"potions_floor_usage":[56,56],"damage_taken":[{"damage":0.0,"enemies":"Jaw Worm","floor":1.0,"turns":3.0},{"damage":0.0,"enemies":"Cultist","floor":2.0,"turns":4.0},{"damage":1.0,"enemies":"Small Slimes","floor":5.0,"turns":5.0},{"damage":36.0,"enemies":"3 Sentries","floor":7.0,"turns":7.0},{"damage":5.0,"enemies":"Lagavulin","floor":10.0,"turns":7.0},{"damage":1.0,"enemies":"3 Louse","floor":11.0,"turns":4.0},{"damage":4.0,"enemies":"Exordium Wildlife","floor":12.0,"turns":3.0},{"damage":11.0,"enemies":"Exordium Thugs","floor":13.0,"turns":4.0},{"damage":9.0,"enemies":"The Guardian","floor":16.0,"turns":14.0},{"damage":2.0,"enemies":"3 Byrds","floor":18.0,"turns":3.0},{"damage":3.0,"enemies":"Shell Parasite","floor":19.0,"turns":4.0},{"damage":4.0,"enemies":"Shelled Parasite and Fungi","floor":21.0,"turns":5.0},{"damage":0.0,"enemies":"Centurion and Healer","floor":22.0,"turns":6.0},{"damage":0.0,"enemies":"Snake Plant","floor":24.0,"turns":4.0},{"damage":2.0,"enemies":"Book of Stabbing","floor":25.0,"turns":4.0},{"damage":2.0,"enemies":"Gremlin Leader","floor":29.0,"turns":5.0},{"damage":0.0,"enemies":"Snecko","floor":31.0,"turns":3.0},{"damage":4.0,"enemies":"Champ","floor":33.0,"turns":8.0},{"damage":0.0,"enemies":"3 Darklings","floor":35.0,"turns":6.0},{"damage":49.0,"enemies":"2 Orb Walkers","floor":36.0,"turns":7.0},{"damage":0.0,"enemies":"Orb Walker","floor":38.0,"turns":3.0},{"damage":41.0,"enemies":"Reptomancer","floor":41.0,"turns":8.0},{"damage":0.0,"enemies":"Transient","floor":44.0,"turns":6.0},{"damage":3,"enemies":"Sphere and 2 Shapes","floor":46,"turns":5},{"damage":0,"enemies":"Giant Head","floor":47,"turns":4},{"damage":14,"enemies":"Donu and Deca","floor":50,"turns":6},{"damage":11,"enemies":"Awakened One","floor":51,"turns":8},{"damage":22,"enemies":"Shield and Spear","floor":55,"turns":6},{"damage":32,"enemies":"The Heart","floor":56,"turns":8}],"green_key_taken_log":10,"seed_played":"-2043830248562784616","neow_bonus_log":{"cardsObtained":["Dagger Throw","Adrenaline"],"cardsUpgraded":[],"cardsRemoved":[],"cardsTransformed":["Strike_G","Strike_G"],"relicsObtained":[],"maxHpGained":0,"goldGained":0,"damageTaken":0,"goldLost":0,"maxHpLost":6},"potions_obtained":[{"floor":1.0,"key":"BlessingOfTheForge"},{"floor":4.0,"key":"PowerPotion"},{"floor":10.0,"key":"Energy Potion"},{"floor":22.0,"key":"LiquidBronze"},{"floor":29.0,"key":"Block Potion"},{"floor":38.0,"key":"Energy Potion"},{"floor":44.0,"key":"LiquidBronze"},{"floor":46,"key":"Poison Potion"},{"floor":55,"key":"SpeedPotion"}],"is_trial":false,"path_per_floor":["M","M","?","?","M","R","E","R","T","E","M","M","M","$","R","B",null,"M","M","?","M","M","R","M","E","T","?","$","E","$","M","R","B",null,"M","?","$","M","$","R","E","T","T","M","R","M","E","$","R","B","B",null,"R","$","E","B",null],"character_chosen":"THE_SILENT","basemod:card_modifiers":[null,null,null,null,null,null,null,null,null,null,null,null,null,null,null,null,null,null,null,null,null,null,null,null,null,null,null,null],"items_purchased":["Membership Card","Backflip","Block Potion","Footwork","Medical Kit","Blur"],"campfire_rested":2,"item_purchase_floors":[14,14,14,30,37,48],"current_hp_per_floor":[59,59,64,64,63,63,27,27,27,22,21,17,6,6,25,16,53,51,48,48,44,44,44,44,42,42,42,57,55,65,65,65,61,64,64,15,30,30,45,45,4,4,4,4,23,20,20,35,35,21,10,51,51,65,43,21],"gold":31,"neow_bonus":"TRANSFORM_TWO_CARDS","is_prod":false,"is_daily":false,"rewards_skipped":[{"floor":5,"relics":[],"potions":["ColorlessPotion"]},{"floor":24,"relics":[],"potions":["SneckoOil"]},{"floor":31,"relics":[],"potions":["AttackPotion"]}],"chose_seed":false,"campfire_upgraded":6,"win_rate":0,"floor_exit_playtime":[66,112,121,126,182,209,317,346,349,457,556,607,671,707,710,972,995,1059,1162,1177,1316,1465,1486,1594,1708,1713,1716,1759,1923,1937,2010,2020,2254,2270,2411,2553,2596,2647,2655,2661,2903,2907,2913,3250,3254,3390,3521,3546,3549,3825,4190,4202,4232,4241,4513,4951],"timestamp":1681345506,"blue_key_relic_skipped_log":{"floor":26,"relicID":"Art of War"},"path_taken":["M","M","?","?","M","R","E","R","T","E","M","M","?","$","R","BOSS","M","?","?","M","M","R","M","E","T","?","$","E","$","M","R","BOSS","M","?","$","M","$","R","E","?","T","?","R","M","E","$","R","BOSS","BOSS","R","$","E","BOSS"],"build_version":"2022-12-18","purchased_purges":5,"victory":true,"max_hp_per_floor":[60,60,65,65,65,65,65,65,65,65,65,65,65,65,65,65,65,65,65,65,65,65,65,65,65,65,65,65,65,65,65,65,65,65,65,65,65,65,65,65,65,65,65,65,65,65,65,65,65,65,65,65,65,65,65,65],"relic_stats":{"counters":[29,160],"Whetstone":["Dagger Throw","Neutralize"],"War Paint":["Outmaneuver","Defend_G"],"Cursed Key":1,"Medical Kit":[21],"Centennial Puzzle":[54],"Gambling Chip":[18],"MealTicket":84,"Membership Card":505,"obtain_stats":[{"Whetstone":7,"War Paint":27,"Cursed Key":17,"Medical Kit":37,"Runic Dome":34,"Centennial Puzzle":9,"HornCleat":41,"Gambling Chip":47,"Molten Egg 2":10,"MealTicket":25,"Bag of Marbles":29,"Membership Card":14,"Unceasing Top":36,"Toy Ornithopter":55,"Ring of the Snake":0},{"Whetstone":4,"War Paint":15,"Cursed Key":9,"Medical Kit":20,"Runic Dome":18,"Centennial Puzzle":4,"HornCleat":22,"Gambling Chip":25,"Molten Egg 2":5,"MealTicket":15,"Bag of Marbles":16,"Membership Card":8,"Unceasing Top":20,"Toy Ornithopter":28,"Ring of the Snake":0},{"Whetstone":19,"War Paint":77,"Cursed Key":51,"Medical Kit":106,"Runic Dome":93,"Centennial Puzzle":19,"HornCleat":117,"Gambling Chip":132,"Molten Egg 2":26,"MealTicket":77,"Bag of Marbles":82,"Membership Card":37,"Unceasing Top":106,"Toy Ornithopter":152,"Ring of the Snake":0}],"Unceasing Top":[5],"Toy Ornithopter":10,"Ring of the Snake":[58]},"card_choices":[{"not_picked":["Prepared","Sucker Punch"],"picked":"Caltrops","floor":1.0},{"not_picked":["Outmaneuver","Dagger Throw","Underhanded Strike"],"picked":"SKIP","floor":2.0},{"not_picked":["Sucker Punch","Deadly Poison"],"picked":"Noxious Fumes","floor":5.0},{"not_picked":["Bane","Well Laid Plans"],"picked":"Acrobatics","floor":7.0},{"not_picked":["Terror","Deflect"],"picked":"Well Laid Plans","floor":10.0},{"not_picked":["Blur","Flying Knee+1"],"picked":"Slice+1","floor":11.0},{"not_picked":["Dash+1","Dagger Throw+1"],"picked":"Reflex","floor":12.0},{"not_picked":["Blur","Unload+1"],"picked":"Outmaneuver","floor":13.0},{"not_picked":["Envenom","Tools of the Trade"],"picked":"After Image","floor":16.0},{"not_picked":["Deadly Poison","Blade Dance"],"picked":"Acrobatics","floor":18.0},{"not_picked":["Poisoned Stab+1","Quick Slash+1"],"picked":"After Image","floor":19.0},{"not_picked":["Outmaneuver","Catalyst","Dodge and Roll"],"picked":"SKIP","floor":21.0},{"not_picked":["Catalyst","Deadly Poison+1"],"picked":"Underhanded Strike+1","floor":22.0},{"not_picked":["Dagger Throw+1","Dodge and Roll","Wraith Form v2"],"picked":"SKIP","floor":24.0},{"not_picked":["Dodge and Roll","Unload+1"],"picked":"Tactician","floor":25.0},{"not_picked":["Dodge and Roll","Catalyst"],"picked":"Flechettes+1","floor":29.0},{"not_picked":["Prepared","Catalyst"],"picked":"Eviscerate+1","floor":31.0},{"not_picked":["Corpse Explosion","Tools of the Trade"],"picked":"Night Terror","floor":33.0},{"not_picked":["PiercingWail","Dash+1","Eviscerate+1"],"picked":"SKIP","floor":35.0},{"not_picked":["Masterful Stab+1","Accuracy","Flechettes+1"],"picked":"SKIP","floor":36.0},{"not_picked":["Dagger Throw+1","Quick Slash+1"],"picked":"Acrobatics","floor":38.0},{"not_picked":["Backflip","Leg Sweep"],"picked":"After Image","floor":41.0},{"not_picked":["Quick Slash+1","Slice+1","Bane+1"],"picked":"SKIP","floor":44.0},{"not_picked":["Flying Knee+1","Sucker Punch+1","Poisoned Stab+1"],"picked":"SKIP","floor":46},{"not_picked":["Dash+1","Backflip","Sucker Punch+1"],"picked":"SKIP","floor":47},{"not_picked":["Blade Dance+1","Underhanded Strike+1","Crippling Poison"],"picked":"SKIP","floor":55}],"player_experience":1737824,"relics_obtained":[{"floor":7.0,"key":"Whetstone"},{"floor":9.0,"key":"Centennial Puzzle"},{"floor":10.0,"key":"Molten Egg 2"},{"floor":25.0,"key":"MealTicket"},{"floor":29.0,"key":"Bag of Marbles"},{"floor":36.0,"key":"Unceasing Top"},{"floor":41.0,"key":"HornCleat"},{"floor":47,"key":"Gambling Chip"},{"floor":55,"key":"Toy Ornithopter"}],"event_choices":[{"damage_healed":0.0,"max_hp_gain":5.0,"max_hp_loss":0.0,"gold_gain":0.0,"event_name":"Big Fish","player_choice":"Donut","floor":3.0,"gold_loss":0.0,"damage_taken":0.0},{"damage_healed":0.0,"max_hp_gain":0.0,"max_hp_loss":0.0,"gold_gain":0.0,"event_name":"The Woman in Blue","player_choice":"Bought 1 Potion","floor":4.0,"gold_loss":0.0,"damage_taken":0.0},{"cards_removed":["Strike_G"],"damage_healed":0.0,"max_hp_gain":0.0,"max_hp_loss":0.0,"gold_gain":0.0,"event_name":"Back to Basics","player_choice":"Elegance","floor":20.0,"gold_loss":0.0,"damage_taken":0.0},{"damage_healed":0.0,"max_hp_gain":0.0,"max_hp_loss":0.0,"gold_gain":0.0,"event_name":"Addict","player_choice":"Obtained Relic","floor":27.0,"gold_loss":85.0,"damage_taken":0.0,"relics_obtained":["War Paint"]},{"damage_healed":0.0,"max_hp_gain":0.0,"max_hp_loss":0.0,"gold_gain":0.0,"event_name":"Mysterious Sphere","player_choice":"Fight","floor":36.0,"gold_loss":0.0,"damage_taken":0.0}],"is_beta":false,"boss_relics":[{"not_picked":["Ring of the Serpent","Busted Crown"],"picked":"Cursed Key"},{"not_picked":["Sozu","Black Star"],"picked":"Runic Dome"}],"items_purged_floors":[14,28,30,37,48],"is_endless":false,"potions_floor_spawned":[1,5,10,22,24,29,31,38,44,46,55],"ascension_level":20,"potion_discard_per_floor":[[],[],[],[],[],[],[],[],[],[],[],[],[],[],[],[],[],[],[],[],[],[],[],[],[],[],[],[],[],[],[],[],[],[],[],[],[],[],[],[],[],[],[],[],[],[],[],[],[],[],[],[],[],[],["Poison Potion"],[],[]]}