{"neow_bonuses_skipped_log":["RANDOM_COLORLESS","THREE_SMALL_POTIONS","BOSS_RELIC"],"neow_costs_skipped_log":["NONE","NONE","NONE"],"potions_obtained_entropic_brew":[[],[],[],[],[],[],[],[],[],[],[],[],[],[],[],[],[],[],[],[],[],[],[],[]],"gold_per_floor":[114,39,55,74,94,94,110,110,110,110,122,122,140,165,165,243,243,263,297,297,212,232,232,232],"floor_reached":24,"playtime":1254,"items_purged":["Injury"],"score":396,"play_id":"7c5fb008-c2bc-4d4f-8bab-f7b7e49dbca4","local_time":"20230412182011","score_breakdown":["Floors Climbed (24): 120","Enemies Slain (9): 18","Exordium Elites Killed (1): 10","City Elites Killed (0): 0","Bosses Slain (1): 50","Ascension (20): 198"],"is_ascension_mode":true,"potions_obtained_alchemize":[[],[],[],[],[],[],[],[],[],[],[],[],[],[],[],[],[],[],[],[],[],[],[],[]],"campfire_choices":[{"data":"Blade Dance","floor":6,"key":"SMITH"},{"data":"Predator","floor":8,"key":"SMITH"},{"data":"Finisher","floor":10,"key":"SMITH"},{"data":"Prepared","floor":15,"key":"SMITH"},{"data":"Phantasmal Killer","floor":23,"key":"SMITH"}],"lesson_learned_per_floor":[[],[],[],[],[],[],[],[],[],[],[],[],[],[],[],[],[],[],[],[],[],[],[],[]],"neow_cost":"CURSE","improvable_cards":{},"seed_source_timestamp":51993858669400,"shop_contents":[{"floor":2,"relics":["Potion Belt","Ornamental Fan","TheAbacus"],"cards":["Dagger Spray","Bane","Cloak And Dagger","Acrobatics","Footwork","Panacea","Secret Weapon"],"potions":["Swift Potion","SpeedPotion","Dexterity Potion"]}],"circlet_count":0,"master_deck":["AscendersBane","Strike_G","Strike_G","Strike_G","Strike_G","Strike_G","Defend_G","Defend_G","Defend_G","Defend_G","Defend_G","Survivor","Neutralize","Poisoned Stab+1","Blade Dance+1","Finisher+1","Predator+1","Backflip","Prepared+1","Phantasmal Killer+1","Backflip+1","Tactician"],"potion_use_per_floor":[[],[],[],[],[],[],[],[],[],[],[],[],[],[],[],["Dexterity Potion"],[],[],[],[],[],[],[],["CultistPotion"]],"relics":["Ring of the Snake","Torii","Bag of Marbles","Strawberry","Coffee Dripper","Red Mask","Kunai"],"potions_floor_usage":[16,24],"damage_taken":[{"damage":0,"enemies":"Small Slimes","floor":1,"turns":5},{"damage":0,"enemies":"Cultist","floor":3,"turns":3},{"damage":0,"enemies":"2 Louse","floor":4,"turns":2},{"damage":0,"enemies":"2 Fungi Beasts","floor":5,"turns":4},{"damage":1,"enemies":"Looter","floor":7,"turns":3},{"damage":0,"enemies":"Large Slime","floor":11,"turns":4},{"damage":6,"enemies":"3 Louse","floor":13,"turns":4},{"damage":7,"enemies":"Lagavulin","floor":14,"turns":3},{"damage":50,"enemies":"Hexaghost","floor":16,"turns":12},{"damage":0,"enemies":"Shell Parasite","floor":18,"turns":1},{"damage":6,"enemies":"Masked Bandits","floor":19,"turns":3},{"damage":0,"enemies":"3 Byrds","floor":22,"turns":3},{"damage":53,"enemies":"Slavers","floor":24,"turns":6}],"seed_played":"-6025154210902567852","neow_bonus_log":{"cardsObtained":["Injury"],"cardsUpgraded":[],"cardsRemoved":[],"cardsTransformed":[],"relicsObtained":["Torii"],"maxHpGained":0,"goldGained":0,"damageTaken":0,"goldLost":0,"maxHpLost":0},"potions_obtained":[{"floor":4,"key":"LiquidBronze"},{"floor":14,"key":"Dexterity Potion"},{"floor":16,"key":"PowerPotion"},{"floor":19,"key":"CultistPotion"}],"is_trial":false,"path_per_floor":["M","$","M","M","M","R","M","R","T","R","M","?","M","E","R","B",null,"M","?","?","?","M","R","E"],"character_chosen":"THE_SILENT","basemod:card_modifiers":[null,null,null,null,null,null,null,null,null,null,null,null,null,null,null,null,null,null,null,null,null,null],"items_purchased":[],"campfire_rested":0,"item_purchase_floors":[],"current_hp_per_floor":[59,59,59,59,59,59,58,58,58,58,58,58,52,52,52,2,55,55,49,49,49,49,49,0],"gold":232,"neow_bonus":"ONE_RARE_RELIC","is_prod":false,"is_daily":false,"rewards_skipped":[{"floor":18,"relics":[],"potions":["EssenceOfSteel"]}],"chose_seed":false,"campfire_upgraded":5,"win_rate":0,"floor_exit_playtime":[255,266,315,366,419,427,466,473,476,482,531,549,659,709,715,894,916,948,1023,1040,1048,1106,1114],"timestamp":1681338011,"path_taken":["M","$","M","M","M","R","M","R","T","R","M","?","M","E","R","BOSS","M","?","?","?","M","R","E"],"build_version":"2022-12-18","purchased_purges":1,"victory":false,"max_hp_per_floor":[66,66,66,66,66,66,66,66,66,66,66,66,66,73,73,73,73,73,73,73,73,73,73,73],"relic_stats":{"Torii":29,"counters":[13,53],"Kunai":[5],"obtain_stats":[{"Torii":0,"Strawberry":14,"Bag of Marbles":9,"Coffee Dripper":17,"Red Mask":19,"Kunai":21,"Ring of the Snake":0},{"Torii":0,"Strawberry":8,"Bag of Marbles":5,"Coffee Dripper":9,"Red Mask":11,"Kunai":11,"Ring of the Snake":0},{"Torii":0,"Strawberry":28,"Bag of Marbles":17,"Coffee Dripper":40,"Red Mask":44,"Kunai":44,"Ring of the Snake":0}],"Ring of the Snake":[26]},"card_choices":[{"not_picked":["Heel Hook","Expertise"],"picked":"Poisoned Stab","floor":1},{"not_picked":["Finisher","Eviscerate"],"picked":"Blade Dance","floor":3},{"not_picked":["Quick Slash","Underhanded Strike","Outmaneuver"],"picked":"SKIP","floor":4},{"not_picked":["Quick Slash","Prepared"],"picked":"Finisher","floor":5},{"not_picked":["Prepared","Poisoned Stab"],"picked":"Predator","floor":7},{"not_picked":["PiercingWail","Leg Sweep"],"picked":"Backflip","floor":11},{"not_picked":["Dagger Throw","Riddle With Holes"],"picked":"Prepared","floor":13},{"not_picked":["Cloak And Dagger","Storm of Steel","Outmaneuver"],"picked":"SKIP","floor":14},{"not_picked":["Storm of Steel","Corpse Explosion"],"picked":"Phantasmal Killer","floor":16},{"not_picked":["Blade Dance","Quick Slash"],"picked":"Backflip+1","floor":18},{"not_picked":["Flechettes","Backflip+1"],"picked":"Tactician","floor":19},{"not_picked":["Dodge and Roll","Poisoned Stab","Dagger Spray"],"picked":"SKIP","floor":22}],"player_experience":1734145,"relics_obtained":[{"floor":9,"key":"Bag of Marbles"},{"floor":14,"key":"Strawberry"},{"floor":19,"key":"Red Mask"}],"event_choices":[{"damage_healed":0,"gold_gain":0,"player_choice":"Forge","damage_taken":0,"max_hp_gain":0,"max_hp_loss":0,"event_name":"Accursed Blacksmith","floor":12,"gold_loss":0,"cards_upgraded":["Poisoned Stab"]},{"damage_healed":0,"gold_gain":0,"player_choice":"Fought Bandits","damage_taken":0,"max_hp_gain":0,"max_hp_loss":0,"event_name":"Masked Bandits","floor":19,"gold_loss":0},{"damage_healed":0,"gold_gain":0,"player_choice":"Ignored","damage_taken":0,"max_hp_gain":0,"max_hp_loss":0,"event_name":"Ghosts","floor":20,"gold_loss":0},{"damage_healed":0,"gold_gain":0,"player_choice":"Obtained Relic","damage_taken":0,"relics_obtained":["Kunai"],"max_hp_gain":0,"max_hp_loss":0,"event_name":"Addict","floor":21,"gold_loss":85}],"is_beta":false,"boss_relics":[{"not_picked":["Snecko Eye","SlaversCollar"],"picked":"Coffee Dripper"}],"items_purged_floors":[2],"is_endless":false,"potions_floor_spawned":[4,14,16,18,19],"killed_by":"Slavers","ascension_level":20,"potion_discard_per_floor":[[],[],[],[],[],[],[],[],[],[],[],[],[],[],[],[],[],[],["PowerPotion"],[],[],[],[],[]]}