{"neow_bonuses_skipped_log":["UPGRADE_CARD","TEN_PERCENT_HP_BONUS","BOSS_RELIC"],"potions_obtained_entropic_brew":[[],[],[],[],[],[],[],[],[],[],[],[],[],[],[],[],[],[],[],[],[],[],[],[],[],[],[],[]],"neow_costs_skipped_log":["NONE","NONE","NONE"],"gold_per_floor":[367,379,379,393,23,48,48,13,39,39,50,85,11,39,39,113,113,129,129,54,71,85,85,114,131,131,143,143],"floor_reached":28,"playtime":1527,"items_purged":["Strike_G+1"],"score":616,"play_id":"b2401d74-47dc-494b-a725-e063aec8010d","local_time":"20230411231522","score_breakdown":["Floors Climbed (28): 140","Enemies Slain (9): 18","Exordium Elites Killed (3): 30","City Elites Killed (1): 20","Bosses Slain (1): 50","Champion (1): 25","Overkill: 25","Ascension (20): 308"],"is_ascension_mode":true,"potions_obtained_alchemize":[[],[],[],[],[],[],[],[],[],[],[],[],[],[],[],[],[],[],[],[],[],[],[],[],[],[],[],[]],"campfire_choices":[{"floor":7.0,"key":"REST"},{"floor":15,"key":"REST"},{"data":"Well Laid Plans","floor":23,"key":"SMITH"}],"lesson_learned_per_floor":[[],[],[],[],[],[],[],[],[],[],[],[],[],[],[],[],[],[],[],[],[],[],[],[],[],[],[],[]],"neow_cost":"PERCENT_DAMAGE","improvable_cards":{},"seed_source_timestamp":936321904499200,"shop_contents":[{"floor":5,"relics":["TungstenRod","Medical Kit"],"cards":["Bane","Backstab","Bouncing Flask+1","Panacea+1","Violence+1"],"potions":["ColorlessPotion","ColorlessPotion","Explosive Potion"]},{"floor":13,"relics":["Mummified Hand","Bottled Tornado","Lee\u0027s Waffle"],"cards":["All Out Attack","Choke","Concentrate+1","Storm of Steel+1","Impatience+1","The Bomb+1"],"potions":["BlessingOfTheForge","Swift Potion","ColorlessPotion"]},{"floor":20,"relics":["Bottled Flame","Lizard Tail","HandDrill"],"cards":["Eviscerate","All Out Attack","Outmaneuver+1","Blade Dance+1","Envenom","Madness+1","Panache"],"potions":["CunningPotion","SpeedPotion","FearPotion"]}],"circlet_count":0,"master_deck":["AscendersBane","Strike_G+1","Strike_G+1","Strike_G+1","Strike_G+1","Defend_G+1","Defend_G+1","Defend_G+1","Defend_G+1","Survivor","Neutralize","Poisoned Stab","Blade Dance","Accuracy","Acrobatics+1","Grand Finale","Dodge and Roll+1","Well Laid Plans+1","Die Die Die","Doppelganger+1","Acrobatics+1","Acrobatics+1","Backflip+1"],"special_seed":0,"potion_use_per_floor":[[],[],[],["SneckoOil"],[],["DuplicationPotion"],[],[],[],[],[],[],[],[],[],["LiquidBronze"],[],[],[],[],[],[],[],["Poison Potion"],[],[],[],["Strength Potion","Strength Potion"]],"relics":["Ring of the Snake","Toxic Egg 2","Pen Nib","Oddly Smooth Stone","Pear","Turnip","Potion Belt","Coffee Dripper","Ginger"],"potions_floor_usage":[16,24,28,28],"damage_taken":[{"damage":1.0,"enemies":"2 Louse","floor":1.0,"turns":4.0},{"damage":4.0,"enemies":"Small Slimes","floor":2.0,"turns":4.0},{"damage":7.0,"enemies":"Jaw Worm","floor":4.0,"turns":5.0},{"damage":24.0,"enemies":"Gremlin Nob","floor":6.0,"turns":4.0},{"damage":0.0,"enemies":"Red Slaver","floor":11.0,"turns":3.0},{"damage":5.0,"enemies":"3 Sentries","floor":12.0,"turns":3.0},{"damage":26,"enemies":"Gremlin Nob","floor":14,"turns":4},{"damage":21,"enemies":"Hexaghost","floor":16,"turns":9},{"damage":2,"enemies":"Shell Parasite","floor":18,"turns":5},{"damage":13,"enemies":"Spheric Guardian","floor":21,"turns":5},{"damage":0,"enemies":"Centurion and Healer","floor":22,"turns":2},{"damage":0,"enemies":"Gremlin Leader","floor":24,"turns":4},{"damage":0,"enemies":"Snake Plant","floor":25,"turns":5},{"damage":0,"enemies":"3 Cultists","floor":27,"turns":2},{"damage":53,"enemies":"Slavers","floor":28,"turns":4}],"seed_played":"9122769614171824228","neow_bonus_log":{"cardsObtained":[],"cardsUpgraded":[],"cardsRemoved":[],"cardsTransformed":[],"relicsObtained":[],"maxHpGained":0,"goldGained":250,"damageTaken":15,"goldLost":0,"maxHpLost":0},"potions_obtained":[{"floor":1.0,"key":"LiquidBronze"},{"floor":2.0,"key":"SneckoOil"},{"floor":4.0,"key":"DuplicationPotion"},{"floor":22,"key":"Poison Potion"},{"floor":24,"key":"Strength Potion"},{"floor":27,"key":"Strength Potion"}],"is_trial":false,"path_per_floor":["M","M","?","M","$","E","R","?","T","T","M","E","$","E","R","B",null,"M","?","$","M","M","R","E","M","T","M","E"],"character_chosen":"THE_SILENT","basemod:card_modifiers":[null,null,null,null,null,null,null,null,null,null,null,null,null,null,null,null,null,null,null,null,null,null,null],"items_purchased":["Toxic Egg 2","Accuracy","Acrobatics+1","Well Laid Plans"],"campfire_rested":2,"item_purchase_floors":[5,5,5,13],"current_hp_per_floor":[43,39,32,25,25,1,20,36,36,46,46,41,41,15,37,16,61,59,59,59,46,46,46,46,46,46,46,0],"gold":143,"neow_bonus":"TWO_FIFTY_GOLD","is_prod":false,"is_daily":false,"rewards_skipped":[],"chose_seed":false,"campfire_upgraded":1,"win_rate":0,"floor_exit_playtime":[58,103,110,166,198,260,263,266,271,275,336,386,399,463,475,701,752,833,840,852,939,1001,1017,1184,1295,1304,1382],"timestamp":1681269322,"blue_key_relic_skipped_log":{"floor":26,"relicID":"Regal Pillow"},"path_taken":["M","M","?","M","$","E","R","?","T","?","M","E","$","E","R","BOSS","M","?","$","M","M","R","E","M","T","M","E"],"build_version":"2022-12-18","purchased_purges":1,"victory":false,"max_hp_per_floor":[66,66,66,66,66,66,66,66,66,76,76,76,76,76,76,76,76,76,76,76,76,76,76,76,76,76,76,76],"relic_stats":{"counters":[15,63],"Pen Nib":[10],"Turnip":[13],"Ginger":[8],"obtain_stats":[{"Potion Belt":14,"Pear":10,"Oddly Smooth Stone":9,"Pen Nib":6,"Turnip":12,"Coffee Dripper":17,"Ginger":24,"Toxic Egg 2":5,"Ring of the Snake":0},{"Potion Belt":7,"Pear":4,"Oddly Smooth Stone":4,"Pen Nib":4,"Turnip":6,"Coffee Dripper":8,"Ginger":12,"Toxic Egg 2":3,"Ring of the Snake":0},{"Potion Belt":27,"Pear":17,"Oddly Smooth Stone":17,"Pen Nib":17,"Turnip":23,"Coffee Dripper":36,"Ginger":52,"Toxic Egg 2":13,"Ring of the Snake":0}],"Ring of the Snake":[30]},"card_choices":[{"not_picked":["PiercingWail","Blur"],"picked":"Poisoned Stab","floor":1.0},{"not_picked":["Outmaneuver","Heel Hook","Prepared"],"picked":"SKIP","floor":2.0},{"not_picked":["Slice","Accuracy"],"picked":"Blade Dance","floor":4.0},{"not_picked":["Blur+1","Dodge and Roll+1"],"picked":"Grand Finale","floor":6.0},{"not_picked":["Poisoned Stab","Catalyst+1","Skewer"],"picked":"SKIP","floor":11.0},{"not_picked":["Choke","Quick Slash"],"picked":"Dodge and Roll+1","floor":12.0},{"not_picked":["All Out Attack","Catalyst+1"],"picked":"Die Die Die","floor":14},{"not_picked":["Phantasmal Killer+1","Unload"],"picked":"Doppelganger+1","floor":16},{"not_picked":["Bane","Outmaneuver+1","All Out Attack"],"picked":"SKIP","floor":18},{"not_picked":["Escape Plan+1","Flying Knee"],"picked":"Acrobatics+1","floor":21},{"not_picked":["Quick Slash","Outmaneuver+1"],"picked":"Acrobatics+1","floor":22},{"not_picked":["Blade Dance+1","Dodge and Roll+1"],"picked":"Backflip+1","floor":24},{"not_picked":["Sucker Punch","Skewer","Predator+1"],"picked":"SKIP","floor":25},{"not_picked":["Flying Knee","Dagger Spray","PiercingWail+1"],"picked":"SKIP","floor":27}],"player_experience":1709207,"relics_obtained":[{"floor":6.0,"key":"Pen Nib"},{"floor":9.0,"key":"Oddly Smooth Stone"},{"floor":10.0,"key":"Pear"},{"floor":12.0,"key":"Turnip"},{"floor":14,"key":"Potion Belt"},{"floor":24,"key":"Ginger"}],"event_choices":[{"cards_removed":["Defend_G"],"damage_healed":0.0,"max_hp_gain":0.0,"max_hp_loss":0.0,"gold_gain":0.0,"event_name":"Golden Wing","player_choice":"Card Removal","floor":3.0,"gold_loss":0.0,"damage_taken":7.0},{"damage_healed":16.0,"max_hp_gain":0.0,"max_hp_loss":0.0,"gold_gain":0.0,"event_name":"The Cleric","player_choice":"Healed","floor":8.0,"gold_loss":35.0,"damage_taken":0.0},{"damage_healed":0,"gold_gain":0,"player_choice":"Simplicity","damage_taken":0,"max_hp_gain":0,"max_hp_loss":0,"event_name":"Back to Basics","floor":19,"gold_loss":0,"cards_upgraded":["Strike_G","Strike_G","Strike_G","Strike_G","Strike_G","Defend_G","Defend_G","Defend_G","Defend_G"]}],"is_beta":false,"boss_relics":[{"not_picked":["Black Star","Calling Bell"],"picked":"Coffee Dripper"}],"items_purged_floors":[20],"is_endless":false,"potions_floor_spawned":[1,2,4,22,24,27],"killed_by":"Slavers","ascension_level":20,"potion_discard_per_floor":[[],[],[],[],[],[],[],[],[],[],[],[],[],[],[],[],[],[],[],[],[],[],[],[],[],[],[],[]]}