{"neow_bonuses_skipped_log":["RANDOM_COLORLESS","TEN_PERCENT_HP_BONUS","BOSS_RELIC"],"neow_costs_skipped_log":["NONE","NONE","NONE"],"potions_obtained_entropic_brew":[[],[],[],[]],"gold_per_floor":[111,111,126,126],"floor_reached":4,"playtime":199,"items_purged":[],"score":48,"play_id":"565e4a36-761c-4df6-b65e-fab5ecf9f880","local_time":"20230417170631","score_breakdown":["Floors Climbed (4): 20","Enemies Slain (2): 4","Exordium Elites Killed (0): 0","Bosses Slain (0): 0","Ascension (20): 24"],"is_ascension_mode":true,"potions_obtained_alchemize":[[],[],[],[]],"campfire_choices":[],"lesson_learned_per_floor":[[],[],[],[]],"neow_cost":"PERCENT_DAMAGE","improvable_cards":{},"seed_source_timestamp":480629745959400,"shop_contents":[],"circlet_count":0,"master_deck":["AscendersBane","Strike_G","Strike_G","Strike_G","Strike_G","Defend_G","Defend_G","Defend_G","Defend_G","Defend_G","Survivor","Neutralize","Adrenaline","Backstab","Skewer","All Out Attack"],"potion_use_per_floor":[[],[],[],[]],"relics":["Ring of the Snake"],"potions_floor_usage":[],"damage_taken":[{"damage":0,"enemies":"2 Louse","floor":1,"turns":4},{"damage":0,"enemies":"Jaw Worm","floor":3,"turns":2}],"seed_played":"-5011842101815290778","neow_bonus_log":{"cardsObtained":[],"cardsUpgraded":[],"cardsRemoved":[],"cardsTransformed":[],"relicsObtained":[],"maxHpGained":0,"goldGained":0,"damageTaken":15,"goldLost":0,"maxHpLost":0},"potions_obtained":[{"floor":1,"key":"SneckoOil"}],"is_trial":false,"path_per_floor":["M","?","M","?"],"character_chosen":"THE_SILENT","basemod:card_modifiers":[null,null,null,null,null,null,null,null,null,null,null,null,null,null,null,null],"items_purchased":[],"campfire_rested":0,"item_purchase_floors":[],"current_hp_per_floor":[44,44,44,0],"gold":126,"neow_bonus":"THREE_RARE_CARDS","is_prod":false,"is_daily":false,"rewards_skipped":[],"chose_seed":false,"campfire_upgraded":0,"win_rate":0,"floor_exit_playtime":[79,89,194],"timestamp":1681765591,"path_taken":["M","?","M","?"],"build_version":"2022-12-18","purchased_purges":0,"victory":false,"max_hp_per_floor":[66,66,66,66],"relic_stats":{"counters":[2,6],"obtain_stats":[{"Ring of the Snake":0},{"Ring of the Snake":0},{"Ring of the Snake":0}],"Ring of the Snake":[4]},"card_choices":[{"not_picked":["Storm of Steel","Burst"],"picked":"Adrenaline","floor":0},{"not_picked":["Backflip","Concentrate"],"picked":"Backstab","floor":1},{"not_picked":["Quick Slash","Poisoned Stab"],"picked":"All Out Attack","floor":3}],"player_experience":1811412,"relics_obtained":[],"event_choices":[{"damage_healed":0,"gold_gain":0,"cards_transformed":["Strike_G"],"player_choice":"Change","damage_taken":0,"max_hp_gain":0,"max_hp_loss":0,"event_name":"Living Wall","floor":2,"gold_loss":0,"cards_obtained":["Skewer"]}],"is_beta":false,"boss_relics":[],"items_purged_floors":[],"is_endless":false,"potions_floor_spawned":[1],"ascension_level":20,"potion_discard_per_floor":[[],[],[],[]]}