{"neow_bonuses_skipped_log":["TEN_PERCENT_HP_BONUS","TWENTY_PERCENT_HP_BONUS","BOSS_RELIC"],"potions_obtained_entropic_brew":[[],[],[],[],[],[],[],[],[],[],[],[],[],[],[],[],[],[],[],[],[],[],[],[],[],[],[],[],[],[],[],[],[],[],[],[],[],[],[],[],[],[],[],[],[],[],[],[],[],[],[],[],[],[],[]],"neow_costs_skipped_log":["NONE","PERCENT_DAMAGE","NONE"],"gold_per_floor":[111,131,1,20,20,20,35,71,71,71,104,104,137,156,156,254,254,277,277,302,302,302,337,337,348,375,410,195,211,161,179,179,256,256,269,287,237,237,247,282,282,312,312,324,324,75,92,112,112,112,112,112,112,8,8],"floor_reached":55,"playtime":3595,"items_purged":["Defend_G","Envenom","Unload","Flying Knee","Normality","Dagger Spray+1"],"score":1924,"play_id":"2f41a81d-bbbb-44bc-8aa3-80f70eeb97d5","local_time":"20230419182811","falling_options_log":["Venomology","Footwork"],"score_breakdown":["Floors Climbed (55): 275","Enemies Slain (16): 32","Exordium Elites Killed (3): 30","City Elites Killed (2): 40","Beyond Elites Killed (2): 60","Bosses Slain (4): 500","Champion (1): 25","Ascension (20): 962"],"is_ascension_mode":true,"potions_obtained_alchemize":[[],[],[],[],[],[],[],[],[],[],[],[],[],[],[],[],[],[],[],[],[],[],[],[],[],[],[],[],[],[],[],[],[],[],[],[],[],[],["Regen Potion"],["Fire Potion","PowerPotion","SteroidPotion"],[],["Swift Potion"],[],["LiquidMemories","LiquidBronze","Poison Potion","AttackPotion","DistilledChaos"],[],[],["ColorlessPotion","Fire Potion","EssenceOfSteel","Explosive Potion"],[],[],["EssenceOfSteel"],["Swift Potion","SpeedPotion","Block Potion","Energy Potion"],[],[],[],[]],"campfire_choices":[{"data":"Dagger Spray","floor":6.0,"key":"SMITH"},{"data":"Cloak And Dagger","floor":10.0,"key":"SMITH"},{"data":"Terror","floor":12.0,"key":"SMITH"},{"data":"Phantasmal Killer","floor":15.0,"key":"SMITH"},{"data":"Setup","floor":24.0,"key":"SMITH"},{"data":"Noxious Fumes","floor":32.0,"key":"SMITH"},{"data":"Acrobatics","floor":41,"key":"SMITH"},{"floor":45,"key":"REST"},{"floor":49,"key":"RECALL"},{"floor":53,"key":"REST"}],"lesson_learned_per_floor":[[],[],[],[],[],[],[],[],[],[],[],[],[],[],[],[],[],[],[],[],[],[],[],[],[],[],[],[],[],[],[],[],[],[],[],[],[],[],[],[],[],[],[],[],[],[],[],[],[],[],[],[],[],[],[]],"neow_cost":"NONE","improvable_cards":{},"seed_source_timestamp":654912477716500,"shop_contents":[{"floor":3,"relics":["Blood Vial","Meat on the Bone","TheAbacus"],"cards":["Unload","Skewer","Crippling Poison","Prepared","Infinite Blades","Swift Strike","Metamorphosis"],"potions":["LiquidMemories","EssenceOfSteel"]},{"floor":28,"relics":["Sundial","CeramicFish"],"cards":["Eviscerate","Backstab","Tactician","Cloak And Dagger","Infinite Blades","Blind","Apotheosis"],"potions":["Regen Potion","Weak Potion","AttackPotion"]},{"floor":30,"relics":["Letter Opener","Prayer Wheel","ClockworkSouvenir"],"cards":["Slice","Backstab","Tactician","Outmaneuver","Caltrops","PanicButton","Mayhem"],"potions":["SpeedPotion","SteroidPotion","Energy Potion"]},{"floor":37,"relics":["Art of War","Gambling Chip","Lee\u0027s Waffle"],"cards":["Endless Agony","Dagger Throw","Concentrate","Blur","Caltrops","Impatience","The Bomb"],"potions":["FairyPotion","PowerPotion","SmokeBomb"]},{"floor":46,"relics":["Bottled Tornado","Shuriken"],"cards":["Predator","Bane","Concentrate","Outmaneuver","Deep Breath","Magnetism"],"potions":["ColorlessPotion","Energy Potion","GamblersBrew"]},{"floor":54,"relics":["Pen Nib","Anchor","Frozen Eye"],"cards":["Slice","Endless Agony","Expertise","Venomology","A Thousand Cuts","Purity","Violence"],"potions":["AttackPotion","AttackPotion"]}],"circlet_count":0,"master_deck":["AscendersBane","Survivor","Neutralize","Masterful Stab+1","Cloak And Dagger+1","Terror+1","Phantasmal Killer+1","Night Terror","Underhanded Strike","Noxious Fumes+1","Footwork","Dash+1","Dagger Throw","Setup+1","Backflip","Backflip+1","Die Die Die","Venomology","Acrobatics+1","Deflect+1","Sucker Punch+1","Burst","Acrobatics","Well Laid Plans","Dodge and Roll+1"],"special_seed":0,"potion_use_per_floor":[[],[],[],[],[],[],[],["SteroidPotion"],[],[],["BlessingOfTheForge"],[],[],[],[],["DuplicationPotion"],[],[],[],[],[],[],["Block Potion"],[],[],[],["EssenceOfSteel"],[],[],[],[],[],["Fire Potion"],[],[],["Block Potion"],[],[],["Regen Potion","SpeedPotion"],["AttackPotion","Fire Potion"],[],["PowerPotion","Swift Potion"],[],["LiquidMemories","Poison Potion","SteroidPotion"],[],[],["ColorlessPotion","Fire Potion","EssenceOfSteel"],[],[],["LiquidMemories"],["EssenceOfSteel","DistilledChaos","Swift Potion","Block Potion","Energy Potion"],[],[],[],[]],"relics":["Ring of the Snake","Bloody Idol","Smiling Mask","Matryoshka","StoneCalendar","Question Card","Pandora\u0027s Box","Bag of Marbles","Ornamental Fan","Centennial Puzzle","Oddly Smooth Stone","Whetstone","Boot","Toolbox","Cursed Key","Blue Candle","Singing Bowl","OrangePellets"],"potions_floor_usage":[42,42,44,44,44,47,47,47,50,51,51,51,51,51],"damage_taken":[{"damage":1.0,"enemies":"Cultist","floor":1.0,"turns":4.0},{"damage":2.0,"enemies":"Jaw Worm","floor":2.0,"turns":4.0},{"damage":0.0,"enemies":"2 Louse","floor":4.0,"turns":3.0},{"damage":0.0,"enemies":"Blue Slaver","floor":7.0,"turns":3.0},{"damage":0.0,"enemies":"Gremlin Nob","floor":8.0,"turns":2.0},{"damage":10.0,"enemies":"Lagavulin","floor":11.0,"turns":6.0},{"damage":8.0,"enemies":"Gremlin Nob","floor":13.0,"turns":3.0},{"damage":1.0,"enemies":"3 Louse","floor":14.0,"turns":3.0},{"damage":7.0,"enemies":"Slime Boss","floor":16.0,"turns":6.0},{"damage":0.0,"enemies":"3 Byrds","floor":18.0,"turns":3.0},{"damage":0.0,"enemies":"Spheric Guardian","floor":20.0,"turns":3.0},{"damage":14.0,"enemies":"Gremlin Leader","floor":23.0,"turns":5.0},{"damage":12.0,"enemies":"3 Cultists","floor":25.0,"turns":3.0},{"damage":8.0,"enemies":"Book of Stabbing","floor":27.0,"turns":4.0},{"damage":0.0,"enemies":"Cultist and Chosen","floor":29.0,"turns":3.0},{"damage":1.0,"enemies":"Snake Plant","floor":31.0,"turns":3.0},{"damage":4.0,"enemies":"Collector","floor":33.0,"turns":5.0},{"damage":0.0,"enemies":"Orb Walker","floor":35.0,"turns":2.0},{"damage":2.0,"enemies":"3 Darklings","floor":36.0,"turns":3.0},{"damage":11.0,"enemies":"Sphere and 2 Shapes","floor":39.0,"turns":7.0},{"damage":36.0,"enemies":"Nemesis","floor":40.0,"turns":7.0},{"damage":2,"enemies":"Giant Head","floor":42,"turns":6},{"damage":14,"enemies":"Writhing Mass","floor":44,"turns":8},{"damage":0,"enemies":"Spire Growth","floor":47,"turns":4},{"damage":2,"enemies":"Jaw Worm Horde","floor":48,"turns":2},{"damage":14,"enemies":"Time Eater","floor":50,"turns":8},{"damage":31,"enemies":"Donu and Deca","floor":51,"turns":11},{"damage":63,"enemies":"Shield and Spear","floor":55,"turns":2}],"green_key_taken_log":23,"seed_played":"8035682166031268497","neow_bonus_log":{"cardsObtained":[],"cardsUpgraded":[],"cardsRemoved":[],"cardsTransformed":[],"relicsObtained":[],"maxHpGained":0,"goldGained":0,"damageTaken":0,"goldLost":0,"maxHpLost":0},"potions_obtained":[{"floor":4.0,"key":"LiquidBronze"},{"floor":8.0,"key":"BlessingOfTheForge"},{"floor":13.0,"key":"DuplicationPotion"},{"floor":14.0,"key":"Fire Potion"},{"floor":16.0,"key":"Block Potion"},{"floor":23.0,"key":"FearPotion"},{"floor":25.0,"key":"EssenceOfSteel"},{"floor":27.0,"key":"SpeedPotion"},{"floor":35.0,"key":"Block Potion"},{"floor":39.0,"key":"AttackPotion"},{"floor":48,"key":"LiquidMemories"}],"is_trial":false,"path_per_floor":["M","M","$","M","?","R","M","E","T","R","E","R","E","M","R","B",null,"M","?","M","T","?","E","R","M","T","E","$","M","$","M","R","B",null,"M","M","$","?","M","E","R","E","T","M","R","$","M","M","R","B","B",null,"R","$","E"],"character_chosen":"THE_SILENT","basemod:card_modifiers":[null,null,null,null,null,null,null,null,null,null,null,null,null,null,null,null,null,null,null,null,null,null,null,null,null],"items_purchased":["SteroidPotion","Toolbox","OrangePellets","Well Laid Plans","Dexterity Potion"],"campfire_rested":2,"item_purchase_floors":[3,28,46,46,54],"current_hp_per_floor":[58,56,56,56,56,56,56,56,56,56,46,46,38,37,37,30,53,53,53,53,53,53,44,44,37,42,39,39,44,44,48,48,49,57,60,60,60,60,60,29,29,32,32,23,41,41,48,51,51,37,6,48,62,62,0],"gold":8,"neow_bonus":"THREE_CARDS","is_prod":false,"is_daily":false,"rewards_skipped":[{"floor":29,"relics":[],"potions":["LiquidBronze"]},{"floor":40,"relics":[],"potions":["ColorlessPotion"]}],"chose_seed":false,"campfire_upgraded":7,"win_rate":0,"floor_exit_playtime":[51,108,141,178,181,189,221,249,253,259,332,338,360,455,461,543,599,658,664,750,754,768,854,870,966,983,1056,1106,1178,1224,1303,1318,1441,1498,1556,1619,1667,1674,1887,2086,2092,2294,2300,2510,2528,2567,2740,2824,2826,3111,3439,3452,3460,3506],"timestamp":1681943291,"blue_key_relic_skipped_log":{"floor":43,"relicID":"Kunai"},"path_taken":["M","M","?","M","?","R","M","E","T","R","E","R","E","M","R","BOSS","M","?","M","?","?","E","R","M","T","E","$","M","$","M","R","BOSS","M","M","$","?","M","E","R","E","T","M","R","$","M","M","R","BOSS","BOSS","R","$","E"],"build_version":"2022-12-18","purchased_purges":6,"victory":false,"max_hp_per_floor":[66,66,66,66,60,60,60,60,60,60,60,60,60,60,60,60,60,60,60,60,60,60,60,60,60,60,60,60,60,60,60,60,60,60,60,60,60,60,60,60,60,60,60,60,60,60,62,62,62,62,62,62,62,62,62],"relic_stats":{"Singing Bowl":2,"counters":[28,123],"Blue Candle":[1],"StoneCalendar":[203],"Whetstone":["Dash","Masterful Stab"],"Smiling Mask":500,"Question Card":18,"Boot":[77],"Cursed Key":1,"OrangePellets":[3],"Centennial Puzzle":[39],"Matryoshka":2,"Ornamental Fan":[172],"Bloody Idol":65,"Pandora\u0027s Box":["Flying Knee","Underhanded Strike","Noxious Fumes","Footwork","Dash","Unload","Dagger Throw","Envenom","Setup"],"obtain_stats":[{"Singing Bowl":42,"Golden Idol":5,"Blue Candle":40,"Oddly Smooth Stone":26,"StoneCalendar":11,"Whetstone":26,"Smiling Mask":8,"Question Card":13,"Boot":27,"Cursed Key":34,"OrangePellets":46,"Centennial Puzzle":23,"Matryoshka":9,"Ornamental Fan":21,"Bloody Idol":22,"Toolbox":28,"Pandora\u0027s Box":17,"Bag of Marbles":21,"Ring of the Snake":0},{"Singing Bowl":22,"Golden Idol":3,"Blue Candle":21,"Oddly Smooth Stone":13,"StoneCalendar":6,"Whetstone":13,"Smiling Mask":5,"Question Card":7,"Boot":14,"Cursed Key":17,"OrangePellets":23,"Centennial Puzzle":12,"Matryoshka":5,"Ornamental Fan":11,"Bloody Idol":11,"Toolbox":14,"Pandora\u0027s Box":9,"Bag of Marbles":11,"Ring of the Snake":0},{"Singing Bowl":88,"Golden Idol":11,"Blue Candle":82,"Oddly Smooth Stone":48,"StoneCalendar":22,"Whetstone":48,"Smiling Mask":16,"Question Card":25,"Boot":52,"Cursed Key":63,"OrangePellets":96,"Centennial Puzzle":45,"Matryoshka":16,"Ornamental Fan":40,"Bloody Idol":40,"Toolbox":52,"Pandora\u0027s Box":34,"Bag of Marbles":40,"Ring of the Snake":0}],"Ring of the Snake":[56]},"card_choices":[{"not_picked":["Flying Knee","Outmaneuver"],"picked":"Dagger Spray","floor":0.0},{"not_picked":["Deflect","Dodge and Roll"],"picked":"Masterful Stab","floor":1.0},{"not_picked":["Distraction","Flying Knee","Deadly Poison"],"picked":"SKIP","floor":2.0},{"not_picked":["Dodge and Roll","Doppelganger"],"picked":"Backstab","floor":4.0},{"not_picked":["Quick Slash","Deflect"],"picked":"Cloak And Dagger","floor":7.0},{"not_picked":["Choke","Dodge and Roll","Dagger Spray"],"picked":"SKIP","floor":8.0},{"not_picked":["Prepared","Deadly Poison"],"picked":"Terror","floor":11.0},{"not_picked":["Slice","PiercingWail"],"picked":"Phantasmal Killer","floor":13.0},{"not_picked":["Outmaneuver","Dagger Spray","Skewer","Cloak And Dagger"],"picked":"SKIP","floor":14.0},{"not_picked":["Bullet Time","Grand Finale","A Thousand Cuts"],"picked":"Night Terror","floor":16.0},{"not_picked":["Blade Dance","Slice","Deflect"],"picked":"Backflip","floor":18.0},{"not_picked":["Dodge and Roll","Crippling Poison","Sucker Punch","Deadly Poison"],"picked":"SKIP","floor":20.0},{"not_picked":["Poisoned Stab","Glass Knife","Slice+1"],"picked":"Backflip+1","floor":23.0},{"not_picked":["Quick Slash","Underhanded Strike","Blade Dance","Endless Agony"],"picked":"SKIP","floor":25.0},{"not_picked":["Outmaneuver","Underhanded Strike","Dagger Spray"],"picked":"Die Die Die","floor":27.0},{"not_picked":["Dodge and Roll","Deadly Poison","Bouncing Flask","Flying Knee"],"picked":"SKIP","floor":29.0},{"not_picked":["Blade Dance","Accuracy","Slice","Deflect"],"picked":"SKIP","floor":31.0},{"not_picked":["Corpse Explosion","Envenom","Storm of Steel"],"picked":"Venomology","floor":33.0},{"not_picked":["Slice+1","Bouncing Flask","Dagger Spray","Masterful Stab"],"picked":"SKIP","floor":35.0},{"not_picked":["Flying Knee","Sucker Punch","Setup+1"],"picked":"Acrobatics","floor":36.0},{"not_picked":["Accuracy","Quick Slash","Infinite Blades+1"],"picked":"Deflect+1","floor":39.0},{"not_picked":["Cloak And Dagger+1","Terror","Crippling Poison+1"],"picked":"Sucker Punch+1","floor":40.0},{"not_picked":["Infinite Blades","Cloak And Dagger","Outmaneuver"],"picked":"Burst","floor":42},{"not_picked":["Skewer","Expertise","Bane"],"picked":"Acrobatics","floor":44},{"not_picked":["Cloak And Dagger","Poisoned Stab+1","Flying Knee","Finisher+1"],"picked":"Singing Bowl","floor":47},{"not_picked":["Concentrate","Flying Knee+1","Slice"],"picked":"Dodge and Roll+1","floor":48}],"player_experience":1821644,"relics_obtained":[{"floor":8.0,"key":"Smiling Mask"},{"floor":9.0,"key":"Matryoshka"},{"floor":11.0,"key":"StoneCalendar"},{"floor":13.0,"key":"Question Card"},{"floor":21.0,"key":"Bag of Marbles"},{"floor":21.0,"key":"Ornamental Fan"},{"floor":23.0,"key":"Centennial Puzzle"},{"floor":26.0,"key":"Oddly Smooth Stone"},{"floor":26.0,"key":"Whetstone"},{"floor":27.0,"key":"Boot"},{"floor":40.0,"key":"Blue Candle"},{"floor":42,"key":"Singing Bowl"}],"event_choices":[{"damage_healed":0.0,"max_hp_gain":0.0,"max_hp_loss":6.0,"gold_gain":0.0,"event_name":"Golden Idol","player_choice":"Lose Max HP","floor":5.0,"gold_loss":0.0,"damage_taken":0.0,"relics_obtained":["Golden Idol"]},{"damage_healed":0.0,"max_hp_gain":0.0,"max_hp_loss":0.0,"gold_gain":0.0,"event_name":"Vampires","player_choice":"Ignored","floor":19.0,"gold_loss":0.0,"damage_taken":0.0},{"damage_healed":0.0,"max_hp_gain":0.0,"max_hp_loss":0.0,"gold_gain":0.0,"event_name":"Forgotten Altar","player_choice":"Gave Idol","floor":22.0,"relics_lost":["Golden Idol"],"gold_loss":0.0,"damage_taken":0.0,"relics_obtained":["Bloody Idol"]},{"cards_removed":["Backstab"],"damage_healed":0.0,"max_hp_gain":0.0,"max_hp_loss":0.0,"gold_gain":0.0,"event_name":"Falling","player_choice":"Removed Attack","floor":38.0,"gold_loss":0.0,"damage_taken":0.0}],"is_beta":false,"boss_relics":[{"not_picked":["Runic Dome","Calling Bell"],"picked":"Pandora\u0027s Box"},{"not_picked":["Black Star","Tiny House"],"picked":"Cursed Key"}],"items_purged_floors":[3,28,30,37,46,54],"is_endless":false,"potions_floor_spawned":[4,8,13,14,16,23,25,27,29,35,39,40,48],"killed_by":"Shield and Spear","ascension_level":20,"potion_discard_per_floor":[[],[],[],[],[],[],[],[],[],[],[],[],[],["LiquidBronze"],[],[],[],[],[],[],[],[],[],[],["FearPotion"],[],[],[],[],[],[],[],[],[],[],[],[],[],[],[],[],[],[],["LiquidBronze"],[],[],["AttackPotion"],["Explosive Potion"],[],[],[],[],[],[],[]]}