{"neow_bonuses_skipped_log":["UPGRADE_CARD","RANDOM_COMMON_RELIC","BOSS_RELIC"],"potions_obtained_entropic_brew":[[],[],[],[],[],[],[],[],[],[],[],[],[],[],[],[]],"neow_costs_skipped_log":["NONE","NONE","NONE"],"gold_per_floor":[110,110,127,202,30,30,44,71,125,145,163,163,174,187,187,187],"floor_reached":16,"playtime":490,"items_purged":["Defend_G"],"score":208,"play_id":"1cd3aa46-430e-4a5c-bd63-1ba8b34b8b74","local_time":"20230416221714","score_breakdown":["Floors Climbed (16): 80","Enemies Slain (7): 14","Exordium Elites Killed (1): 10","Bosses Slain (0): 0","Ascension (20): 104"],"is_ascension_mode":true,"potions_obtained_alchemize":[[],[],[],[],[],[],[],[],[],[],[],[],[],[],[],[]],"campfire_choices":[{"floor":6,"key":"REST"},{"floor":12,"key":"REST"},{"data":"Setup","floor":15,"key":"SMITH"}],"lesson_learned_per_floor":[[],[],[],[],[],[],[],[],[],[],[],[],[],[],[],[]],"neow_cost":"TEN_PERCENT_HP_LOSS","improvable_cards":{},"seed_source_timestamp":412582177428400,"shop_contents":[{"floor":5,"relics":["Lizard Tail","Shuriken","TwistedFunnel"],"cards":["Poisoned Stab","All Out Attack","Crippling Poison","Forethought","Thinking Ahead"],"potions":["Fire Potion","Explosive Potion","Regen Potion"]}],"circlet_count":0,"master_deck":["AscendersBane","Strike_G","Strike_G+1","Strike_G","Strike_G","Strike_G","Defend_G","Defend_G","Defend_G","Defend_G+1","Survivor","Neutralize","Violence","Noxious Fumes","Bane","Accuracy","Blade Dance","All Out Attack","Setup+1"],"potion_use_per_floor":[[],[],[],[],[],[],[],["Explosive Potion","SkillPotion"],[],[],[],[],["Poison Potion"],[],[],[]],"relics":["Ring of the Snake","Art of War","Toy Ornithopter"],"potions_floor_usage":[8,8,13],"damage_taken":[{"damage":13,"enemies":"Jaw Worm","floor":1,"turns":8},{"damage":0,"enemies":"2 Louse","floor":3,"turns":4},{"damage":4,"enemies":"Small Slimes","floor":7,"turns":3},{"damage":10,"enemies":"3 Sentries","floor":8,"turns":5},{"damage":4,"enemies":"2 Fungi Beasts","floor":10,"turns":4},{"damage":10,"enemies":"Large Slime","floor":11,"turns":5},{"damage":0,"enemies":"Gremlin Gang","floor":13,"turns":2},{"damage":0,"enemies":"Lots of Slimes","floor":14,"turns":1},{"damage":38,"enemies":"Slime Boss","floor":16,"turns":3}],"seed_played":"4148044053023375425","neow_bonus_log":{"cardsObtained":[],"cardsUpgraded":[],"cardsRemoved":[],"cardsTransformed":[],"relicsObtained":[],"maxHpGained":0,"goldGained":0,"damageTaken":0,"goldLost":0,"maxHpLost":6},"potions_obtained":[{"floor":1,"key":"SkillPotion"},{"floor":3,"key":"Explosive Potion"},{"floor":11,"key":"Poison Potion"},{"floor":13,"key":"SmokeBomb"}],"is_trial":false,"path_per_floor":["M","?","M","?","$","R","M","E","T","M","M","R","M","M","R","B"],"character_chosen":"THE_SILENT","basemod:card_modifiers":[null,null,null,null,null,null,null,null,null,null,null,null,null,null,null,null,null,null,null],"items_purchased":["Accuracy","Blade Dance"],"campfire_rested":2,"item_purchase_floors":[5,5],"current_hp_per_floor":[46,28,28,17,17,35,31,21,21,17,7,25,30,30,30,0],"gold":187,"neow_bonus":"RANDOM_COLORLESS_2","is_prod":false,"is_daily":false,"rewards_skipped":[],"chose_seed":false,"campfire_upgraded":1,"win_rate":0,"floor_exit_playtime":[96,99,143,147,177,181,223,285,287,342,395,398,439,460,466],"timestamp":1681697834,"path_taken":["M","?","M","?","?","R","M","E","T","M","M","R","M","M","R","BOSS"],"build_version":"2022-12-18","purchased_purges":1,"victory":false,"max_hp_per_floor":[60,60,60,60,60,60,60,60,60,60,60,60,60,60,60,60],"relic_stats":{"counters":[9,35],"Art of War":[0],"obtain_stats":[{"Art of War":8,"Toy Ornithopter":9,"Ring of the Snake":0},{"Art of War":4,"Toy Ornithopter":4,"Ring of the Snake":0},{"Art of War":20,"Toy Ornithopter":20,"Ring of the Snake":0}],"Toy Ornithopter":5,"Ring of the Snake":[18]},"card_choices":[{"not_picked":["Secret Technique","Chrysalis"],"picked":"Violence","floor":0},{"not_picked":["Deadly Poison","Slice"],"picked":"Noxious Fumes","floor":1},{"not_picked":["Backflip","Riddle With Holes"],"picked":"Bane","floor":3},{"not_picked":["Expertise","Outmaneuver","Prepared"],"picked":"SKIP","floor":7},{"not_picked":["Deadly Poison","Sucker Punch","Flying Knee"],"picked":"SKIP","floor":8},{"not_picked":["Dodge and Roll","Finisher"],"picked":"All Out Attack","floor":10},{"not_picked":["Slice","Eviscerate","Deadly Poison"],"picked":"SKIP","floor":11},{"not_picked":["Dodge and Roll","PiercingWail","Deadly Poison"],"picked":"SKIP","floor":13},{"not_picked":["Dodge and Roll","Heel Hook"],"picked":"Setup","floor":14}],"player_experience":1804025,"relics_obtained":[{"floor":8,"key":"Art of War"},{"floor":9,"key":"Toy Ornithopter"}],"event_choices":[{"damage_healed":0,"gold_gain":0,"player_choice":"Entered Light","damage_taken":18,"max_hp_gain":0,"max_hp_loss":0,"event_name":"Shining Light","floor":2,"gold_loss":0,"cards_upgraded":["Defend_G","Strike_G"]},{"damage_healed":0,"gold_gain":75,"player_choice":"Gather Gold","damage_taken":11,"max_hp_gain":0,"max_hp_loss":0,"event_name":"World of Goop","floor":4,"gold_loss":0}],"is_beta":false,"boss_relics":[],"items_purged_floors":[5],"is_endless":false,"potions_floor_spawned":[1,3,11,13],"killed_by":"Slime Boss","ascension_level":20,"potion_discard_per_floor":[[],[],[],[],[],[],[],[],[],[],[],[],[],[],[],[]]}