{"neow_bonuses_skipped_log":["RANDOM_COLORLESS","HUNDRED_GOLD","BOSS_RELIC"],"neow_costs_skipped_log":["NONE","NONE","NONE"],"potions_obtained_entropic_brew":[[],[],[],[],[],[],[],[],[],[],[],[],[],[],[],[]],"gold_per_floor":[111,124,174,15,32,32,45,76,125,138,170,170,186,199,199,199],"floor_reached":16,"playtime":627,"items_purged":[],"score":228,"play_id":"3381cc1e-c135-469d-b5db-6c3f4638cbe0","local_time":"20230420114414","score_breakdown":["Floors Climbed (16): 80","Enemies Slain (7): 14","Exordium Elites Killed (2): 20","Bosses Slain (0): 0","Ascension (20): 114"],"is_ascension_mode":true,"potions_obtained_alchemize":[[],[],[],[],[],[],[],[],[],[],[],[],[],[],[],[]],"campfire_choices":[{"data":"Glass Knife","floor":6,"key":"SMITH"},{"floor":12,"key":"REST"},{"data":"Acrobatics","floor":15,"key":"SMITH"}],"lesson_learned_per_floor":[[],[],[],[],[],[],[],[],[],[],[],[],[],[],[],[]],"neow_cost":"TEN_PERCENT_HP_LOSS","improvable_cards":{},"seed_source_timestamp":720065473185800,"shop_contents":[{"floor":4,"relics":["Akabeko","Bag of Marbles","TheAbacus"],"cards":["Flying Knee","Escape Plan","Prepared","Caltrops","Deep Breath","Chrysalis"],"potions":["Block Potion","EntropicBrew"]}],"circlet_count":0,"master_deck":["AscendersBane","Strike_G","Strike_G","Strike_G","Strike_G","Strike_G","Defend_G","Defend_G","Defend_G","Defend_G","Defend_G","Survivor","Neutralize","Glass Knife+1","Poisoned Stab","Quick Slash","Predator","Dagger Spray","Acrobatics+1","Caltrops","Underhanded Strike"],"potion_use_per_floor":[[],[],[],[],[],[],["DistilledChaos"],["Poison Potion"],[],[],["Energy Potion"],[],[],[],[],["Block Potion","EssenceOfSteel"]],"relics":["Ring of the Snake","Singing Bowl","MealTicket","Anchor"],"potions_floor_usage":[7,8,11,16,16],"damage_taken":[{"damage":0,"enemies":"2 Louse","floor":1,"turns":3},{"damage":1,"enemies":"Cultist","floor":2,"turns":3},{"damage":4,"enemies":"Jaw Worm","floor":5,"turns":3},{"damage":2,"enemies":"Gremlin Gang","floor":7,"turns":4},{"damage":8,"enemies":"Gremlin Nob","floor":8,"turns":3},{"damage":9,"enemies":"Blue Slaver","floor":10,"turns":3},{"damage":26,"enemies":"Lagavulin","floor":11,"turns":7},{"damage":2,"enemies":"Exordium Wildlife","floor":13,"turns":5},{"damage":3,"enemies":"Looter","floor":14,"turns":3},{"damage":21,"enemies":"Hexaghost","floor":16,"turns":7}],"green_key_taken_log":8,"seed_played":"-8524128470918764263","neow_bonus_log":{"cardsObtained":[],"cardsUpgraded":[],"cardsRemoved":[],"cardsTransformed":[],"relicsObtained":[],"maxHpGained":0,"goldGained":0,"damageTaken":0,"goldLost":0,"maxHpLost":6},"potions_obtained":[{"floor":5,"key":"Energy Potion"},{"floor":7,"key":"Poison Potion"},{"floor":11,"key":"Block Potion"},{"floor":14,"key":"EssenceOfSteel"}],"is_trial":false,"path_per_floor":["M","M","?","$","M","R","M","E","T","M","E","R","M","M","R","B"],"character_chosen":"THE_SILENT","basemod:card_modifiers":[null,null,null,null,null,null,null,null,null,null,null,null,null,null,null,null,null,null,null,null,null],"items_purchased":["Predator","DistilledChaos"],"campfire_rested":1,"item_purchase_floors":[4,4],"current_hp_per_floor":[59,58,52,52,48,48,46,38,38,31,5,23,23,20,20,0],"gold":199,"neow_bonus":"THREE_RARE_CARDS","is_prod":false,"is_daily":false,"rewards_skipped":[],"chose_seed":false,"campfire_upgraded":2,"win_rate":0,"floor_exit_playtime":[62,84,89,114,156,162,262,298,304,337,425,428,502,544,553],"timestamp":1682005454,"path_taken":["M","M","?","$","M","R","M","E","T","?","E","R","M","M","R","BOSS"],"build_version":"2022-12-18","purchased_purges":0,"victory":false,"max_hp_per_floor":[60,60,60,60,60,60,60,60,60,62,62,62,64,64,64,64],"relic_stats":{"Singing Bowl":4,"counters":[10,41],"MealTicket":0,"obtain_stats":[{"Anchor":11,"Singing Bowl":8,"MealTicket":9,"Ring of the Snake":0},{"Anchor":7,"Singing Bowl":5,"MealTicket":5,"Ring of the Snake":0},{"Anchor":26,"Singing Bowl":16,"MealTicket":16,"Ring of the Snake":0}],"Ring of the Snake":[20]},"card_choices":[{"not_picked":["Doppelganger","Burst"],"picked":"Glass Knife","floor":0},{"not_picked":["Dodge and Roll","Tactician"],"picked":"Poisoned Stab","floor":1},{"not_picked":["Expertise","Choke"],"picked":"Quick Slash","floor":2},{"not_picked":["Underhanded Strike","Skewer"],"picked":"Dagger Spray","floor":5},{"not_picked":["Blade Dance","Dagger Throw","Quick Slash"],"picked":"SKIP","floor":7},{"not_picked":["Masterful Stab","Blur"],"picked":"Acrobatics","floor":8},{"not_picked":["Dagger Throw","Flying Knee","Slice"],"picked":"Singing Bowl","floor":10},{"not_picked":["Underhanded Strike","Catalyst"],"picked":"Caltrops","floor":11},{"not_picked":["Blur","Night Terror","Masterful Stab"],"picked":"Singing Bowl","floor":13},{"not_picked":["Acrobatics","Eviscerate"],"picked":"Underhanded Strike","floor":14}],"player_experience":1831777,"relics_obtained":[{"floor":8,"key":"Singing Bowl"},{"floor":9,"key":"MealTicket"},{"floor":11,"key":"Anchor"}],"event_choices":[{"damage_healed":0,"gold_gain":50,"player_choice":"Touch","damage_taken":6,"max_hp_gain":0,"max_hp_loss":0,"event_name":"FaceTrader","floor":3,"gold_loss":0}],"is_beta":false,"boss_relics":[],"items_purged_floors":[],"is_endless":false,"potions_floor_spawned":[5,7,11,14],"killed_by":"Hexaghost","ascension_level":20,"potion_discard_per_floor":[[],[],[],[],[],[],[],[],[],[],[],[],[],[],[],[]]}