{"neow_bonuses_skipped_log":["RANDOM_COLORLESS","TRANSFORM_TWO_CARDS","BOSS_RELIC"],"potions_obtained_entropic_brew":[[],[],[],[],[],[],[],[],[],[],[],[],[],[],[],[],[],[],[],[],[]],"neow_costs_skipped_log":["NONE","PERCENT_DAMAGE","NONE"],"gold_per_floor":[114,126,141,141,141,141,175,187,271,283,295,327,352,397,409,511,523,488,513,450,462],"floor_reached":21,"playtime":873,"items_purged":[],"score":378,"play_id":"30ea6a83-90e2-4699-818a-90938a9dd2e3","local_time":"20230420212603","score_breakdown":["Floors Climbed (21): 105","Enemies Slain (7): 14","Exordium Elites Killed (2): 20","City Elites Killed (0): 0","Bosses Slain (1): 50","Ascension (20): 189"],"is_ascension_mode":true,"potions_obtained_alchemize":[[],[],[],[],[],[],[],[],[],[],[],[],[],[],[],[],[],[],[],[],[]],"campfire_choices":[{"data":"Dagger Spray","floor":6,"key":"SMITH"},{"data":"Bouncing Flask","floor":8,"key":"SMITH"},{"floor":15,"key":"REST"}],"lesson_learned_per_floor":[[],[],[],[],[],[],[],[],[],[],[],[],[],[],[],[],[],[],[],[],[]],"neow_cost":"NONE","improvable_cards":{},"seed_source_timestamp":754713149612100,"shop_contents":[{"floor":10,"relics":["Oddly Smooth Stone","Toy Ornithopter","DollysMirror"],"cards":["Dagger Spray","Sucker Punch","Leg Sweep","Crippling Poison","After Image","Mind Blast","Violence"],"potions":["Dexterity Potion","AttackPotion","DuplicationPotion"]}],"circlet_count":0,"master_deck":["AscendersBane","Strike_G+1","Strike_G","Strike_G+1","Defend_G","Defend_G","Defend_G","Defend_G","Defend_G","Survivor","Neutralize","Dagger Spray+1","Poisoned Stab","Well Laid Plans","Bouncing Flask+1","Envenom","Cloak And Dagger","Doppelganger","Doppelganger","Backflip+1"],"special_seed":0,"potion_use_per_floor":[[],[],[],[],[],[],["SkillPotion","SpeedPotion"],[],[],[],[],[],[],["SteroidPotion"],[],["CultistPotion"],[],["SkillPotion"],[],[],["SteroidPotion","Ancient Potion"]],"relics":["Ring of the Snake","Juzu Bracelet","Golden Idol","MawBank","Gremlin Horn","Whetstone","Cursed Key"],"potions_floor_usage":[7,7,14,16,18,21,21],"damage_taken":[{"damage":6.0,"enemies":"Small Slimes","floor":1.0,"turns":4.0},{"damage":7.0,"enemies":"Jaw Worm","floor":2.0,"turns":4.0},{"damage":0.0,"enemies":"2 Louse","floor":3.0,"turns":2.0},{"damage":9,"enemies":"Gremlin Nob","floor":7,"turns":4},{"damage":7,"enemies":"2 Fungi Beasts","floor":12,"turns":3},{"damage":11,"enemies":"Exordium Wildlife","floor":13,"turns":4},{"damage":13,"enemies":"Lagavulin","floor":14,"turns":8},{"damage":13,"enemies":"Hexaghost","floor":16,"turns":8},{"damage":10,"enemies":"2 Thieves","floor":18,"turns":5},{"damage":37,"enemies":"Chosen","floor":19,"turns":5},{"damage":1,"enemies":"Masked Bandits","floor":21,"turns":2}],"seed_played":"-3595528670996246290","neow_bonus_log":{"cardsObtained":[],"cardsUpgraded":[],"cardsRemoved":[],"cardsTransformed":[],"relicsObtained":["Juzu Bracelet"],"maxHpGained":0,"goldGained":0,"damageTaken":0,"goldLost":0,"maxHpLost":0},"potions_obtained":[{"floor":2.0,"key":"SkillPotion"},{"floor":3,"key":"SpeedPotion"},{"floor":7,"key":"CultistPotion"},{"floor":13,"key":"SteroidPotion"},{"floor":16,"key":"SkillPotion"},{"floor":18,"key":"SteroidPotion"},{"floor":19,"key":"Ancient Potion"}],"is_trial":false,"path_per_floor":["M","M","M","?","?","R","E","R","T","$","?","M","M","E","R","B",null,"M","M","?","?"],"character_chosen":"THE_SILENT","basemod:card_modifiers":[null,null,null,null,null,null,null,null,null,null,null,null,null,null,null,null,null,null,null,null],"items_purchased":[],"campfire_rested":1,"item_purchase_floors":[],"current_hp_per_floor":[53,46,46,46,46,46,37,37,37,37,37,30,19,6,24,11,48,38,1,1,0],"gold":462,"neow_bonus":"RANDOM_COMMON_RELIC","is_prod":false,"is_daily":false,"rewards_skipped":[],"chose_seed":false,"campfire_upgraded":2,"win_rate":0,"floor_exit_playtime":[95,134,151,155,160,164,220,225,228,254,268,321,431,539,542,636,660,747,801,811],"timestamp":1682040363,"path_taken":["M","M","M","?","?","R","E","R","T","?","?","M","M","E","R","BOSS","M","M","?","?"],"build_version":"2022-12-18","purchased_purges":0,"victory":false,"max_hp_per_floor":[66,66,66,66,60,60,60,60,60,60,60,60,60,60,60,60,60,60,60,60,60],"relic_stats":{"Gremlin Horn":[4,4],"counters":[11,49],"Golden Idol":53,"Juzu Bracelet":0,"Whetstone":["Strike_G","Strike_G"],"MawBank":168,"Cursed Key":0,"obtain_stats":[{"Gremlin Horn":9,"Golden Idol":5,"Juzu Bracelet":0,"Whetstone":14,"MawBank":7,"Cursed Key":17,"Ring of the Snake":0},{"Gremlin Horn":4,"Golden Idol":3,"Juzu Bracelet":0,"Whetstone":7,"MawBank":4,"Cursed Key":8,"Ring of the Snake":0},{"Gremlin Horn":14,"Golden Idol":10,"Juzu Bracelet":0,"Whetstone":29,"MawBank":14,"Cursed Key":37,"Ring of the Snake":0}],"Ring of the Snake":[22]},"card_choices":[{"not_picked":["Flying Knee","Dodge and Roll"],"picked":"Dagger Spray","floor":1.0},{"not_picked":["Bane","Night Terror"],"picked":"Poisoned Stab","floor":2.0},{"not_picked":["Masterful Stab","Deadly Poison"],"picked":"Well Laid Plans","floor":3},{"not_picked":["Escape Plan","Leg Sweep"],"picked":"Bouncing Flask","floor":7},{"not_picked":["Deflect","Slice"],"picked":"Cloak And Dagger","floor":12},{"not_picked":["PiercingWail","Dagger Throw","Flying Knee"],"picked":"SKIP","floor":13},{"not_picked":["Flying Knee","Acrobatics"],"picked":"Doppelganger","floor":14},{"not_picked":["Phantasmal Killer","Tools of the Trade"],"picked":"Doppelganger","floor":16},{"not_picked":["Eviscerate","Prepared","Bane"],"picked":"SKIP","floor":18},{"not_picked":["PiercingWail","Poisoned Stab+1"],"picked":"Backflip+1","floor":19}],"player_experience":1848716,"relics_obtained":[{"floor":7,"key":"MawBank"},{"floor":9,"key":"Gremlin Horn"},{"floor":14,"key":"Whetstone"}],"event_choices":[{"damage_healed":0,"gold_gain":0,"player_choice":"Ignored","damage_taken":0,"max_hp_gain":0,"max_hp_loss":0,"event_name":"Liars Game","floor":4,"gold_loss":0},{"damage_healed":0,"gold_gain":0,"player_choice":"Lose Max HP","damage_taken":0,"relics_obtained":["Golden Idol"],"max_hp_gain":0,"max_hp_loss":6,"event_name":"Golden Idol","floor":5,"gold_loss":0},{"damage_healed":0,"gold_gain":0,"cards_transformed":["Strike_G"],"player_choice":"Change","damage_taken":0,"max_hp_gain":0,"max_hp_loss":0,"event_name":"Living Wall","floor":11,"gold_loss":0,"cards_obtained":["Envenom"]},{"cards_removed":["Strike_G"],"damage_healed":0,"gold_gain":0,"player_choice":"Gave Gold","damage_taken":0,"max_hp_gain":0,"max_hp_loss":0,"event_name":"Beggar","floor":20,"gold_loss":75},{"damage_healed":0,"gold_gain":0,"player_choice":"Fought Bandits","damage_taken":0,"max_hp_gain":0,"max_hp_loss":0,"event_name":"Masked Bandits","floor":21,"gold_loss":0}],"is_beta":false,"boss_relics":[{"not_picked":["Calling Bell","Runic Pyramid"],"picked":"Cursed Key"}],"items_purged_floors":[],"is_endless":false,"potions_floor_spawned":[2,3,7,13,16,18,19],"killed_by":"Masked Bandits","ascension_level":20,"potion_discard_per_floor":[[],[],[],[],[],[],[],[],[],[],[],[],[],[],[],[],[],[],[],[],[]]}