{"neow_bonuses_skipped_log":["TRANSFORM_CARD","ONE_RARE_RELIC","BOSS_RELIC"],"neow_costs_skipped_log":["NONE","PERCENT_DAMAGE","NONE"],"potions_obtained_entropic_brew":[[],[],[],[],[],[],[],[],[],[],[],[],[],[],[],[]],"gold_per_floor":[110,126,145,145,164,164,199,214,238,257,257,272,272,307,307,307],"floor_reached":16,"playtime":450,"items_purged":[],"score":228,"play_id":"843e2c5d-a4be-4dcc-ad0b-71ff9e0df62f","local_time":"20230501191830","score_breakdown":["Floors Climbed (16): 80","Enemies Slain (7): 14","Exordium Elites Killed (2): 20","Bosses Slain (0): 0","Ascension (20): 114"],"is_ascension_mode":true,"potions_obtained_alchemize":[[],[],[],[],[],[],[],[],[],[],[],[],[],[],[],[]],"campfire_choices":[{"floor":6.0,"key":"REST"},{"floor":11.0,"key":"REST"},{"data":"Terror","floor":15,"key":"SMITH"}],"lesson_learned_per_floor":[[],[],[],[],[],[],[],[],[],[],[],[],[],[],[],[]],"neow_cost":"NONE","improvable_cards":{},"seed_source_timestamp":37457683022700,"shop_contents":[],"circlet_count":0,"master_deck":["AscendersBane","Strike_G","Strike_G","Strike_G","Strike_G","Strike_G","Defend_G+1","Defend_G","Defend_G","Defend_G","Defend_G","Survivor","Neutralize+1","Dagger Throw","Dagger Throw","Terror+1","Wraith Form v2+1","Underhanded Strike","Backflip","Prepared","Leg Sweep"],"special_seed":0,"potion_use_per_floor":[[],[],[],[],["SteroidPotion"],[],["SpeedPotion"],[],[],[],[],["Explosive Potion"],[],[],[],["SkillPotion"]],"relics":["Ring of the Snake","NeowsBlessing","Peace Pipe","Ancient Tea Set","Pen Nib"],"potions_floor_usage":[12,16],"damage_taken":[{"damage":0.0,"enemies":"2 Louse","floor":1.0,"turns":1.0},{"damage":0.0,"enemies":"Small Slimes","floor":2.0,"turns":1.0},{"damage":0.0,"enemies":"Cultist","floor":3.0,"turns":1.0},{"damage":19.0,"enemies":"Gremlin Gang","floor":5.0,"turns":5.0},{"damage":35.0,"enemies":"Gremlin Nob","floor":7.0,"turns":5.0},{"damage":2.0,"enemies":"3 Louse","floor":8.0,"turns":4.0},{"damage":1.0,"enemies":"Looter","floor":10.0,"turns":3.0},{"damage":0,"enemies":"Red Slaver","floor":12,"turns":2},{"damage":3,"enemies":"Lagavulin","floor":14,"turns":6},{"damage":17,"enemies":"Slime Boss","floor":16,"turns":6}],"seed_played":"293530104279250641","neow_bonus_log":{"cardsObtained":[],"cardsUpgraded":[],"cardsRemoved":[],"cardsTransformed":[],"relicsObtained":["NeowsBlessing"],"maxHpGained":0,"goldGained":0,"damageTaken":0,"goldLost":0,"maxHpLost":0},"potions_obtained":[{"floor":1.0,"key":"SteroidPotion"},{"floor":2.0,"key":"SpeedPotion"},{"floor":7.0,"key":"SkillPotion"},{"floor":8.0,"key":"Explosive Potion"}],"is_trial":false,"path_per_floor":["M","M","M","?","M","R","E","M","T","M","R","M","?","E","R","B"],"character_chosen":"THE_SILENT","basemod:card_modifiers":[null,null,null,null,null,null,null,null,null,null,null,null,null,null,null,null,null,null,null,null,null],"items_purchased":[],"campfire_rested":2,"item_purchase_floors":[],"current_hp_per_floor":[59,59,59,39,20,39,4,2,2,1,20,20,20,17,17,0],"gold":307,"neow_bonus":"THREE_ENEMY_KILL","is_prod":false,"is_daily":false,"rewards_skipped":[],"chose_seed":false,"campfire_upgraded":1,"win_rate":0,"floor_exit_playtime":[36,45,53,56,121,125,174,218,220,252,255,289,297,360,369],"timestamp":1682983110,"path_taken":["M","M","M","?","M","R","E","M","T","M","R","M","?","E","R","BOSS"],"build_version":"2022-12-18","purchased_purges":0,"victory":false,"max_hp_per_floor":[66,66,66,66,66,66,66,66,66,66,66,66,66,66,66,66],"relic_stats":{"Peace Pipe":0,"counters":[10,34],"Pen Nib":[1],"Ancient Tea Set":[4],"obtain_stats":[{"Peace Pipe":7,"NeowsBlessing":0,"Pen Nib":14,"Ancient Tea Set":9,"Ring of the Snake":0},{"Peace Pipe":5,"NeowsBlessing":0,"Pen Nib":9,"Ancient Tea Set":6,"Ring of the Snake":0},{"Peace Pipe":13,"NeowsBlessing":0,"Pen Nib":28,"Ancient Tea Set":17,"Ring of the Snake":0}],"Ring of the Snake":[20]},"card_choices":[{"not_picked":["Caltrops","Poisoned Stab"],"picked":"Dagger Throw","floor":1.0},{"not_picked":["Outmaneuver","Setup"],"picked":"Dagger Throw","floor":2.0},{"not_picked":["Dagger Throw","Quick Slash"],"picked":"Terror","floor":3.0},{"not_picked":["Infinite Blades","Flying Knee","Skewer"],"picked":"SKIP","floor":5.0},{"not_picked":["Well Laid Plans","Reflex"],"picked":"Wraith Form v2","floor":7.0},{"not_picked":["PiercingWail","Bane"],"picked":"Underhanded Strike","floor":8.0},{"not_picked":["Outmaneuver","Sucker Punch"],"picked":"Backflip","floor":10.0},{"not_picked":["Envenom","Concentrate"],"picked":"Prepared","floor":12},{"not_picked":["Terror","Bane"],"picked":"Leg Sweep","floor":14}],"player_experience":1908144,"relics_obtained":[{"floor":7.0,"key":"Peace Pipe"},{"floor":9.0,"key":"Ancient Tea Set"},{"floor":14,"key":"Pen Nib"}],"event_choices":[{"damage_healed":0.0,"max_hp_gain":0.0,"max_hp_loss":0.0,"gold_gain":0.0,"event_name":"Shining Light","player_choice":"Entered Light","floor":4.0,"gold_loss":0.0,"damage_taken":20.0,"cards_upgraded":["Defend_G","Neutralize"]},{"damage_healed":0,"gold_gain":0,"player_choice":"Upgraded","damage_taken":0,"max_hp_gain":0,"max_hp_loss":0,"event_name":"Upgrade Shrine","floor":13,"gold_loss":0,"cards_upgraded":["Wraith Form v2"]}],"is_beta":false,"boss_relics":[],"items_purged_floors":[],"is_endless":false,"potions_floor_spawned":[1,2,7,8],"killed_by":"Slime Boss","ascension_level":20,"potion_discard_per_floor":[[],[],[],[],[],[],[],[],[],[],[],[],[],[],[],[]]}