{"neow_bonuses_skipped_log":["RANDOM_COLORLESS","RANDOM_COMMON_RELIC","BOSS_RELIC"],"potions_obtained_entropic_brew":[[],[],[],[],[],[],[],[],[],[],[],[],[],[],[],[],[],[],[],[],[],[],[]],"neow_costs_skipped_log":["NONE","NONE","NONE"],"gold_per_floor":[112,122,132,147,167,167,178,253,253,264,264,291,291,251,251,322,322,336,13,13,33,52,52],"floor_reached":23,"playtime":918,"items_purged":["Strike_G"],"score":390,"play_id":"8f5c1e84-b0f9-4aea-a2cc-27c2848f99df","local_time":"20230424200257","score_breakdown":["Floors Climbed (23): 115","Enemies Slain (10): 20","Exordium Elites Killed (1): 10","City Elites Killed (0): 0","Bosses Slain (1): 50","Ascension (20): 195"],"is_ascension_mode":true,"potions_obtained_alchemize":[[],[],[],[],[],[],[],[],[],[],[],[],[],[],[],[],[],[],[],[],[],[],[]],"campfire_choices":[{"data":"Predator","floor":6.0,"key":"SMITH"},{"data":"Noxious Fumes","floor":11,"key":"SMITH"},{"floor":13,"key":"REST"},{"data":"Footwork","floor":15,"key":"SMITH"}],"lesson_learned_per_floor":[[],[],[],[],[],[],[],[],[],[],[],[],[],[],[],[],[],[],[],[],[],[],[]],"neow_cost":"TEN_PERCENT_HP_LOSS","improvable_cards":{},"seed_source_timestamp":1095276518887799,"shop_contents":[{"floor":19,"relics":["Unceasing Top","HornCleat"],"cards":["Poisoned Stab","Backstab","Deflect","Expertise","Forethought","Chrysalis"],"potions":["AttackPotion","Weak Potion","SmokeBomb"]}],"circlet_count":0,"master_deck":["AscendersBane","Strike_G","Strike_G","Strike_G","Defend_G","Defend_G","Defend_G","Defend_G","Survivor","Neutralize","Acrobatics","Predator+1","Cloak And Dagger","Footwork+1","Noxious Fumes+1","Cloak And Dagger","Poisoned Stab","Underhanded Strike","Deadly Poison","Backflip","Doppelganger","Well Laid Plans","Prepared+1"],"special_seed":0,"potion_use_per_floor":[[],[],[],[],[],[],[],[],[],["BlessingOfTheForge"],[],[],[],[],[],["SkillPotion"],[],[],[],[],["SpeedPotion"],[],["FearPotion"]],"relics":["Ring of the Snake","Juzu Bracelet","Regal Pillow","Runic Dome","TheAbacus"],"potions_floor_usage":[10,16,21,23],"damage_taken":[{"damage":1.0,"enemies":"Cultist","floor":1.0,"turns":4.0},{"damage":0.0,"enemies":"Jaw Worm","floor":2.0,"turns":4.0},{"damage":0.0,"enemies":"Small Slimes","floor":3.0,"turns":4.0},{"damage":3.0,"enemies":"Exordium Thugs","floor":4.0,"turns":9.0},{"damage":9.0,"enemies":"Exordium Wildlife","floor":5.0,"turns":8.0},{"damage":1.0,"enemies":"Blue Slaver","floor":7.0,"turns":5.0},{"damage":0,"enemies":"Red Slaver","floor":10,"turns":4},{"damage":30,"enemies":"Gremlin Nob","floor":12,"turns":4},{"damage":0,"enemies":"Looter","floor":14,"turns":4},{"damage":20,"enemies":"The Guardian","floor":16,"turns":10},{"damage":5,"enemies":"Spheric Guardian","floor":18,"turns":5},{"damage":17,"enemies":"3 Byrds","floor":21,"turns":5},{"damage":2,"enemies":"Centurion and Healer","floor":22,"turns":8},{"damage":29,"enemies":"Book of Stabbing","floor":23,"turns":5}],"seed_played":"7026822553665389022","neow_bonus_log":{"cardsObtained":["Acrobatics","Predator"],"cardsUpgraded":[],"cardsRemoved":[],"cardsTransformed":["Strike_G","Defend_G"],"relicsObtained":[],"maxHpGained":0,"goldGained":0,"damageTaken":0,"goldLost":0,"maxHpLost":6},"potions_obtained":[{"floor":3.0,"key":"BlessingOfTheForge"},{"floor":4.0,"key":"Strength Potion"},{"floor":12,"key":"SkillPotion"},{"floor":18,"key":"SpeedPotion"},{"floor":22,"key":"FearPotion"}],"is_trial":false,"path_per_floor":["M","M","M","M","M","R","M","?","T","M","R","E","R","M","R","B",null,"M","$","?","M","M","E"],"character_chosen":"THE_SILENT","basemod:card_modifiers":[null,null,null,null,null,null,null,null,null,null,null,null,null,null,null,null,null,null,null,null,null,null,null],"items_purchased":["Well Laid Plans","TheAbacus"],"campfire_rested":1,"item_purchase_floors":[19,19],"current_hp_per_floor":[58,58,58,55,46,46,45,34,34,34,34,4,37,37,37,17,49,44,44,44,27,25,0],"gold":52,"neow_bonus":"TRANSFORM_TWO_CARDS","is_prod":false,"is_daily":false,"rewards_skipped":[{"floor":7,"relics":[],"potions":["SpeedPotion"]}],"chose_seed":false,"campfire_upgraded":3,"win_rate":0,"floor_exit_playtime":[45,83,118,206,287,296,344,347,350,389,401,440,443,487,494,589,600,660,671,675,748,847],"timestamp":1682380977,"path_taken":["M","M","M","?","M","R","M","?","T","M","R","E","R","M","R","BOSS","M","$","?","M","M","E"],"build_version":"2022-12-18","purchased_purges":1,"victory":false,"max_hp_per_floor":[60,60,60,60,60,60,60,60,60,60,60,60,60,60,60,60,60,60,60,60,60,60,60],"relic_stats":{"Regal Pillow":15,"TheAbacus":[30],"counters":[14,79],"Juzu Bracelet":0,"obtain_stats":[{"Runic Dome":17,"Regal Pillow":12,"TheAbacus":19,"Juzu Bracelet":9,"Ring of the Snake":0},{"Runic Dome":10,"Regal Pillow":8,"TheAbacus":11,"Juzu Bracelet":6,"Ring of the Snake":0},{"Runic Dome":56,"Regal Pillow":42,"TheAbacus":61,"Juzu Bracelet":34,"Ring of the Snake":0}],"Ring of the Snake":[28]},"card_choices":[{"not_picked":["Choke","Dodge and Roll"],"picked":"Cloak And Dagger","floor":1.0},{"not_picked":["Flechettes","Reflex"],"picked":"Footwork","floor":2.0},{"not_picked":["Deflect","Crippling Poison"],"picked":"Noxious Fumes","floor":3.0},{"not_picked":["Dagger Throw","Prepared"],"picked":"Cloak And Dagger","floor":4.0},{"not_picked":["Deflect","Leg Sweep"],"picked":"Poisoned Stab","floor":5.0},{"not_picked":["Poisoned Stab","Skewer"],"picked":"Underhanded Strike","floor":7.0},{"not_picked":["Deflect","Outmaneuver"],"picked":"Deadly Poison","floor":10},{"not_picked":["Flechettes","Corpse Explosion"],"picked":"Backflip","floor":12},{"not_picked":["Flying Knee","Riddle With Holes","Choke"],"picked":"SKIP","floor":14},{"not_picked":["Bullet Time","Night Terror"],"picked":"Doppelganger","floor":16},{"not_picked":["Distraction","Underhanded Strike","Caltrops"],"picked":"SKIP","floor":18},{"not_picked":["Endless Agony+1","Dagger Spray","Eviscerate"],"picked":"SKIP","floor":21},{"not_picked":["Bane","Blade Dance"],"picked":"Prepared+1","floor":22}],"player_experience":1899745,"relics_obtained":[{"floor":9.0,"key":"Juzu Bracelet"},{"floor":12,"key":"Regal Pillow"}],"event_choices":[{"damage_healed":0.0,"max_hp_gain":0.0,"max_hp_loss":0.0,"gold_gain":75.0,"event_name":"World of Goop","player_choice":"Gather Gold","floor":8.0,"gold_loss":0.0,"damage_taken":11.0},{"damage_healed":0,"gold_gain":0,"player_choice":"Ignored","damage_taken":0,"max_hp_gain":0,"max_hp_loss":0,"event_name":"N\u0027loth","floor":20,"gold_loss":0}],"is_beta":false,"boss_relics":[{"not_picked":["Ring of the Serpent","Tiny House"],"picked":"Runic Dome"}],"items_purged_floors":[19],"is_endless":false,"potions_floor_spawned":[3,4,7,12,18,22],"killed_by":"Book of Stabbing","ascension_level":20,"potion_discard_per_floor":[[],[],[],[],[],[],[],[],[],[],[],[],[],[],[],[],[],[],[],[],[],[],[]]}