{"neow_bonuses_skipped_log":["ONE_RANDOM_RARE_CARD","TEN_PERCENT_HP_BONUS","BOSS_RELIC"],"neow_costs_skipped_log":["NONE","NONE","NONE"],"potions_obtained_entropic_brew":[[],[],[],[],[],[],[],[],[],[],[],[],[],["EssenceOfSteel","Weak Potion"]],"gold_per_floor":[110,110,126,41,52,52,67,102,102,117,117,150,166,166],"floor_reached":14,"playtime":765,"items_purged":[],"score":204,"play_id":"1b82fa1e-a1f3-4f44-a780-8ff7f370a67d","local_time":"20230422040820","score_breakdown":["Floors Climbed (14): 70","Enemies Slain (6): 12","Exordium Elites Killed (2): 20","Bosses Slain (0): 0","Ascension (20): 102"],"is_ascension_mode":true,"potions_obtained_alchemize":[[],[],["Strength Potion"],[],["Weak Potion"],[],["Fire Potion"],["Swift Potion"],[],[],[],["EntropicBrew"],[],["LiquidMemories"]],"campfire_choices":[{"data":"Blade Dance","floor":6,"key":"SMITH"},{"floor":11,"key":"REST"}],"lesson_learned_per_floor":[[],[],[],[],[],[],[],[],[],[],[],[],[],[]],"neow_cost":"TEN_PERCENT_HP_LOSS","improvable_cards":{},"seed_source_timestamp":865372365831100,"shop_contents":[{"floor":4,"relics":["Bag of Preparation","Pen Nib","Sling"],"cards":["Dagger Spray","Choke","Crippling Poison","Blade Dance","Mind Blast","Magnetism"],"potions":["Poison Potion","Swift Potion","Swift Potion"]}],"circlet_count":0,"master_deck":["AscendersBane","Strike_G","Strike_G","Strike_G","Strike_G","Defend_G","Defend_G+1","Defend_G","Defend_G","Survivor","Neutralize","Blade Dance+1","Venomology+1","Endless Agony","Noxious Fumes","Predator","Crippling Poison","Blade Dance","Doppelganger","Catalyst"],"potion_use_per_floor":[[],[],[],[],[],[],[],["Fire Potion"],[],[],[],["Strength Potion"],[],["Swift Potion","EntropicBrew","Weak Potion","EssenceOfSteel"]],"relics":["Ring of the Snake","Question Card","Blue Candle","War Paint"],"potions_floor_usage":[8,12,14,14,14,14],"damage_taken":[{"damage":2,"enemies":"Jaw Worm","floor":1,"turns":6},{"damage":1,"enemies":"Cultist","floor":3,"turns":3},{"damage":4,"enemies":"Small Slimes","floor":5,"turns":3},{"damage":0,"enemies":"2 Fungi Beasts","floor":7,"turns":4},{"damage":36,"enemies":"Gremlin Nob","floor":8,"turns":4},{"damage":0,"enemies":"Looter","floor":10,"turns":2},{"damage":12,"enemies":"3 Sentries","floor":12,"turns":6},{"damage":0,"enemies":"Large Slime","floor":13,"turns":5},{"damage":23,"enemies":"Gremlin Nob","floor":14,"turns":3}],"seed_played":"7784894337315644433","neow_bonus_log":{"cardsObtained":[],"cardsUpgraded":[],"cardsRemoved":["Strike_G","Defend_G"],"cardsTransformed":[],"relicsObtained":[],"maxHpGained":0,"goldGained":0,"damageTaken":0,"goldLost":0,"maxHpLost":6},"potions_obtained":[{"floor":1,"key":"SneckoOil"}],"is_trial":false,"path_per_floor":["M","?","M","$","M","R","M","E","T","M","R","E","M","E"],"character_chosen":"THE_SILENT","basemod:card_modifiers":[null,null,null,null,null,null,null,null,null,null,null,null,null,null,null,null,null,null,null,null],"items_purchased":["Noxious Fumes"],"campfire_rested":1,"item_purchase_floors":[4],"current_hp_per_floor":[57,57,56,56,52,52,52,16,16,16,34,22,22,0],"gold":166,"neow_bonus":"REMOVE_TWO","is_prod":false,"is_daily":false,"rewards_skipped":[{"floor":7,"relics":[],"potions":["Ancient Potion"]},{"floor":13,"relics":[],"potions":["Explosive Potion"]}],"chose_seed":false,"campfire_upgraded":1,"win_rate":0,"floor_exit_playtime":[82,102,145,163,210,221,282,377,388,443,446,620,705],"timestamp":1682150900,"path_taken":["M","?","M","?","M","R","M","E","T","M","R","E","?","E"],"build_version":"2022-12-18","purchased_purges":0,"victory":false,"max_hp_per_floor":[60,60,60,60,60,60,60,60,60,60,60,60,60,60],"relic_stats":{"counters":[9,36],"Blue Candle":[0],"War Paint":["Defend_G","Venomology"],"Question Card":3,"obtain_stats":[{"Blue Candle":9,"War Paint":12,"Question Card":8,"Ring of the Snake":0},{"Blue Candle":5,"War Paint":7,"Question Card":5,"Ring of the Snake":0},{"Blue Candle":20,"War Paint":28,"Question Card":20,"Ring of the Snake":0}],"Ring of the Snake":[20]},"card_choices":[{"not_picked":["Caltrops","Footwork"],"picked":"Blade Dance","floor":1},{"not_picked":["Backflip","Quick Slash"],"picked":"Endless Agony","floor":3},{"not_picked":["Quick Slash","Poisoned Stab","Backflip"],"picked":"SKIP","floor":5},{"not_picked":["Flechettes","Dagger Spray"],"picked":"Predator","floor":7},{"not_picked":["Dodge and Roll","Blade Dance"],"picked":"Crippling Poison","floor":8},{"not_picked":["Crippling Poison","Caltrops","Unload"],"picked":"Blade Dance","floor":10},{"not_picked":["Dodge and Roll","Prepared","Bane"],"picked":"Doppelganger","floor":12},{"not_picked":["Quick Slash","Heel Hook","Prepared"],"picked":"Catalyst","floor":13}],"player_experience":1874444,"relics_obtained":[{"floor":8,"key":"Question Card"},{"floor":9,"key":"Blue Candle"},{"floor":12,"key":"War Paint"}],"event_choices":[{"damage_healed":0,"gold_gain":0,"player_choice":"1 cards matched","damage_taken":0,"max_hp_gain":0,"max_hp_loss":0,"event_name":"Match and Keep!","floor":2,"gold_loss":0,"cards_obtained":["Venomology"]}],"is_beta":false,"boss_relics":[],"items_purged_floors":[],"is_endless":false,"potions_floor_spawned":[1,7,13],"killed_by":"Gremlin Nob","ascension_level":20,"potion_discard_per_floor":[[],[],[],[],["SneckoOil"],[],["Weak Potion"],[],[],[],[],[],[],[]]}