{"neow_bonuses_skipped_log":["ONE_RANDOM_RARE_CARD","THREE_ENEMY_KILL","BOSS_RELIC"],"potions_obtained_entropic_brew":[[],[],[],[],[],[],[],[],[],[],[],[],[],[],[],[],[],[],[],[],[],[],[],[],[],[],[],[],[]],"neow_costs_skipped_log":["NONE","NONE","NONE"],"gold_per_floor":[119,133,16,16,27,27,60,80,80,80,90,90,165,165,165,241,241,259,259,184,21,21,48,48,48,73,85,85,85],"floor_reached":29,"playtime":1568,"items_purged":["Defend_G"],"score":482,"play_id":"343897ea-a2f2-4060-bb7f-b1c14ef6685c","local_time":"20230421001634","score_breakdown":["Floors Climbed (29): 145","Enemies Slain (8): 16","Exordium Elites Killed (1): 10","City Elites Killed (1): 20","Bosses Slain (1): 50","Ascension (20): 241"],"is_ascension_mode":true,"potions_obtained_alchemize":[[],[],[],[],[],[],[],[],[],[],[],[],[],[],[],[],[],[],[],[],[],[],[],[],[],[],[],[],[]],"campfire_choices":[{"data":"Bouncing Flask","floor":6.0,"key":"SMITH"},{"floor":12,"key":"REST"},{"floor":15,"key":"REST"},{"floor":25,"key":"REST"},{"data":"Burst","floor":28,"key":"SMITH"}],"lesson_learned_per_floor":[[],[],[],[],[],[],[],[],[],[],[],[],[],[],[],[],[],[],[],[],[],[],[],[],[],[],[],[],[]],"neow_cost":"TEN_PERCENT_HP_LOSS","improvable_cards":{},"seed_source_timestamp":764238396173500,"shop_contents":[{"floor":3,"relics":["Oddly Smooth Stone","Pantograph","Lee\u0027s Waffle"],"cards":["Riddle With Holes","Sucker Punch","Backflip","Infinite Blades","Madness","Secret Weapon"],"potions":["SteroidPotion","SpeedPotion","PowerPotion"]},{"floor":21,"relics":["Torii","Kunai"],"cards":["Quick Slash","Poisoned Stab","Bouncing Flask","Backflip","Infinite Blades","Blind","Secret Technique"],"potions":["Fire Potion","SkillPotion","Block Potion"]},{"floor":24,"relics":["Letter Opener","CeramicFish","TheAbacus"],"cards":["Predator","Slice","Corpse Explosion","Distraction","Accuracy","Panacea","Apotheosis"],"potions":["Weak Potion","Fire Potion","FairyPotion"]}],"circlet_count":0,"master_deck":["AscendersBane","Strike_G","Strike_G","Strike_G","Defend_G","Defend_G","Defend_G","Defend_G","Survivor","Neutralize","Endless Agony","Underhanded Strike","Bouncing Flask+1","Poisoned Stab","Acrobatics","Burst+1","Die Die Die","Outmaneuver","Catalyst","Catalyst","Decay","PiercingWail"],"special_seed":0,"potion_use_per_floor":[[],[],[],[],[],[],[],["GhostInAJar"],[],["SmokeBomb"],["Dexterity Potion"],[],[],[],[],[],[],[],[],[],[],[],[],[],[],[],[],[],[]],"relics":["Ring of the Snake","Incense Burner","Matryoshka","Bronze Scales","Bird Faced Urn","Runic Pyramid","DollysMirror","Centennial Puzzle","Nunchaku","Dream Catcher"],"potions_floor_usage":[11],"damage_taken":[{"damage":8.0,"enemies":"Small Slimes","floor":1.0,"turns":9.0},{"damage":1.0,"enemies":"2 Louse","floor":2.0,"turns":3.0},{"damage":0.0,"enemies":"Cultist","floor":5.0,"turns":3.0},{"damage":29.0,"enemies":"3 Sentries","floor":7.0,"turns":9.0},{"damage":20.0,"enemies":"Gremlin Gang","floor":8.0,"turns":5.0},{"damage":0.0,"enemies":"Blue Slaver","floor":10.0,"turns":2.0},{"damage":3,"enemies":"2 Fungi Beasts","floor":11,"turns":3},{"damage":11,"enemies":"Hexaghost","floor":16,"turns":9},{"damage":26,"enemies":"Shell Parasite","floor":18,"turns":4},{"damage":7,"enemies":"Gremlin Leader","floor":23,"turns":4},{"damage":4,"enemies":"3 Byrds","floor":27,"turns":2},{"damage":36,"enemies":"3 Cultists","floor":29,"turns":4}],"seed_played":"-5879168809599633433","neow_bonus_log":{"cardsObtained":[],"cardsUpgraded":[],"cardsRemoved":[],"cardsTransformed":[],"relicsObtained":["Incense Burner"],"maxHpGained":0,"goldGained":0,"damageTaken":0,"goldLost":0,"maxHpLost":6},"potions_obtained":[{"floor":1.0,"key":"GhostInAJar"},{"floor":2.0,"key":"Dexterity Potion"},{"floor":8.0,"key":"SmokeBomb"},{"floor":27,"key":"SteroidPotion"}],"is_trial":false,"path_per_floor":["M","M","$","?","M","R","E","M","T","M","M","R","?","?","R","B",null,"M","?","?","$","?","E","$","R","T","M","R","M"],"character_chosen":"THE_SILENT","basemod:card_modifiers":[null,null,null,null,null,null,null,null,null,null,null,null,null,null,null,null,null,null,null,null,null,null],"items_purchased":["Bouncing Flask","DollysMirror"],"campfire_rested":3,"item_purchase_floors":[3,21],"current_hp_per_floor":[51,50,50,55,55,55,26,6,6,6,3,22,11,4,23,12,52,26,26,26,26,26,19,19,38,38,34,34,0],"gold":85,"neow_bonus":"ONE_RARE_RELIC","is_prod":false,"is_daily":false,"rewards_skipped":[],"chose_seed":false,"campfire_upgraded":2,"win_rate":0,"floor_exit_playtime":[107,148,164,167,557,563,694,786,790,817,855,858,861,870,872,1222,1237,1293,1300,1305,1316,1328,1388,1393,1396,1402,1468,1474],"timestamp":1682050594,"path_taken":["M","M","$","?","M","R","E","M","T","M","M","R","?","?","R","BOSS","M","?","?","$","?","E","$","R","T","?","R","?"],"build_version":"2022-12-18","purchased_purges":1,"victory":false,"max_hp_per_floor":[60,60,60,65,65,65,65,65,65,65,65,65,65,65,65,65,65,65,65,65,65,65,65,65,65,65,65,65,65],"relic_stats":{"Centennial Puzzle":[6],"Nunchaku":[1],"Dream Catcher":0,"Matryoshka":2,"counters":[12,57],"Bronze Scales":[132],"Bird Faced Urn":[0],"obtain_stats":[{"Centennial Puzzle":23,"Nunchaku":26,"Dream Catcher":26,"Matryoshka":7,"DollysMirror":21,"Bronze Scales":9,"Bird Faced Urn":9,"Incense Burner":0,"Ring of the Snake":0,"Runic Pyramid":17},{"Centennial Puzzle":10,"Nunchaku":10,"Dream Catcher":10,"Matryoshka":4,"DollysMirror":9,"Bronze Scales":5,"Bird Faced Urn":5,"Incense Burner":0,"Ring of the Snake":0,"Runic Pyramid":8},{"Centennial Puzzle":51,"Nunchaku":51,"Dream Catcher":51,"Matryoshka":24,"DollysMirror":47,"Bronze Scales":29,"Bird Faced Urn":29,"Incense Burner":0,"Ring of the Snake":0,"Runic Pyramid":43}],"Ring of the Snake":[26]},"card_choices":[{"not_picked":["Dodge and Roll","Dagger Throw"],"picked":"Endless Agony","floor":1.0},{"not_picked":["PiercingWail","Prepared"],"picked":"Underhanded Strike","floor":2.0},{"not_picked":["Bane","Quick Slash"],"picked":"Poisoned Stab","floor":5.0},{"not_picked":["Tactician","PiercingWail","Dodge and Roll"],"picked":"SKIP","floor":7.0},{"not_picked":["Prepared","Blade Dance"],"picked":"Acrobatics","floor":8.0},{"not_picked":["Blade Dance","Acrobatics"],"picked":"Burst","floor":11},{"not_picked":["Doppelganger","Burst"],"picked":"Die Die Die","floor":16},{"not_picked":["Poisoned Stab","Quick Slash"],"picked":"Outmaneuver","floor":18},{"not_picked":["Dagger Spray","Poisoned Stab","Blade Dance","Prepared","Footwork","Flying Knee","Leg Sweep","Underhanded Strike","PiercingWail","Slice","Noxious Fumes","Blur","Deflect","Well Laid Plans","Dodge and Roll","Backflip","Accuracy","Dash","Cloak And Dagger"],"picked":"Catalyst","floor":19},{"not_picked":["Finisher","Deadly Poison"],"picked":"PiercingWail","floor":23},{"not_picked":["Reflex","Deflect","Dagger Throw"],"picked":"SKIP","floor":27}],"player_experience":1857701,"relics_obtained":[{"floor":7.0,"key":"Matryoshka"},{"floor":9.0,"key":"Bronze Scales"},{"floor":9.0,"key":"Bird Faced Urn"},{"floor":23,"key":"Centennial Puzzle"},{"floor":26,"key":"Nunchaku"},{"floor":26,"key":"Dream Catcher"}],"event_choices":[{"damage_healed":0.0,"max_hp_gain":5.0,"max_hp_loss":0.0,"gold_gain":0.0,"event_name":"Big Fish","player_choice":"Donut","floor":4.0,"gold_loss":0.0,"damage_taken":0.0},{"damage_healed":0,"gold_gain":75,"player_choice":"Gather Gold","damage_taken":11,"max_hp_gain":0,"max_hp_loss":0,"event_name":"World of Goop","floor":13,"gold_loss":0},{"cards_removed":["Strike_G"],"damage_healed":0,"gold_gain":0,"player_choice":"Card Removal","damage_taken":7,"max_hp_gain":0,"max_hp_loss":0,"event_name":"Golden Wing","floor":14,"gold_loss":0},{"damage_healed":0,"gold_gain":0,"player_choice":"Read","damage_taken":0,"max_hp_gain":0,"max_hp_loss":0,"event_name":"The Library","floor":19,"gold_loss":0,"cards_obtained":["Catalyst"]},{"cards_removed":["Strike_G"],"damage_healed":0,"gold_gain":0,"player_choice":"Gave Gold","damage_taken":0,"max_hp_gain":0,"max_hp_loss":0,"event_name":"Beggar","floor":20,"gold_loss":75},{"damage_healed":0,"gold_gain":0,"player_choice":"Cursed","damage_taken":0,"max_hp_gain":0,"max_hp_loss":0,"event_name":"Wheel of Change","floor":22,"gold_loss":0,"cards_obtained":["Decay"]}],"is_beta":false,"boss_relics":[{"not_picked":["Velvet Choker","Ring of the Serpent"],"picked":"Runic Pyramid"}],"items_purged_floors":[3],"is_endless":false,"potions_floor_spawned":[1,2,8,27],"killed_by":"3 Cultists","ascension_level":20,"potion_discard_per_floor":[[],[],[],[],[],[],[],[],[],[],[],[],[],[],[],[],[],[],[],[],[],[],[],[],[],[],[],[],[]]}