{"neow_bonuses_skipped_log":["TEN_PERCENT_HP_BONUS","TRANSFORM_TWO_CARDS","BOSS_RELIC"],"neow_costs_skipped_log":["NONE","CURSE","NONE"],"potions_obtained_entropic_brew":[[],[],[],[],[],[],[],[],[],[],[],[],[],[],[],[],[],[],[],[],[],[],[],[],[],[],[],[],[],[],[],[],[],[],[],[],[],[],[],[],[],[],[],[],[],[],[],[],[],[],[],[],[],[],[],[]],"gold_per_floor":[111,111,128,142,159,159,159,175,175,175,189,217,217,242,242,317,317,334,259,277,289,489,524,267,29,105,139,150,175,193,193,193,268,268,283,233,24,43,54,54,82,97,97,115,115,143,143,176,176,176,176,176,176,21,51,51],"floor_reached":56,"playtime":2774,"items_purged":["Strike_G","Strike_G","Defend_G"],"score":2089,"play_id":"9e0ee243-ad1c-456c-855f-c75a0b85ee29","local_time":"20230424185653","score_breakdown":["Floors Climbed (56): 280","Enemies Slain (16): 32","Exordium Elites Killed (2): 20","City Elites Killed (3): 60","Beyond Elites Killed (3): 90","Bosses Slain (4): 500","Librarian: 25","Champion (1): 25","C-c-c-combo: 25","Ascension (20): 1032"],"is_ascension_mode":true,"potions_obtained_alchemize":[[],[],[],[],[],[],[],[],[],[],[],[],[],[],[],[],[],[],[],[],[],[],[],[],[],[],[],[],[],[],[],[],[],[],[],[],[],[],[],[],[],[],[],[],[],[],[],[],[],[],[],[],[],[],[],[]],"campfire_choices":[{"data":"Blade Dance","floor":7.0,"key":"SMITH"},{"data":"Deadly Poison","floor":13.0,"key":"SMITH"},{"data":"Noxious Fumes","floor":15.0,"key":"SMITH"},{"floor":32.0,"key":"REST"},{"floor":40.0,"key":"REST"},{"floor":45.0,"key":"REST"},{"floor":47,"key":"RECALL"},{"floor":49,"key":"REST"},{"floor":53,"key":"REST"}],"lesson_learned_per_floor":[[],[],[],[],[],[],[],[],[],[],[],[],[],[],[],[],[],[],[],[],[],[],[],[],[],[],[],[],[],[],[],[],[],[],[],[],[],[],[],[],[],[],[],[],[],[],[],[],[],[],[],[],[],[],[],[]],"neow_cost":"NONE","improvable_cards":{},"seed_source_timestamp":1089448484045299,"shop_contents":[{"floor":19,"relics":["Eternal Feather","Juzu Bracelet","PrismaticShard"],"cards":["Sucker Punch","Underhanded Strike","Distraction","Setup","Infinite Blades","Enlightenment","Magnetism"],"potions":["Ancient Potion","Weak Potion","BlessingOfTheForge"]},{"floor":24,"relics":["Whetstone","TwistedFunnel"],"cards":["Flechettes","Dagger Throw","Deflect","Deadly Poison","Noxious Fumes","Mind Blast","Panache"],"potions":["Poison Potion","Weak Potion","LiquidBronze"]},{"floor":25,"relics":["Snake Skull","Sling"],"cards":["Sucker Punch","Dagger Spray","Expertise","Blade Dance","Madness","Metamorphosis"],"potions":["SkillPotion","BlessingOfTheForge","PowerPotion"]},{"floor":37,"relics":["Pear","Shuriken","Lee\u0027s Waffle"],"cards":["Poisoned Stab","Glass Knife","Leg Sweep+1","Deadly Poison+1","Trip+1","Violence+1"],"potions":["GhostInAJar","Block Potion","SkillPotion"]},{"floor":54,"relics":["Vajra","Bottled Tornado","Membership Card"],"cards":["Masterful Stab","Backstab","Blade Dance+1","Accuracy","Dramatic Entrance","Thinking Ahead+1"],"potions":["Fire Potion","SpeedPotion"]}],"circlet_count":0,"master_deck":["AscendersBane","Defend_G","Defend_G","Defend_G","Defend_G","Survivor","Neutralize+1","Quick Slash+1","Backflip","Blade Dance+1","Blade Dance+1","Deadly Poison+1","Acrobatics","Noxious Fumes+1","After Image","Malaise+1","Skewer+1","Grand Finale+1","Accuracy","Terror","Leg Sweep","Crippling Poison","Accuracy+1","Acrobatics+1","Backflip+1","Deflect+1","Bouncing Flask+1","Doppelganger+1","Blade Dance+1","Footwork","Prepared+1","Outmaneuver+1","Reflex+1","Adrenaline+1","PiercingWail+1","Dodge and Roll+1","Deflect+1","Footwork","Backflip+1","Tactician+1"],"special_seed":0,"potion_use_per_floor":[[],[],[],[],[],[],[],["DistilledChaos"],[],[],[],["Strength Potion"],[],[],[],["Dexterity Potion"],[],[],[],[],[],[],["CunningPotion"],[],[],[],[],[],[],[],[],[],[],[],[],[],[],[],[],[],[],[],[],[],[],["Swift Potion"],[],[],[],["CultistPotion"],[],[],[],[],[],["CultistPotion","Energy Potion"]],"relics":["Ring of the Snake","Dream Catcher","Meat on the Bone","Strawberry","Question Card","InkBottle","Astrolabe","Pen Nib","PreservedInsect","Lantern","Toxic Egg 2","Bag of Preparation","Anchor","Fusion Hammer","Lizard Tail","Potion Belt","Bird Faced Urn","Orichalcum"],"potions_floor_usage":[50,56,56],"damage_taken":[{"damage":1.0,"enemies":"2 Louse","floor":1.0,"turns":3.0},{"damage":3.0,"enemies":"Cultist","floor":3.0,"turns":5.0},{"damage":1.0,"enemies":"Small Slimes","floor":4.0,"turns":5.0},{"damage":1.0,"enemies":"Red Slaver","floor":5.0,"turns":5.0},{"damage":2.0,"enemies":"Exordium Thugs","floor":8.0,"turns":4.0},{"damage":0.0,"enemies":"Large Slime","floor":11.0,"turns":4.0},{"damage":7.0,"enemies":"Lagavulin","floor":12.0,"turns":5.0},{"damage":32.0,"enemies":"3 Sentries","floor":14.0,"turns":7.0},{"damage":10.0,"enemies":"The Guardian","floor":16.0,"turns":9.0},{"damage":2.0,"enemies":"Spheric Guardian","floor":18.0,"turns":3.0},{"damage":10.0,"enemies":"Chosen","floor":20.0,"turns":5.0},{"damage":9.0,"enemies":"Snake Plant","floor":21.0,"turns":5.0},{"damage":24.0,"enemies":"Book of Stabbing","floor":23.0,"turns":6.0},{"damage":1.0,"enemies":"Gremlin Leader","floor":27.0,"turns":3.0},{"damage":3.0,"enemies":"Centurion and Healer","floor":28.0,"turns":7.0},{"damage":34.0,"enemies":"Slavers","floor":29.0,"turns":3.0},{"damage":0.0,"enemies":"Snecko","floor":30.0,"turns":2.0},{"damage":10.0,"enemies":"Champ","floor":33.0,"turns":10.0},{"damage":1.0,"enemies":"Orb Walker","floor":35.0,"turns":4.0},{"damage":0.0,"enemies":"3 Shapes","floor":38.0,"turns":5.0},{"damage":0.0,"enemies":"Writhing Mass","floor":39.0,"turns":5.0},{"damage":0.0,"enemies":"Nemesis","floor":41.0,"turns":3.0},{"damage":0.0,"enemies":"Spire Growth","floor":42.0,"turns":3.0},{"damage":19.0,"enemies":"Jaw Worm Horde","floor":44.0,"turns":4.0},{"damage":10.0,"enemies":"Reptomancer","floor":46.0,"turns":7.0},{"damage":16,"enemies":"Nemesis","floor":48,"turns":7},{"damage":67,"enemies":"Time Eater","floor":50,"turns":15},{"damage":5,"enemies":"Donu and Deca","floor":51,"turns":10},{"damage":12,"enemies":"Shield and Spear","floor":55,"turns":7},{"damage":116,"enemies":"The Heart","floor":56,"turns":8}],"green_key_taken_log":41,"seed_played":"-6998241061259057160","neow_bonus_log":{"cardsObtained":[],"cardsUpgraded":["Neutralize"],"cardsRemoved":[],"cardsTransformed":[],"relicsObtained":[],"maxHpGained":0,"goldGained":0,"damageTaken":0,"goldLost":0,"maxHpLost":0},"potions_obtained":[{"floor":1.0,"key":"Dexterity Potion"},{"floor":5.0,"key":"DistilledChaos"},{"floor":8.0,"key":"Strength Potion"},{"floor":12.0,"key":"FairyPotion"},{"floor":18.0,"key":"CunningPotion"},{"floor":23.0,"key":"FearPotion"},{"floor":29.0,"key":"Fire Potion"},{"floor":35.0,"key":"CultistPotion"},{"floor":44.0,"key":"Swift Potion"},{"floor":46.0,"key":"Energy Potion"}],"is_trial":false,"path_per_floor":["M","?","M","M","M","?","R","M","T","?","M","E","R","E","R","B",null,"M","$","M","M","?","E","$","$","T","E","M","E","M","?","R","B",null,"M","?","$","M","M","R","E","M","T","M","R","E","R","E","R","B","B",null,"R","$","E","B"],"character_chosen":"THE_SILENT","basemod:card_modifiers":[null,null,null,null,null,null,null,null,null,null,null,null,null,null,null,null,null,null,null,null,null,null,null,null,null,null,null,null,null,null,null,null,null,null,null,null,null,null,null,null],"items_purchased":["PreservedInsect","Accuracy","Lantern","Footwork","Tactician+1","CultistPotion"],"campfire_rested":5,"item_purchase_floors":[24,25,25,37,54,54],"current_hp_per_floor":[58,58,55,54,53,48,48,46,53,53,53,46,46,26,26,28,62,60,60,50,41,41,29,29,29,29,40,37,15,27,27,48,38,64,63,63,63,63,63,73,73,73,73,54,73,63,63,47,68,25,44,66,73,73,65,0],"gold":51,"neow_bonus":"UPGRADE_CARD","is_prod":false,"is_daily":false,"rewards_skipped":[{"floor":33,"relics":[],"potions":["Poison Potion"]},{"floor":41,"relics":[],"potions":["FairyPotion"]}],"chose_seed":false,"campfire_upgraded":3,"win_rate":0,"floor_exit_playtime":[56,60,92,130,171,174,181,230,234,239,294,339,354,424,429,520,538,578,593,663,730,735,809,831,843,846,894,994,1067,1098,1100,1107,1247,1259,1315,1332,1350,1422,1510,1518,1585,1649,1652,1766,1776,1954,1958,2066,2073,2282,2449,2460,2466,2479,2612],"timestamp":1682377013,"blue_key_relic_skipped_log":{"floor":43,"relicID":"Bottled Lightning"},"path_taken":["M","?","?","M","M","?","R","M","T","?","M","E","R","E","R","BOSS","M","$","M","M","?","E","?","$","T","E","M","E","M","?","R","BOSS","M","?","$","?","M","R","E","M","T","M","R","E","R","E","R","BOSS","BOSS","R","$","E","BOSS"],"build_version":"2022-12-18","purchased_purges":3,"victory":false,"max_hp_per_floor":[66,66,66,66,66,66,66,66,73,73,73,73,73,73,73,73,73,73,73,73,73,73,73,73,73,73,73,73,73,73,73,73,73,73,73,73,73,73,73,73,73,73,73,73,73,73,73,73,73,73,73,73,73,73,73,73],"relic_stats":{"counters":[30,169],"Astrolabe":["Malaise","Skewer","Grand Finale"],"Pen Nib":[25],"PreservedInsect":328,"Bag of Preparation":[32],"Orichalcum":[6],"Question Card":25,"Dream Catcher":5,"Lizard Tail":36,"Bird Faced Urn":[40],"obtain_stats":[{"Potion Belt":46,"Lantern":25,"Astrolabe":17,"Pen Nib":23,"PreservedInsect":24,"Bag of Preparation":27,"Orichalcum":55,"Question Card":12,"Dream Catcher":2,"Anchor":29,"Lizard Tail":41,"Strawberry":9,"Bird Faced Urn":48,"Fusion Hammer":34,"Toxic Egg 2":26,"InkBottle":14,"Ring of the Snake":0,"Meat on the Bone":6},{"Potion Belt":25,"Lantern":13,"Astrolabe":9,"Pen Nib":13,"PreservedInsect":13,"Bag of Preparation":14,"Orichalcum":29,"Question Card":7,"Dream Catcher":1,"Anchor":16,"Lizard Tail":22,"Strawberry":5,"Bird Faced Urn":26,"Fusion Hammer":18,"Toxic Egg 2":13,"InkBottle":8,"Ring of the Snake":0,"Meat on the Bone":4},{"Potion Belt":122,"Lantern":66,"Astrolabe":47,"Pen Nib":66,"PreservedInsect":66,"Bag of Preparation":69,"Orichalcum":161,"Question Card":31,"Dream Catcher":3,"Anchor":79,"Lizard Tail":108,"Strawberry":22,"Bird Faced Urn":129,"Fusion Hammer":91,"Toxic Egg 2":66,"InkBottle":38,"Ring of the Snake":0,"Meat on the Bone":18}],"InkBottle":[76],"Ring of the Snake":[60],"Meat on the Bone":96},"card_choices":[{"not_picked":["Blur","Distraction"],"picked":"Accuracy","floor":1.0},{"not_picked":["Setup","Backflip"],"picked":"Quick Slash","floor":3.0},{"not_picked":["Prepared","Sucker Punch"],"picked":"Backflip","floor":4.0},{"not_picked":["Backflip","Sucker Punch"],"picked":"Blade Dance","floor":5.0},{"not_picked":["Outmaneuver","Prepared"],"picked":"Blade Dance","floor":8.0},{"not_picked":["Underhanded Strike","Grand Finale"],"picked":"Deadly Poison","floor":11.0},{"not_picked":["Underhanded Strike","Deadly Poison"],"picked":"Acrobatics","floor":12.0},{"not_picked":["Predator","Skewer","Outmaneuver"],"picked":"Noxious Fumes","floor":14.0},{"not_picked":["Glass Knife","Doppelganger","Unload"],"picked":"After Image","floor":16.0},{"not_picked":["PiercingWail","Underhanded Strike","Dagger Spray"],"picked":"Accuracy","floor":18.0},{"not_picked":["Outmaneuver","PiercingWail","Dagger Spray"],"picked":"Terror","floor":20.0},{"not_picked":["Malaise","Cloak And Dagger","Deadly Poison"],"picked":"Leg Sweep","floor":21.0},{"not_picked":["Skewer+1","Distraction","Dagger Spray"],"picked":"Crippling Poison","floor":23.0},{"not_picked":["Heel Hook","Bouncing Flask+1","Terror+1"],"picked":"Acrobatics+1","floor":27.0},{"not_picked":["Acrobatics+1","Dagger Throw","Setup+1"],"picked":"Backflip+1","floor":28.0},{"not_picked":["Terror+1","Noxious Fumes","Poisoned Stab","Dagger Spray"],"picked":"SKIP","floor":29.0},{"not_picked":["Slice","Choke","Underhanded Strike+1"],"picked":"Deflect+1","floor":30.0},{"not_picked":["Slice","Heel Hook","Bane"],"picked":"Bouncing Flask+1","floor":32.0},{"not_picked":["Bullet Time+1","Venomology+1","Envenom"],"picked":"Doppelganger+1","floor":33.0},{"not_picked":["Flechettes+1","Crippling Poison+1","Leg Sweep+1"],"picked":"Blade Dance+1","floor":35.0},{"not_picked":["Backflip+1","Underhanded Strike+1","Blade Dance+1"],"picked":"Prepared+1","floor":38.0},{"not_picked":["Underhanded Strike","Dodge and Roll+1","Backflip+1"],"picked":"Outmaneuver+1","floor":39.0},{"not_picked":["Noxious Fumes","Quick Slash","Flying Knee+1"],"picked":"Reflex+1","floor":40.0},{"not_picked":["Underhanded Strike","Escape Plan+1","Backstab"],"picked":"Adrenaline+1","floor":41.0},{"not_picked":["Choke","Outmaneuver+1","Poisoned Stab+1","Dagger Throw+1"],"picked":"SKIP","floor":42.0},{"not_picked":["Endless Agony","All Out Attack","Noxious Fumes+1"],"picked":"PiercingWail+1","floor":44.0},{"not_picked":["Dagger Spray","Bane","Blade Dance+1"],"picked":"Dodge and Roll+1","floor":45.0},{"not_picked":["Setup+1","Noxious Fumes","Prepared+1"],"picked":"Deflect+1","floor":46.0},{"not_picked":["Eviscerate","Backstab+1","Deadly Poison+1","PiercingWail+1"],"picked":"SKIP","floor":48},{"not_picked":["Prepared+1","Blade Dance+1","Wraith Form v2"],"picked":"Footwork","floor":49},{"not_picked":["Choke","Blade Dance+1","Masterful Stab+1"],"picked":"Backflip+1","floor":53},{"not_picked":["Dagger Spray","Outmaneuver+1","Poisoned Stab","Masterful Stab"],"picked":"SKIP","floor":55}],"player_experience":1894635,"relics_obtained":[{"floor":9.0,"key":"Strawberry"},{"floor":12.0,"key":"Question Card"},{"floor":14.0,"key":"InkBottle"},{"floor":23.0,"key":"Pen Nib"},{"floor":26.0,"key":"Toxic Egg 2"},{"floor":27.0,"key":"Bag of Preparation"},{"floor":29.0,"key":"Anchor"},{"floor":41.0,"key":"Lizard Tail"},{"floor":46.0,"key":"Potion Belt"},{"floor":48,"key":"Bird Faced Urn"},{"floor":55,"key":"Orichalcum"}],"event_choices":[{"cards_removed":["Accuracy"],"damage_healed":0.0,"max_hp_gain":0.0,"max_hp_loss":0.0,"gold_gain":0.0,"event_name":"WeMeetAgain","player_choice":"Gave Card","floor":2.0,"gold_loss":0.0,"damage_taken":0.0,"relics_obtained":["Dream Catcher"]},{"damage_healed":0.0,"max_hp_gain":0.0,"max_hp_loss":0.0,"gold_gain":0.0,"event_name":"Scrap Ooze","player_choice":"Success","floor":6.0,"gold_loss":0.0,"damage_taken":5.0,"relics_obtained":["Meat on the Bone"]},{"damage_healed":0.0,"max_hp_gain":0.0,"max_hp_loss":0.0,"gold_gain":0.0,"event_name":"Upgrade Shrine","player_choice":"Upgraded","floor":10.0,"gold_loss":0.0,"damage_taken":0.0,"cards_upgraded":["Blade Dance"]},{"damage_healed":0.0,"max_hp_gain":0.0,"max_hp_loss":0.0,"gold_gain":250.0,"event_name":"The Joust","player_choice":"Bet on Owner","floor":22.0,"gold_loss":50.0,"damage_taken":0.0},{"damage_healed":0.0,"max_hp_gain":0.0,"max_hp_loss":0.0,"gold_gain":0.0,"event_name":"The Mausoleum","player_choice":"Ignored","floor":31.0,"gold_loss":0.0,"damage_taken":0.0},{"damage_healed":0.0,"max_hp_gain":0.0,"max_hp_loss":0.0,"gold_gain":0.0,"event_name":"Designer","player_choice":"Upgraded Two","floor":36.0,"gold_loss":50.0,"damage_taken":0.0,"cards_upgraded":["Accuracy","Quick Slash"]}],"is_beta":false,"boss_relics":[{"not_picked":["Ectoplasm","Busted Crown"],"picked":"Astrolabe"},{"not_picked":["Philosopher\u0027s Stone","Coffee Dripper"],"picked":"Fusion Hammer"}],"items_purged_floors":[19,24,37],"is_endless":false,"potions_floor_spawned":[1,5,8,12,18,23,29,33,35,41,44,46],"killed_by":"The Heart","ascension_level":20,"potion_discard_per_floor":[[],[],[],[],[],[],[],[],[],[],[],[],[],[],[],[],[],[],[],[],[],[],[],[],[],[],[],[],["FearPotion"],[],[],[],[],[],["FairyPotion"],[],[],[],[],[],[],[],[],["Fire Potion"],[],[],[],[],[],[],[],[],[],[],[],[]]}