{"neow_bonuses_skipped_log":["TEN_PERCENT_HP_BONUS","TWENTY_PERCENT_HP_BONUS","BOSS_RELIC"],"neow_costs_skipped_log":["NONE","CURSE","NONE"],"potions_obtained_entropic_brew":[[],[],[],[],[],[]],"gold_per_floor":[117,137,6,6,18,18],"floor_reached":6,"playtime":276,"items_purged":["Strike_G"],"score":72,"play_id":"43ade9ad-56f0-4a3d-a10f-9004fdb5f280","local_time":"20230420125317","score_breakdown":["Floors Climbed (6): 30","Enemies Slain (3): 6","Exordium Elites Killed (0): 0","Bosses Slain (0): 0","Ascension (20): 36"],"is_ascension_mode":true,"potions_obtained_alchemize":[[],[],[],[],[],[]],"campfire_choices":[],"lesson_learned_per_floor":[[],[],[],[],[],[]],"neow_cost":"NONE","improvable_cards":{},"seed_source_timestamp":724560059698500,"shop_contents":[{"floor":3,"relics":["Bronze Scales","Potion Belt","TwistedFunnel"],"cards":["Skewer","Masterful Stab","Blade Dance","Distraction","Caltrops","Trip","Sadistic Nature"],"potions":["DuplicationPotion","FearPotion"]}],"circlet_count":0,"master_deck":["AscendersBane","Strike_G","Strike_G","Strike_G","Strike_G","Defend_G","Defend_G","Defend_G","Survivor","Neutralize","Grand Finale","Eviscerate","Underhanded Strike","Poisoned Stab"],"potion_use_per_floor":[[],[],[],[],[],["SpeedPotion","Fire Potion"]],"relics":["Ring of the Snake"],"potions_floor_usage":[6,6],"damage_taken":[{"damage":0,"enemies":"2 Louse","floor":1,"turns":3},{"damage":3,"enemies":"Cultist","floor":2,"turns":4},{"damage":2,"enemies":"Jaw Worm","floor":5,"turns":4},{"damage":72,"enemies":"Lagavulin","floor":6,"turns":11}],"seed_played":"485137959995538650","neow_bonus_log":{"cardsObtained":["Grand Finale"],"cardsUpgraded":[],"cardsRemoved":[],"cardsTransformed":["Defend_G"],"relicsObtained":[],"maxHpGained":0,"goldGained":0,"damageTaken":0,"goldLost":0,"maxHpLost":0},"potions_obtained":[{"floor":1,"key":"SpeedPotion"}],"is_trial":false,"path_per_floor":["M","M","$","?","M","E"],"character_chosen":"THE_SILENT","basemod:card_modifiers":[null,null,null,null,null,null,null,null,null,null,null,null,null,null],"items_purchased":["Fire Potion"],"campfire_rested":0,"item_purchase_floors":[3],"current_hp_per_floor":[59,56,56,56,54,0],"gold":18,"neow_bonus":"TRANSFORM_CARD","is_prod":false,"is_daily":false,"rewards_skipped":[],"chose_seed":false,"campfire_upgraded":0,"win_rate":0,"floor_exit_playtime":[62,100,140,145,183],"timestamp":1682009597,"path_taken":["M","M","$","?","M","E"],"build_version":"2022-12-18","purchased_purges":1,"victory":false,"max_hp_per_floor":[66,66,66,66,66,66],"relic_stats":{"counters":[4,22],"obtain_stats":[{"Ring of the Snake":0},{"Ring of the Snake":0},{"Ring of the Snake":0}],"Ring of the Snake":[8]},"card_choices":[{"not_picked":["Heel Hook","Flying Knee"],"picked":"Eviscerate","floor":1},{"not_picked":["Leg Sweep","PiercingWail"],"picked":"Underhanded Strike","floor":2},{"not_picked":["Dodge and Roll","Deadly Poison","Footwork"],"picked":"SKIP","floor":5}],"player_experience":1836175,"relics_obtained":[],"event_choices":[{"damage_healed":0,"gold_gain":0,"cards_transformed":["Defend_G"],"player_choice":"Transformed","damage_taken":0,"max_hp_gain":0,"max_hp_loss":0,"event_name":"Transmorgrifier","floor":4,"gold_loss":0,"cards_obtained":["Poisoned Stab"]}],"is_beta":false,"boss_relics":[],"items_purged_floors":[3],"is_endless":false,"potions_floor_spawned":[1],"killed_by":"Lagavulin","ascension_level":20,"potion_discard_per_floor":[[],[],[],[],[],[]]}