{"neow_bonuses_skipped_log":["THREE_SMALL_POTIONS","TWENTY_PERCENT_HP_BONUS","BOSS_RELIC"],"potions_obtained_entropic_brew":[[],[],[],[],[],[],[],[],[],[],[],[],[],[],[],[],[],[],[],[],[],[],[],[],[],[],[],[],[],[],[],[],[],[],[],[],[],[],[],[],[],[],[],[],[],[],[],[],[],[],[],[],[],[],[],[],[]],"neow_costs_skipped_log":["NONE","NO_GOLD","NONE"],"gold_per_floor":[114,131,131,155,173,173,209,209,289,289,214,214,248,266,266,357,357,371,6,26,26,46,46,90,114,114,114,145,165,189,204,204,300,300,323,338,338,338,352,352,385,328,328,348,223,243,259,279,279,279,279,279,279,50,83,83],"floor_reached":57,"playtime":4069,"items_purged":["Strike_G","Envenom","Slice"],"score":2926,"play_id":"0bf1b9dd-cafa-470e-aa8d-db4403496076","local_time":"20230420174515","falling_options_log":["Burst+1","Tools of the Trade"],"score_breakdown":["Floors Climbed (57): 285","Enemies Slain (19): 38","Exordium Elites Killed (2): 20","City Elites Killed (2): 40","Beyond Elites Killed (1): 30","Bosses Slain (5): 750","Champion (2): 50","Perfect (2): 100","C-c-c-combo: 25","Ascension (20): 1338","Heartbreaker: 250"],"is_ascension_mode":true,"potions_obtained_alchemize":[[],[],[],[],[],[],[],[],[],[],[],[],[],[],[],[],[],[],[],[],[],[],[],[],[],[],[],[],[],[],[],[],[],[],[],[],[],[],[],[],[],[],[],[],[],[],[],[],[],[],[],[],[],[],[],[],[]],"campfire_choices":[{"data":"Predator","floor":6.0,"key":"SMITH"},{"data":"Bouncing Flask","floor":8.0,"key":"SMITH"},{"data":"Dramatic Entrance","floor":10.0,"key":"SMITH"},{"data":"Well Laid Plans","floor":15.0,"key":"SMITH"},{"data":"Adrenaline","floor":23.0,"key":"SMITH"},{"data":"Calculated Gamble","floor":27.0,"key":"SMITH"},{"data":"Burst","floor":32.0,"key":"SMITH"},{"data":"Footwork","floor":40.0,"key":"SMITH"},{"floor":49,"key":"RECALL"},{"data":"Blur","floor":53,"key":"SMITH"}],"lesson_learned_per_floor":[[],[],[],[],[],[],[],[],[],[],[],[],[],[],[],[],[],[],[],[],[],[],[],[],[],[],[],[],[],[],[],[],[],[],[],[],[],[],[],[],[],[],[],[],[],[],[],[],[],[],[],[],[],[],[],[],[]],"neow_cost":"NONE","improvable_cards":{},"seed_source_timestamp":738232706819200,"shop_contents":[{"floor":11,"relics":["Mummified Hand","Tiny Chest","HandDrill"],"cards":["Eviscerate","Masterful Stab","Deflect","Burst","Accuracy","Swift Strike","Master of Strategy"],"potions":["Explosive Potion","Explosive Potion","GhostInAJar"]},{"floor":19,"relics":["MealTicket","TwistedFunnel"],"cards":["Dagger Throw","Underhanded Strike","Crippling Poison+1","PiercingWail+1","Accuracy","Flash of Steel","Master of Strategy+1"],"potions":["SteroidPotion","LiquidBronze","AttackPotion"]},{"floor":42,"relics":["Incense Burner","Bottled Flame","ClockworkSouvenir"],"cards":["Poisoned Stab","Underhanded Strike","Outmaneuver+1","Footwork","Panacea+1","Violence+1"],"potions":["Weak Potion","FearPotion","ColorlessPotion"]},{"floor":45,"relics":["Thread and Needle","Question Card","Lee\u0027s Waffle"],"cards":["Bane","Slice","Blur+1","Dodge and Roll+1","Well Laid Plans","Dramatic Entrance","Magnetism"],"potions":["BlessingOfTheForge","Dexterity Potion","FairyPotion"]},{"floor":54,"relics":["Whetstone","Anchor","PrismaticShard"],"cards":["Endless Agony","Glass Knife","Well Laid Plans","Jack Of All Trades+1","Transmutation+1"],"potions":["Explosive Potion","Swift Potion","Dexterity Potion"]}],"circlet_count":0,"master_deck":["AscendersBane","Survivor","Neutralize","Dramatic Entrance+1","Bouncing Flask+1","Predator+1","Calculated Gamble+1","Well Laid Plans+1","Tools of the Trade","Unload","Underhanded Strike","Blur+1","Adrenaline+1","Deadly Poison","Predator","Burst+1","Tactician+1","Doppelganger+1","Adrenaline+1","Crippling Poison+1","Terror+1","Burst+1","Deflect+1","Footwork+1","Prepared+1","Prepared+1","Tactician+1","Prepared+1","Reflex+1","Malaise+1","Outmaneuver+1"],"special_seed":0,"potion_use_per_floor":[[],[],[],[],[],[],[],[],[],[],[],[],["ColorlessPotion"],[],[],["Dexterity Potion"],[],[],[],[],[],[],[],[],[],[],[],[],[],[],[],[],["Swift Potion"],[],[],["DistilledChaos"],[],[],[],[],["Regen Potion"],[],[],[],[],[],[],["CunningPotion"],[],[],[],[],[],[],["FearPotion"],["PowerPotion"],[]],"relics":["Ring of the Snake","Golden Idol","Tough Bandages","Bottled Lightning","Toy Ornithopter","Pandora\u0027s Box","Toxic Egg 2","PreservedInsect","Letter Opener","Pantograph","Boot","Coffee Dripper","Centennial Puzzle","Gremlin Horn"],"potions_floor_usage":[48,55,56],"damage_taken":[{"damage":1.0,"enemies":"2 Louse","floor":1.0,"turns":4.0},{"damage":4.0,"enemies":"Jaw Worm","floor":2.0,"turns":3.0},{"damage":0.0,"enemies":"Small Slimes","floor":4.0,"turns":2.0},{"damage":0.0,"enemies":"Looter","floor":5.0,"turns":2.0},{"damage":17.0,"enemies":"3 Sentries","floor":7.0,"turns":7.0},{"damage":8.0,"enemies":"Gremlin Nob","floor":13.0,"turns":3.0},{"damage":0.0,"enemies":"Lots of Slimes","floor":14.0,"turns":1.0},{"damage":4.0,"enemies":"The Guardian","floor":16.0,"turns":10.0},{"damage":0.0,"enemies":"Chosen","floor":18.0,"turns":3.0},{"damage":10.0,"enemies":"Shell Parasite","floor":20.0,"turns":3.0},{"damage":0.0,"enemies":"Snecko","floor":22.0,"turns":3.0},{"damage":21.0,"enemies":"Slavers","floor":24.0,"turns":2.0},{"damage":0.0,"enemies":"Snake Plant","floor":25.0,"turns":2.0},{"damage":2.0,"enemies":"Gremlin Leader","floor":28.0,"turns":3.0},{"damage":1.0,"enemies":"Chosen and Byrds","floor":29.0,"turns":4.0},{"damage":0.0,"enemies":"3 Cultists","floor":30.0,"turns":3.0},{"damage":0.0,"enemies":"Sentry and Sphere","floor":31.0,"turns":2.0},{"damage":0.0,"enemies":"Champ","floor":33.0,"turns":13.0},{"damage":1.0,"enemies":"Orb Walker","floor":35.0,"turns":2.0},{"damage":0.0,"enemies":"3 Darklings","floor":36.0,"turns":3.0},{"damage":5.0,"enemies":"Sphere and 2 Shapes","floor":39.0,"turns":4.0},{"damage":0.0,"enemies":"Reptomancer","floor":41.0,"turns":4.0},{"damage":15,"enemies":"Spire Growth","floor":44,"turns":5},{"damage":0,"enemies":"4 Shapes","floor":46,"turns":1},{"damage":0,"enemies":"Maw","floor":47,"turns":4},{"damage":0,"enemies":"3 Darklings","floor":48,"turns":2},{"damage":0,"enemies":"Awakened One","floor":50,"turns":12},{"damage":28,"enemies":"Time Eater","floor":51,"turns":12},{"damage":0,"enemies":"Shield and Spear","floor":55,"turns":8},{"damage":40,"enemies":"The Heart","floor":56,"turns":9}],"green_key_taken_log":41,"seed_played":"-7064119909383069936","neow_bonus_log":{"cardsObtained":[],"cardsUpgraded":[],"cardsRemoved":[],"cardsTransformed":[],"relicsObtained":[],"maxHpGained":0,"goldGained":0,"damageTaken":0,"goldLost":0,"maxHpLost":0},"potions_obtained":[{"floor":4.0,"key":"Dexterity Potion"},{"floor":7.0,"key":"ColorlessPotion"},{"floor":14.0,"key":"GamblersBrew"},{"floor":24.0,"key":"Swift Potion"},{"floor":25.0,"key":"CunningPotion"},{"floor":33.0,"key":"DistilledChaos"},{"floor":36.0,"key":"Regen Potion"},{"floor":41,"key":"SneckoOil"},{"floor":47,"key":"PowerPotion"},{"floor":48,"key":"FearPotion"}],"is_trial":false,"path_per_floor":["M","M","?","M","M","R","E","R","T","R","$","?","E","M","R","B",null,"M","$","M","?","M","R","E","M","T","R","E","M","M","M","R","B",null,"M","M","?","?","M","R","E","$","T","M","$","M","M","M","R","B","B",null,"R","$","E","B",null],"character_chosen":"THE_SILENT","basemod:card_modifiers":[null,null,null,null,null,null,null,null,null,null,null,null,null,null,null,null,null,null,null,null,null,null,null,null,null,null,null,null,null,null,null],"items_purchased":["Toxic Egg 2","Prepared+1","Reflex+1","Malaise+1"],"campfire_rested":0,"item_purchase_floors":[19,42,54,54],"current_hp_per_floor":[58,54,54,54,54,54,37,37,37,37,37,37,29,29,29,30,53,53,53,43,43,43,43,22,22,22,22,20,19,19,19,19,49,57,56,60,60,60,55,55,60,60,60,45,45,45,45,50,50,60,32,53,53,53,58,20],"gold":83,"neow_bonus":"RANDOM_COLORLESS","is_prod":false,"is_daily":false,"rewards_skipped":[{"floor":29,"relics":[],"potions":["Ancient Potion"]},{"floor":30,"relics":[],"potions":["Fire Potion"]}],"chose_seed":false,"campfire_upgraded":9,"win_rate":0,"floor_exit_playtime":[69,106,109,131,159,169,261,266,279,287,316,321,356,374,379,487,518,560,589,636,646,713,722,778,837,840,850,927,1020,1099,1136,1141,1446,1461,1510,1621,1625,1643,1720,1727,1835,1865,1867,2041,2090,2144,2263,2339,2343,2822,3282,3295,3320,3332,3603,4069],"timestamp":1682027115,"blue_key_relic_skipped_log":{"floor":43,"relicID":"White Beast Statue"},"path_taken":["M","M","?","M","M","R","E","R","T","R","?","?","E","M","R","BOSS","M","$","M","?","M","R","E","?","T","R","E","M","?","M","R","BOSS","M","M","?","?","M","R","E","$","T","M","$","M","?","M","R","BOSS","BOSS","R","$","E","BOSS"],"build_version":"2022-12-18","purchased_purges":3,"victory":true,"max_hp_per_floor":[66,66,60,60,60,60,60,60,60,60,60,60,60,60,60,60,60,60,60,60,60,60,60,60,60,60,60,60,60,60,60,60,60,60,60,60,60,60,60,60,60,60,60,60,60,60,60,60,60,60,60,60,60,60,60,60],"relic_stats":{"Gremlin Horn":[0,0],"counters":[30,136],"Golden Idol":209,"PreservedInsect":241,"Letter Opener":[850],"Boot":[61],"Tough Bandages":[1551],"Centennial Puzzle":[9],"Pantograph":37,"Pandora\u0027s Box":["Unload","Underhanded Strike","Blur","Adrenaline","Unload","Deadly Poison","Envenom","Predator","Burst"],"Bottled Lightning":"Bouncing Flask","obtain_stats":[{"Gremlin Horn":55,"Golden Idol":3,"PreservedInsect":21,"Letter Opener":24,"Boot":28,"Tough Bandages":7,"Centennial Puzzle":41,"Pantograph":26,"Pandora\u0027s Box":17,"Coffee Dripper":34,"Bottled Lightning":9,"Toxic Egg 2":19,"Toy Ornithopter":13,"Ring of the Snake":0},{"Gremlin Horn":29,"Golden Idol":2,"PreservedInsect":10,"Letter Opener":12,"Boot":14,"Tough Bandages":5,"Centennial Puzzle":22,"Pantograph":13,"Pandora\u0027s Box":8,"Coffee Dripper":18,"Bottled Lightning":5,"Toxic Egg 2":9,"Toy Ornithopter":6,"Ring of the Snake":0},{"Gremlin Horn":127,"Golden Idol":7,"PreservedInsect":38,"Letter Opener":43,"Boot":48,"Tough Bandages":18,"Centennial Puzzle":83,"Pantograph":45,"Pandora\u0027s Box":32,"Coffee Dripper":70,"Bottled Lightning":18,"Toxic Egg 2":35,"Toy Ornithopter":21,"Ring of the Snake":0}],"Toy Ornithopter":29,"Ring of the Snake":[60]},"card_choices":[{"not_picked":["Purity","Good Instincts"],"picked":"Dramatic Entrance","floor":0.0},{"not_picked":["Deadly Poison","Dodge and Roll"],"picked":"Bouncing Flask","floor":1.0},{"not_picked":["All Out Attack","Deflect"],"picked":"Predator","floor":2.0},{"not_picked":["Deflect","Flying Knee"],"picked":"Slice","floor":4.0},{"not_picked":["Flying Knee","Masterful Stab","Sucker Punch"],"picked":"SKIP","floor":5.0},{"not_picked":["Eviscerate","Backflip","Sucker Punch"],"picked":"SKIP","floor":7.0},{"not_picked":["PiercingWail","Die Die Die"],"picked":"Calculated Gamble","floor":13.0},{"not_picked":["Accuracy","Dodge and Roll"],"picked":"Well Laid Plans","floor":14.0},{"not_picked":["A Thousand Cuts","Bullet Time"],"picked":"Tools of the Trade","floor":16.0},{"not_picked":["Blade Dance","Poisoned Stab","Distraction"],"picked":"SKIP","floor":18.0},{"not_picked":["Slice","Sucker Punch"],"picked":"Tactician+1","floor":20.0},{"not_picked":["Dodge and Roll+1","PiercingWail+1"],"picked":"Doppelganger+1","floor":22.0},{"not_picked":["Distraction+1","Dash"],"picked":"Adrenaline+1","floor":24.0},{"not_picked":["Dagger Throw","Flying Knee","Outmaneuver+1"],"picked":"SKIP","floor":25.0},{"not_picked":["Dagger Throw","All Out Attack","Masterful Stab+1"],"picked":"SKIP","floor":28.0},{"not_picked":["Eviscerate","Flying Knee","Dash"],"picked":"SKIP","floor":29.0},{"not_picked":["Quick Slash","Blade Dance+1"],"picked":"Crippling Poison+1","floor":30.0},{"not_picked":["Choke","Dash"],"picked":"Terror+1","floor":31.0},{"not_picked":["Unload","Storm of Steel+1"],"picked":"Burst+1","floor":33.0},{"not_picked":["Blur+1","Skewer"],"picked":"Deflect+1","floor":35.0},{"not_picked":["Deadly Poison+1","Flying Knee+1","Footwork"],"picked":"SKIP","floor":36.0},{"not_picked":["Deadly Poison+1","Flying Knee+1"],"picked":"Footwork","floor":36.0},{"not_picked":["Deflect+1","Riddle With Holes"],"picked":"Prepared+1","floor":39.0},{"not_picked":["Terror+1","Dodge and Roll+1","Outmaneuver+1"],"picked":"SKIP","floor":41},{"not_picked":["Poisoned Stab+1","All Out Attack","Deflect+1"],"picked":"SKIP","floor":44},{"not_picked":["Prepared+1","Flying Knee"],"picked":"Tactician+1","floor":46},{"not_picked":["Dagger Throw","Slice","Distraction+1"],"picked":"SKIP","floor":47},{"not_picked":["Riddle With Holes","Crippling Poison+1"],"picked":"Prepared+1","floor":48},{"not_picked":["Bullet Time+1","Backflip+1"],"picked":"Outmaneuver+1","floor":55}],"player_experience":1840846,"relics_obtained":[{"floor":7.0,"key":"Tough Bandages"},{"floor":9.0,"key":"Bottled Lightning"},{"floor":13.0,"key":"Toy Ornithopter"},{"floor":24.0,"key":"Letter Opener"},{"floor":26.0,"key":"Pantograph"},{"floor":28.0,"key":"Boot"},{"floor":41,"key":"Centennial Puzzle"},{"floor":55,"key":"Gremlin Horn"}],"event_choices":[{"damage_healed":0.0,"max_hp_gain":0.0,"max_hp_loss":6.0,"gold_gain":0.0,"event_name":"Golden Idol","player_choice":"Lose Max HP","floor":3.0,"gold_loss":0.0,"damage_taken":0.0,"relics_obtained":["Golden Idol"]},{"damage_healed":0.0,"max_hp_gain":0.0,"max_hp_loss":0.0,"gold_gain":0.0,"event_name":"Scrap Ooze","player_choice":"Fled","floor":12.0,"gold_loss":0.0,"damage_taken":0.0},{"damage_healed":0.0,"max_hp_gain":0.0,"max_hp_loss":0.0,"gold_gain":0.0,"event_name":"WeMeetAgain","player_choice":"Gave Potion","floor":21.0,"gold_loss":0.0,"damage_taken":0.0,"relics_obtained":["PreservedInsect"]},{"cards_removed":["Unload"],"damage_healed":0.0,"max_hp_gain":0.0,"max_hp_loss":0.0,"gold_gain":0.0,"event_name":"Falling","player_choice":"Removed Attack","floor":37.0,"gold_loss":0.0,"damage_taken":0.0},{"damage_healed":0.0,"max_hp_gain":0.0,"max_hp_loss":0.0,"gold_gain":0.0,"event_name":"Match and Keep!","player_choice":"0 cards matched","floor":38.0,"gold_loss":0.0,"damage_taken":0.0,"cards_obtained":[]}],"is_beta":false,"boss_relics":[{"not_picked":["Runic Pyramid","Tiny House"],"picked":"Pandora\u0027s Box"},{"not_picked":["WristBlade","Busted Crown"],"picked":"Coffee Dripper"}],"items_purged_floors":[11,19,45],"is_endless":false,"potions_floor_spawned":[4,7,14,24,25,29,30,33,36,41,47,48],"ascension_level":20,"potion_discard_per_floor":[[],[],[],[],[],[],[],[],[],[],[],[],[],[],[],[],[],[],[],[],[],[],[],[],[],[],[],[],[],[],[],[],[],[],[],[],[],[],[],[],[],[],[],[],[],[],["SneckoOil"],[],[],[],[],[],[],[],[],[],[]]}