{"neow_bonuses_skipped_log":["UPGRADE_CARD","THREE_SMALL_POTIONS","BOSS_RELIC"],"neow_costs_skipped_log":["NONE","NONE","NONE"],"potions_obtained_entropic_brew":[[],[],[],[],[],[],[],[],[],[],[],[],[],[],[],[],[],[],[],[],[],[],[],[],[],[],[],[],[],[],[],[],[]],"gold_per_floor":[14,25,25,35,55,55,71,106,106,119,119,149,160,176,176,248,248,262,276,35,85,10,10,44,60,86,86,86,101,115,133,133,133],"floor_reached":33,"playtime":1732,"items_purged":["Strike_G"],"score":591,"play_id":"91d32e7c-d482-41e2-a212-3ba709acc52d","local_time":"20230420121340","score_breakdown":["Floors Climbed (33): 165","Enemies Slain (14): 28","Exordium Elites Killed (2): 20","City Elites Killed (1): 20","Bosses Slain (1): 50","Well Fed: 25","Ascension (20): 283"],"is_ascension_mode":true,"potions_obtained_alchemize":[[],[],[],[],[],[],[],[],[],[],[],[],[],[],[],[],[],[],[],[],[],[],[],[],[],[],[],[],[],[],[],[],[]],"campfire_choices":[{"data":"Terror","floor":6.0,"key":"SMITH"},{"data":"Bouncing Flask","floor":11.0,"key":"SMITH"},{"floor":15.0,"key":"REST"},{"data":"Calculated Gamble","floor":23,"key":"SMITH"},{"floor":28,"key":"REST"},{"data":"Noxious Fumes","floor":32,"key":"SMITH"}],"lesson_learned_per_floor":[[],[],[],[],[],[],[],[],[],[],[],[],[],[],[],[],[],[],[],[],[],[],[],[],[],[],[],[],[],[],[],[],[]],"neow_cost":"NO_GOLD","improvable_cards":{},"seed_source_timestamp":720700944826000,"shop_contents":[{"floor":20,"relics":["Lantern","Meat on the Bone"],"cards":["Flechettes","Masterful Stab","Prepared","Accuracy","Mind Blast","Metamorphosis"],"potions":["EssenceOfSteel","Block Potion","PowerPotion"]},{"floor":22,"relics":["Calipers","Blue Candle","Chemical X"],"cards":["Dagger Throw","Flying Knee","Backflip","Cloak And Dagger","Noxious Fumes","Swift Strike","The Bomb"],"potions":["ColorlessPotion","Fire Potion","EntropicBrew"]}],"circlet_count":0,"master_deck":["AscendersBane","Defend_G","Defend_G","Defend_G","Survivor","Neutralize","Blade Dance","Leg Sweep","Terror+1","Bouncing Flask+1","Backstab","All Out Attack","Noxious Fumes+1","After Image","Backflip","Calculated Gamble+1","Acrobatics","Adrenaline","Corpse Explosion","Endless Agony"],"special_seed":0,"potion_use_per_floor":[[],[],[],[],[],[],[],[],[],[],[],[],[],[],[],[],[],["SteroidPotion"],["Fruit Juice"],[],[],[],[],["EssenceOfSteel"],["SpeedPotion"],[],[],[],[],[],[],[],["FairyPotion"]],"relics":["Ring of the Snake","Ornamental Fan","TungstenRod","Mango","Empty Cage","TheAbacus","Shovel","Akabeko"],"potions_floor_usage":[19,24,25],"damage_taken":[{"damage":0.0,"enemies":"2 Louse","floor":1.0,"turns":4.0},{"damage":0.0,"enemies":"Cultist","floor":2.0,"turns":4.0},{"damage":0.0,"enemies":"Small Slimes","floor":4.0,"turns":4.0},{"damage":21.0,"enemies":"Exordium Thugs","floor":5.0,"turns":6.0},{"damage":0.0,"enemies":"2 Fungi Beasts","floor":7.0,"turns":4.0},{"damage":9.0,"enemies":"3 Sentries","floor":8.0,"turns":7.0},{"damage":0.0,"enemies":"Exordium Wildlife","floor":10.0,"turns":4.0},{"damage":23.0,"enemies":"Gremlin Nob","floor":12.0,"turns":4.0},{"damage":7.0,"enemies":"3 Louse","floor":13.0,"turns":2.0},{"damage":0.0,"enemies":"Looter","floor":14.0,"turns":2.0},{"damage":8.0,"enemies":"The Guardian","floor":16.0,"turns":9.0},{"damage":0.0,"enemies":"2 Thieves","floor":18.0,"turns":5.0},{"damage":11,"enemies":"3 Byrds","floor":19,"turns":5},{"damage":50,"enemies":"Slavers","floor":24,"turns":8},{"damage":2,"enemies":"Centurion and Healer","floor":25,"turns":10},{"damage":0,"enemies":"Snecko","floor":29,"turns":5},{"damage":12,"enemies":"Snake Plant","floor":30,"turns":5},{"damage":0,"enemies":"3 Cultists","floor":31,"turns":3},{"damage":41,"enemies":"Collector","floor":33,"turns":5}],"seed_played":"6397159612595571808","neow_bonus_log":{"cardsObtained":[],"cardsUpgraded":[],"cardsRemoved":["Strike_G","Defend_G"],"cardsTransformed":[],"relicsObtained":[],"maxHpGained":0,"goldGained":0,"damageTaken":0,"goldLost":99,"maxHpLost":0},"potions_obtained":[{"floor":2.0,"key":"Weak Potion"},{"floor":10.0,"key":"SpeedPotion"},{"floor":13.0,"key":"SteroidPotion"},{"floor":18.0,"key":"Fruit Juice"},{"floor":19,"key":"EssenceOfSteel"},{"floor":30,"key":"FairyPotion"}],"is_trial":false,"path_per_floor":["M","M","?","M","M","R","M","E","T","M","R","E","M","M","R","B",null,"M","M","$","?","$","R","E","M","T","?","R","M","M","M","R","B"],"character_chosen":"THE_SILENT","basemod:card_modifiers":[null,null,null,null,null,null,null,null,null,null,null,null,null,null,null,null,null,null,null,null],"items_purchased":["TheAbacus","Calculated Gamble"],"campfire_rested":2,"item_purchase_floors":[20,20],"current_hp_per_floor":[59,59,59,59,38,38,38,29,29,29,29,20,13,13,37,29,67,67,61,61,54,54,54,4,2,2,2,27,27,15,15,15,0],"gold":133,"neow_bonus":"REMOVE_TWO","is_prod":false,"is_daily":false,"rewards_skipped":[{"floor":12,"relics":[],"potions":["SpeedPotion"]}],"chose_seed":false,"campfire_upgraded":4,"win_rate":0,"floor_exit_playtime":[96,125,151,199,264,315,406,519,522,587,608,667,726,744,747,858,895,959,1066,1085,1095,1107,1124,1249,1369,1372,1383,1386,1469,1555,1645,1654],"timestamp":1682007220,"path_taken":["M","M","?","?","M","R","M","E","T","M","R","E","?","M","R","BOSS","M","M","$","?","$","R","E","?","T","?","R","M","M","M","R","BOSS"],"build_version":"2022-12-18","purchased_purges":1,"victory":false,"max_hp_per_floor":[66,66,66,66,66,66,66,66,66,66,66,80,80,80,80,80,80,80,85,85,85,85,85,85,85,85,85,85,85,85,85,85,85],"relic_stats":{"TheAbacus":[84],"Shovel":0,"counters":[19,96],"Ornamental Fan":[112],"obtain_stats":[{"TheAbacus":20,"Shovel":24,"Ornamental Fan":8,"Mango":12,"Empty Cage":17,"TungstenRod":9,"Akabeko":26,"Ring of the Snake":0},{"TheAbacus":13,"Shovel":14,"Ornamental Fan":6,"Mango":8,"Empty Cage":11,"TungstenRod":6,"Akabeko":15,"Ring of the Snake":0},{"TheAbacus":60,"Shovel":68,"Ornamental Fan":29,"Mango":37,"Empty Cage":50,"TungstenRod":29,"Akabeko":78,"Ring of the Snake":0}],"TungstenRod":33,"Ring of the Snake":[39]},"card_choices":[{"not_picked":["Cloak And Dagger","Bane"],"picked":"Blade Dance","floor":1.0},{"not_picked":["Flechettes","Reflex"],"picked":"Leg Sweep","floor":2.0},{"not_picked":["Quick Slash","Reflex"],"picked":"Bouncing Flask","floor":4.0},{"not_picked":["Choke","Quick Slash"],"picked":"Backstab","floor":5.0},{"not_picked":["Blade Dance","Acrobatics"],"picked":"All Out Attack","floor":7.0},{"not_picked":["A Thousand Cuts","Bane","Blur"],"picked":"SKIP","floor":8.0},{"not_picked":["Poisoned Stab","Prepared","Dagger Spray"],"picked":"SKIP","floor":10.0},{"not_picked":["Poisoned Stab","Prepared","Dagger Spray"],"picked":"SKIP","floor":10.0},{"not_picked":["Blur","A Thousand Cuts"],"picked":"Noxious Fumes","floor":12.0},{"not_picked":["Underhanded Strike","Distraction","PiercingWail"],"picked":"SKIP","floor":13.0},{"not_picked":["Eviscerate","Slice","Outmaneuver"],"picked":"SKIP","floor":14.0},{"not_picked":["Night Terror","Malaise"],"picked":"After Image","floor":16.0},{"not_picked":["Reflex","Sucker Punch","Blur"],"picked":"SKIP","floor":18.0},{"not_picked":["Dagger Spray","Slice"],"picked":"Backflip","floor":19},{"not_picked":["PiercingWail","Footwork"],"picked":"Acrobatics","floor":24},{"not_picked":["Backstab","All Out Attack"],"picked":"Adrenaline","floor":25},{"not_picked":["Setup","Slice","Cloak And Dagger+1"],"picked":"SKIP","floor":29},{"not_picked":["Masterful Stab","Cloak And Dagger","Eviscerate"],"picked":"SKIP","floor":30},{"not_picked":["Concentrate","Expertise","Sucker Punch"],"picked":"SKIP","floor":31}],"player_experience":1832404,"relics_obtained":[{"floor":8.0,"key":"Ornamental Fan"},{"floor":9.0,"key":"TungstenRod"},{"floor":12.0,"key":"Mango"},{"floor":24,"key":"Shovel"},{"floor":26,"key":"Akabeko"}],"event_choices":[{"damage_healed":0.0,"max_hp_gain":0.0,"max_hp_loss":0.0,"gold_gain":0.0,"event_name":"Match and Keep!","player_choice":"1 cards matched","floor":3.0,"gold_loss":0.0,"damage_taken":0.0,"cards_obtained":["Terror"]},{"damage_healed":0,"gold_gain":50,"player_choice":"Touch","damage_taken":8,"max_hp_gain":0,"max_hp_loss":0,"event_name":"FaceTrader","floor":21,"gold_loss":0},{"damage_healed":0,"gold_gain":0,"cards_transformed":["Strike_G","Defend_G"],"player_choice":"Became Test Subject","damage_taken":0,"max_hp_gain":0,"max_hp_loss":0,"event_name":"Drug Dealer","floor":27,"gold_loss":0,"cards_obtained":["Corpse Explosion","Endless Agony"]}],"is_beta":false,"boss_relics":[{"not_picked":["Tiny House","Snecko Eye"],"picked":"Empty Cage"}],"items_purged_floors":[22],"is_endless":false,"potions_floor_spawned":[2,10,12,13,18,19,30],"killed_by":"Collector","ascension_level":20,"potion_discard_per_floor":[[],[],[],[],[],[],[],[],[],[],[],[],["Weak Potion"],[],[],[],[],[],[],[],[],[],[],[],[],[],[],[],[],[],[],[],[]]}