{"neow_bonuses_skipped_log":["TRANSFORM_CARD","TWO_FIFTY_GOLD","BOSS_RELIC"],"neow_costs_skipped_log":["NONE","TEN_PERCENT_HP_LOSS","NONE"],"potions_obtained_entropic_brew":[[],[],[],[],[],[],[],[],[],[],[],[],[],[],[],[],[],[],[],[],[],[]],"gold_per_floor":[117,134,134,152,152,169,169,62,62,90,90,90,109,134,134,208,208,221,235,235,235,235],"floor_reached":22,"playtime":692,"items_purged":["Defend_G"],"score":368,"play_id":"384e5fc4-845c-4581-937f-2442d64ec000","local_time":"20230424155146","score_breakdown":["Floors Climbed (22): 110","Enemies Slain (7): 14","Exordium Elites Killed (1): 10","City Elites Killed (0): 0","Bosses Slain (1): 50","Ascension (20): 184"],"is_ascension_mode":true,"potions_obtained_alchemize":[[],[],[],[],[],[],[],[],[],[],[],[],[],[],[],[],[],[],[],[],[],[]],"campfire_choices":[{"data":"Cloak And Dagger","floor":7,"key":"SMITH"},{"data":"Noxious Fumes","floor":12,"key":"SMITH"},{"data":"Catalyst","floor":15,"key":"SMITH"}],"lesson_learned_per_floor":[[],[],[],[],[],[],[],[],[],[],[],[],[],[],[],[],[],[],[],[],[],[]],"neow_cost":"NONE","improvable_cards":{},"seed_source_timestamp":1080452034123200,"shop_contents":[{"floor":8,"relics":["Lantern","TungstenRod","Cauldron"],"cards":["Quick Slash","All Out Attack","Leg Sweep","Concentrate","Footwork","Purity","Magnetism"],"potions":["Weak Potion","LiquidBronze"]}],"circlet_count":0,"master_deck":["AscendersBane","Strike_G","Strike_G+1","Defend_G","Defend_G","Defend_G+1","Defend_G","Survivor","Neutralize","Noxious Fumes+1","Accuracy","Predator","Cloak And Dagger+1","Bouncing Flask","Backstab","Catalyst+1","Cloak And Dagger","A Thousand Cuts","Deflect","Noxious Fumes"],"potion_use_per_floor":[[],[],[],[],[],[],[],[],[],["Strength Potion"],[],[],[],[],[],["Swift Potion"],[],["SkillPotion","Swift Potion"],[],[],[],[]],"relics":["Ring of the Snake","Smiling Mask","Eternal Feather","Gremlin Horn","Odd Mushroom","Fusion Hammer","Enchiridion"],"potions_floor_usage":[10,16,18,18],"damage_taken":[{"damage":0,"enemies":"Cultist","floor":1,"turns":4},{"damage":1,"enemies":"Small Slimes","floor":2,"turns":4},{"damage":7,"enemies":"Jaw Worm","floor":4,"turns":5},{"damage":7,"enemies":"Large Slime","floor":6,"turns":7},{"damage":14,"enemies":"Lagavulin","floor":10,"turns":7},{"damage":3,"enemies":"3 Louse","floor":13,"turns":3},{"damage":6,"enemies":"The Mushroom Lair","floor":14,"turns":4},{"damage":10,"enemies":"The Guardian","floor":16,"turns":9},{"damage":13,"enemies":"3 Byrds","floor":18,"turns":4},{"damage":13,"enemies":"Shell Parasite","floor":19,"turns":4},{"damage":14,"enemies":"Chosen and Byrds","floor":22,"turns":3}],"seed_played":"1727226036720322124","neow_bonus_log":{"cardsObtained":[],"cardsUpgraded":[],"cardsRemoved":[],"cardsTransformed":[],"relicsObtained":["Smiling Mask"],"maxHpGained":0,"goldGained":0,"damageTaken":0,"goldLost":0,"maxHpLost":0},"potions_obtained":[{"floor":1,"key":"Strength Potion"},{"floor":13,"key":"Swift Potion"},{"floor":16,"key":"SkillPotion"}],"is_trial":false,"path_per_floor":["M","M","?","M","?","M","R","$","T","E","?","R","M","?","R","B",null,"M","M","?","?","M"],"character_chosen":"THE_SILENT","basemod:card_modifiers":[null,null,null,null,null,null,null,null,null,null,null,null,null,null,null,null,null,null,null,null],"items_purchased":["Swift Potion"],"campfire_rested":0,"item_purchase_floors":[8],"current_hp_per_floor":[59,58,38,31,53,46,46,46,46,32,32,41,38,32,41,31,57,44,31,10,10,0],"gold":235,"neow_bonus":"RANDOM_COMMON_RELIC","is_prod":false,"is_daily":false,"rewards_skipped":[],"chose_seed":false,"campfire_upgraded":3,"win_rate":0,"floor_exit_playtime":[43,74,76,119,123,184,189,213,215,275,281,287,352,404,411,495,513,585,631,645,653],"timestamp":1682365906,"path_taken":["M","M","?","M","?","M","R","$","T","E","?","R","?","?","R","BOSS","M","M","?","?","M"],"build_version":"2022-12-18","purchased_purges":1,"victory":false,"max_hp_per_floor":[66,66,66,66,66,66,66,66,66,66,66,66,66,66,66,66,66,66,66,66,66,66],"relic_stats":{"Gremlin Horn":[5,5],"counters":[11,54],"Eternal Feather":18,"Smiling Mask":25,"obtain_stats":[{"Gremlin Horn":10,"Enchiridion":20,"Eternal Feather":9,"Fusion Hammer":17,"Odd Mushroom":14,"Smiling Mask":0,"Ring of the Snake":0},{"Gremlin Horn":5,"Enchiridion":10,"Eternal Feather":4,"Fusion Hammer":8,"Odd Mushroom":7,"Smiling Mask":0,"Ring of the Snake":0},{"Gremlin Horn":27,"Enchiridion":51,"Eternal Feather":20,"Fusion Hammer":43,"Odd Mushroom":34,"Smiling Mask":0,"Ring of the Snake":0}],"Ring of the Snake":[22]},"card_choices":[{"not_picked":["Blur","Cloak And Dagger"],"picked":"Noxious Fumes","floor":1},{"not_picked":["Slice","Outmaneuver"],"picked":"Accuracy","floor":2},{"not_picked":["Blur","Deadly Poison"],"picked":"Predator","floor":4},{"not_picked":["Flying Knee","Crippling Poison"],"picked":"Cloak And Dagger","floor":6},{"not_picked":["Heel Hook","Eviscerate"],"picked":"Bouncing Flask","floor":10},{"not_picked":["Concentrate","Backstab"],"picked":"Catalyst","floor":13},{"not_picked":["PiercingWail","Slice"],"picked":"Cloak And Dagger","floor":14},{"not_picked":["Bullet Time","Envenom"],"picked":"A Thousand Cuts","floor":16},{"not_picked":["Sucker Punch","Concentrate","Deadly Poison"],"picked":"SKIP","floor":18},{"not_picked":["Dodge and Roll","Quick Slash","Deadly Poison"],"picked":"SKIP","floor":19}],"player_experience":1885825,"relics_obtained":[{"floor":9,"key":"Eternal Feather"},{"floor":10,"key":"Gremlin Horn"},{"floor":14,"key":"Odd Mushroom"},{"floor":20,"key":"Enchiridion"}],"event_choices":[{"damage_healed":0,"gold_gain":0,"player_choice":"Entered Light","damage_taken":20,"max_hp_gain":0,"max_hp_loss":0,"event_name":"Shining Light","floor":3,"gold_loss":0,"cards_upgraded":["Defend_G","Strike_G"]},{"damage_healed":22,"gold_gain":0,"player_choice":"Banana","damage_taken":0,"max_hp_gain":0,"max_hp_loss":0,"event_name":"Big Fish","floor":5,"gold_loss":0},{"damage_healed":0,"gold_gain":0,"cards_transformed":["Strike_G"],"player_choice":"Transformed","damage_taken":0,"max_hp_gain":0,"max_hp_loss":0,"event_name":"Transmorgrifier","floor":11,"gold_loss":0,"cards_obtained":["Backstab"]},{"damage_healed":0,"gold_gain":0,"player_choice":"Fought Mushrooms","damage_taken":0,"max_hp_gain":0,"max_hp_loss":0,"event_name":"Mushrooms","floor":14,"gold_loss":0},{"damage_healed":0,"gold_gain":0,"player_choice":"Obtained Book","damage_taken":21,"max_hp_gain":0,"max_hp_loss":0,"event_name":"Cursed Tome","floor":20,"gold_loss":0},{"damage_healed":0,"gold_gain":0,"cards_transformed":["Strike_G","Strike_G"],"player_choice":"Became Test Subject","damage_taken":0,"max_hp_gain":0,"max_hp_loss":0,"event_name":"Drug Dealer","floor":21,"gold_loss":0,"cards_obtained":["Deflect","Noxious Fumes"]}],"is_beta":false,"boss_relics":[{"not_picked":["Calling Bell","Ectoplasm"],"picked":"Fusion Hammer"}],"items_purged_floors":[8],"is_endless":false,"potions_floor_spawned":[1,13,16],"killed_by":"Chosen and Byrds","ascension_level":20,"potion_discard_per_floor":[[],[],[],[],[],[],[],[],[],[],[],[],[],[],[],[],[],[],[],[],[],[]]}