{"neow_bonuses_skipped_log":["UPGRADE_CARD","TEN_PERCENT_HP_BONUS","BOSS_RELIC"],"neow_costs_skipped_log":["NONE","NONE","NONE"],"potions_obtained_entropic_brew":[[],[],[],[],[],[],[],[],[],[],[],[],[],[],[],[],[],[],[],[],[],[],[],[],[],[],[],[],[],[],[],[],[],[],[],[],[],[],[],[],[]],"gold_per_floor":[112,128,148,148,166,166,196,215,215,215,11,23,23,73,73,149,149,167,180,198,36,46,79,79,89,89,89,107,118,134,162,162,233,233,252,266,266,285,300,300,300],"floor_reached":41,"playtime":2039,"items_purged":["Strike_G"],"score":882,"play_id":"533df10f-44a2-4b70-bf82-5cff3db4cee8","local_time":"20230420124833","score_breakdown":["Floors Climbed (41): 205","Enemies Slain (18): 36","Exordium Elites Killed (1): 10","City Elites Killed (2): 40","Beyond Elites Killed (0): 0","Bosses Slain (2): 150","Ascension (20): 441"],"is_ascension_mode":true,"potions_obtained_alchemize":[[],[],[],[],[],[],[],[],[],[],[],[],[],[],[],[],[],[],[],[],[],[],[],[],[],[],[],[],[],[],[],[],[],[],[],[],[],[],[],[],[]],"campfire_choices":[{"data":"Die Die Die","floor":6.0,"key":"SMITH"},{"data":"Phantasmal Killer","floor":10.0,"key":"SMITH"},{"data":"Apotheosis","floor":13.0,"key":"SMITH"},{"floor":15.0,"key":"REST"},{"floor":24.0,"key":"REST"},{"data":"Calculated Gamble","floor":27,"key":"SMITH"},{"floor":32,"key":"REST"},{"data":"Tools of the Trade","floor":40,"key":"SMITH"}],"lesson_learned_per_floor":[[],[],[],[],[],[],[],[],[],[],[],[],[],[],[],[],[],[],[],[],[],[],[],[],[],[],[],[],[],[],[],[],[],[],[],[],[],[],[],[],[]],"neow_cost":"TEN_PERCENT_HP_LOSS","improvable_cards":{},"seed_source_timestamp":722466817580700,"shop_contents":[{"floor":11,"relics":["Toxic Egg 2","Mummified Hand","Cauldron"],"cards":["Slice","Grand Finale","Terror","Catalyst","Noxious Fumes","PanicButton"],"potions":["SpeedPotion","Dexterity Potion","Regen Potion"]},{"floor":21,"relics":["WingedGreaves","Paper Crane","Medical Kit"],"cards":["Flying Knee","Dagger Throw","Backflip","Infinite Blades","Enlightenment","Master of Strategy"],"potions":["Ancient Potion","Energy Potion","Energy Potion"]}],"circlet_count":0,"master_deck":["AscendersBane","Strike_G","Defend_G","Defend_G","Defend_G","Defend_G","Survivor","Neutralize","Die Die Die+1","All Out Attack","Blade Dance","Corpse Explosion","Calculated Gamble+1","Phantasmal Killer+1","Dagger Throw","Apotheosis+1","Tools of the Trade+1","Prepared","Tactician","Prepared","PiercingWail","Expertise","Footwork+1","Acrobatics+1","After Image","Storm of Steel+1","Bouncing Flask+1","Expertise+1","Prepared+1","Backflip"],"special_seed":0,"potion_use_per_floor":[[],[],[],[],[],[],["PowerPotion"],[],[],[],[],[],[],[],[],[],[],[],["FearPotion"],[],[],[],["Block Potion"],[],[],[],[],["AttackPotion"],[],[],["SteroidPotion"],[],["Dexterity Potion"],[],[],[],[],[],[],[],["FearPotion","Strength Potion"]],"relics":["Ring of the Snake","Lantern","StrikeDummy","Cursed Key","Meat on the Bone","Question Card","Astrolabe"],"potions_floor_usage":[28,31,33,41,41],"damage_taken":[{"damage":9.0,"enemies":"Jaw Worm","floor":1.0,"turns":7.0},{"damage":0.0,"enemies":"Small Slimes","floor":2.0,"turns":3.0},{"damage":0.0,"enemies":"Cultist","floor":3.0,"turns":3.0},{"damage":8.0,"enemies":"Exordium Wildlife","floor":5.0,"turns":4.0},{"damage":5.0,"enemies":"3 Sentries","floor":7.0,"turns":3.0},{"damage":8.0,"enemies":"Blue Slaver","floor":8.0,"turns":2.0},{"damage":0.0,"enemies":"3 Louse","floor":12.0,"turns":1.0},{"damage":25.0,"enemies":"Slime Boss","floor":16.0,"turns":6.0},{"damage":6.0,"enemies":"Spheric Guardian","floor":18.0,"turns":3.0},{"damage":1.0,"enemies":"Chosen","floor":19.0,"turns":3.0},{"damage":14.0,"enemies":"Snecko","floor":20.0,"turns":5.0},{"damage":13.0,"enemies":"Shelled Parasite and Fungi","floor":22.0,"turns":2.0},{"damage":5.0,"enemies":"Gremlin Leader","floor":23.0,"turns":4.0},{"damage":0.0,"enemies":"Centurion and Healer","floor":25.0,"turns":4.0},{"damage":26,"enemies":"Snake Plant","floor":28,"turns":4},{"damage":6,"enemies":"Chosen and Byrds","floor":29,"turns":4},{"damage":14,"enemies":"Snecko","floor":30,"turns":5},{"damage":7,"enemies":"Book of Stabbing","floor":31,"turns":4},{"damage":46,"enemies":"Automaton","floor":33,"turns":7},{"damage":0,"enemies":"3 Darklings","floor":35,"turns":3},{"damage":0,"enemies":"Orb Walker","floor":36,"turns":3},{"damage":0,"enemies":"3 Darklings","floor":38,"turns":2},{"damage":4,"enemies":"Writhing Mass","floor":39,"turns":7},{"damage":51,"enemies":"2 Orb Walkers","floor":41,"turns":4}],"seed_played":"8466948791014102041","neow_bonus_log":{"cardsObtained":[],"cardsUpgraded":[],"cardsRemoved":[],"cardsTransformed":[],"relicsObtained":[],"maxHpGained":0,"goldGained":0,"damageTaken":0,"goldLost":0,"maxHpLost":6},"potions_obtained":[{"floor":1.0,"key":"PowerPotion"},{"floor":3.0,"key":"FearPotion"},{"floor":12.0,"key":"BlessingOfTheForge"},{"floor":16.0,"key":"Block Potion"},{"floor":23.0,"key":"AttackPotion"},{"floor":25.0,"key":"Dexterity Potion"},{"floor":28,"key":"SteroidPotion"},{"floor":35,"key":"Strength Potion"},{"floor":36,"key":"FearPotion"}],"is_trial":false,"path_per_floor":["M","M","M","?","M","R","E","M","T","R","$","M","R","?","R","B",null,"M","M","M","$","M","E","R","M","T","R","M","M","M","E","R","B",null,"M","M","?","M","M","R","?"],"character_chosen":"THE_SILENT","basemod:card_modifiers":[null,null,null,null,null,null,null,null,null,null,null,null,null,null,null,null,null,null,null,null,null,null,null,null,null,null,null,null,null,null],"items_purchased":["Apotheosis","Tactician"],"campfire_rested":3,"item_purchase_floors":[11,21],"current_hp_per_floor":[50,50,50,50,42,42,37,29,29,29,29,29,29,23,41,16,49,43,42,28,28,15,10,28,40,40,40,26,32,30,35,53,19,50,50,50,50,50,46,46,0],"gold":300,"neow_bonus":"THREE_RARE_CARDS","is_prod":false,"is_daily":false,"rewards_skipped":[{"floor":30,"relics":[],"potions":["EssenceOfSteel"]}],"chose_seed":false,"campfire_upgraded":5,"win_rate":0,"floor_exit_playtime":[80,105,138,144,185,198,268,300,302,315,335,360,365,370,372,515,532,592,641,714,729,758,840,843,908,915,928,990,1054,1125,1209,1214,1425,1452,1520,1590,1592,1707,1923,1941],"timestamp":1682009313,"path_taken":["M","M","M","?","M","R","E","M","T","R","$","M","R","?","R","BOSS","M","?","M","$","M","E","R","M","T","R","M","M","M","E","R","BOSS","M","M","?","M","M","R","?"],"build_version":"2022-12-18","purchased_purges":1,"victory":false,"max_hp_per_floor":[60,60,60,60,60,60,60,60,60,60,60,60,60,60,60,60,60,60,60,60,60,60,60,60,60,60,60,60,60,60,60,60,60,60,60,60,60,60,60,60,60],"relic_stats":{"counters":[24,93],"Astrolabe":["Storm of Steel","Bouncing Flask","Expertise"],"Cursed Key":0,"Question Card":5,"obtain_stats":[{"Lantern":7,"Astrolabe":34,"StrikeDummy":9,"Cursed Key":17,"Question Card":31,"Ring of the Snake":0,"Meat on the Bone":23},{"Lantern":5,"Astrolabe":19,"StrikeDummy":6,"Cursed Key":8,"Question Card":18,"Ring of the Snake":0,"Meat on the Bone":13},{"Lantern":20,"Astrolabe":74,"StrikeDummy":22,"Cursed Key":29,"Question Card":67,"Ring of the Snake":0,"Meat on the Bone":46}],"Ring of the Snake":[48],"Meat on the Bone":72},"card_choices":[{"not_picked":["Phantasmal Killer","Wraith Form v2"],"picked":"Die Die Die","floor":0.0},{"not_picked":["Heel Hook","Backflip"],"picked":"All Out Attack","floor":1.0},{"not_picked":["PiercingWail","Bane","Skewer"],"picked":"SKIP","floor":2.0},{"not_picked":["All Out Attack","Flying Knee"],"picked":"Blade Dance","floor":3.0},{"not_picked":["Deflect","Outmaneuver"],"picked":"Calculated Gamble","floor":5.0},{"not_picked":["Predator","Outmaneuver"],"picked":"Phantasmal Killer","floor":7.0},{"not_picked":["Outmaneuver","Catalyst"],"picked":"Dagger Throw","floor":8.0},{"not_picked":["Endless Agony","Blur","Cloak And Dagger"],"picked":"SKIP","floor":12.0},{"not_picked":["Burst","After Image"],"picked":"Tools of the Trade","floor":16.0},{"not_picked":["Cloak And Dagger+1","Accuracy"],"picked":"Prepared","floor":18.0},{"not_picked":["Dagger Spray","Flechettes","Blade Dance"],"picked":"SKIP","floor":19.0},{"not_picked":["Dagger Spray","Flechettes","Blade Dance"],"picked":"SKIP","floor":19.0},{"not_picked":["Riddle With Holes+1","Heel Hook","Choke"],"picked":"SKIP","floor":20.0},{"not_picked":["Distraction","PiercingWail"],"picked":"Prepared","floor":22.0},{"not_picked":["Accuracy","Bouncing Flask","Poisoned Stab+1"],"picked":"SKIP","floor":23.0},{"not_picked":["Deflect","Cloak And Dagger","Deadly Poison"],"picked":"SKIP","floor":25.0},{"not_picked":["Cloak And Dagger","Noxious Fumes"],"picked":"PiercingWail","floor":28},{"not_picked":["Grand Finale","Cloak And Dagger"],"picked":"Expertise","floor":29},{"not_picked":["Leg Sweep","Backstab"],"picked":"Footwork+1","floor":30},{"not_picked":["Deadly Poison+1","Grand Finale"],"picked":"Acrobatics+1","floor":31},{"not_picked":["Unload","Venomology","Corpse Explosion"],"picked":"After Image","floor":33},{"not_picked":["Caltrops","Sucker Punch","Expertise","Dodge and Roll+1"],"picked":"SKIP","floor":35},{"not_picked":["Dagger Spray","Backflip+1","Flying Knee+1"],"picked":"Prepared+1","floor":36},{"not_picked":["Finisher","Endless Agony","Dash","Poisoned Stab"],"picked":"SKIP","floor":38},{"not_picked":["Dodge and Roll","Blade Dance+1","Flying Knee+1"],"picked":"Backflip","floor":39}],"player_experience":1834136,"relics_obtained":[{"floor":7.0,"key":"Lantern"},{"floor":9.0,"key":"StrikeDummy"},{"floor":23.0,"key":"Meat on the Bone"},{"floor":31,"key":"Question Card"}],"event_choices":[{"damage_healed":0.0,"max_hp_gain":0.0,"max_hp_loss":0.0,"gold_gain":0.0,"cards_transformed":["Defend_G"],"event_name":"Living Wall","player_choice":"Change","floor":4.0,"gold_loss":0.0,"damage_taken":0.0,"cards_obtained":["Corpse Explosion"]},{"damage_healed":0.0,"max_hp_gain":0.0,"max_hp_loss":0.0,"gold_gain":50.0,"event_name":"FaceTrader","player_choice":"Touch","floor":14.0,"gold_loss":0.0,"damage_taken":6.0},{"damage_healed":0,"gold_gain":0,"player_choice":"Ignored","damage_taken":0,"max_hp_gain":0,"max_hp_loss":0,"event_name":"Tomb of Lord Red Mask","floor":37,"gold_loss":0},{"damage_healed":0,"gold_gain":0,"player_choice":"Fight","damage_taken":0,"max_hp_gain":0,"max_hp_loss":0,"event_name":"Mysterious Sphere","floor":41,"gold_loss":0}],"is_beta":false,"boss_relics":[{"not_picked":["Tiny House","Calling Bell"],"picked":"Cursed Key"},{"not_picked":["SacredBark","Pandora\u0027s Box"],"picked":"Astrolabe"}],"items_purged_floors":[21],"is_endless":false,"potions_floor_spawned":[1,3,12,16,23,25,28,30,35,36],"killed_by":"2 Orb Walkers","ascension_level":20,"potion_discard_per_floor":[[],[],[],[],[],[],[],[],[],[],[],[],[],[],[],["BlessingOfTheForge"],[],[],[],[],[],[],[],[],[],[],[],[],[],[],[],[],[],[],[],[],[],[],[],[],[]]}