{"neow_bonuses_skipped_log":["THREE_ENEMY_KILL","ONE_RARE_RELIC","BOSS_RELIC"],"neow_costs_skipped_log":["NONE","PERCENT_DAMAGE","NONE"],"potions_obtained_entropic_brew":[[],[],[],[],[],[],[],[],[],[],[],[],[],[],[],[],[],[],[],[],[],[],[],[],[]],"gold_per_floor":[118,118,133,148,160,160,160,189,189,189,224,224,238,69,69,140,140,151,162,162,174,174,174,193,193],"floor_reached":25,"playtime":1067,"items_purged":[],"score":451,"play_id":"79190be6-b533-4aee-9c30-2272b6529174","local_time":"20230424165603","score_breakdown":["Floors Climbed (25): 125","Enemies Slain (9): 18","Exordium Elites Killed (2): 20","City Elites Killed (0): 0","Bosses Slain (1): 50","Well Fed: 25","Ascension (20): 213"],"is_ascension_mode":true,"potions_obtained_alchemize":[[],[],[],[],[],[],[],[],[],[],[],[],[],[],[],[],[],[],[],[],[],[],[],[],[]],"campfire_choices":[{"data":"Slice","floor":6,"key":"SMITH"},{"data":"Flying Knee","floor":10,"key":"SMITH"},{"data":"Well Laid Plans","floor":12,"key":"SMITH"},{"data":"Malaise","floor":15,"key":"SMITH"},{"floor":23,"key":"REST"}],"lesson_learned_per_floor":[[],[],[],[],[],[],[],[],[],[],[],[],[],[],[],[],[],[],[],[],[],[],[],[],[]],"neow_cost":"NONE","improvable_cards":{},"seed_source_timestamp":1083935843179100,"shop_contents":[{"floor":14,"relics":["Lantern","Frozen Egg 2","DollysMirror"],"cards":["Eviscerate","Expertise","PiercingWail","Well Laid Plans","Trip","Master of Strategy"],"potions":["DuplicationPotion","Energy Potion","EntropicBrew"]}],"circlet_count":0,"master_deck":["AscendersBane","Survivor","Neutralize","Slice+1","Malaise+1","Footwork","Flying Knee+1","Backflip+1","Well Laid Plans+1","Blade Dance","Acrobatics","Grand Finale","Tools of the Trade","After Image","Crippling Poison","Tools of the Trade","Expertise","Poisoned Stab","Tactician","Blade Dance","Finisher","Prepared","Blur"],"potion_use_per_floor":[[],[],[],[],[],[],[],["ColorlessPotion"],[],[],["AttackPotion"],[],[],[],[],[],[],["Block Potion"],[],[],["ColorlessPotion"],[],[],[],["ColorlessPotion"]],"relics":["Ring of the Snake","Matryoshka","War Paint","Pear","Turnip","Pandora\u0027s Box"],"potions_floor_usage":[8,11,18,21,25],"damage_taken":[{"damage":0,"enemies":"2 Louse","floor":1,"turns":4},{"damage":0,"enemies":"Small Slimes","floor":3,"turns":3},{"damage":13,"enemies":"Jaw Worm","floor":4,"turns":7},{"damage":0,"enemies":"2 Fungi Beasts","floor":5,"turns":4},{"damage":23,"enemies":"Gremlin Nob","floor":8,"turns":4},{"damage":6,"enemies":"Lagavulin","floor":11,"turns":7},{"damage":3,"enemies":"Looter","floor":13,"turns":3},{"damage":6,"enemies":"Hexaghost","floor":16,"turns":11},{"damage":2,"enemies":"3 Byrds","floor":18,"turns":5},{"damage":2,"enemies":"Chosen","floor":19,"turns":6},{"damage":30,"enemies":"Shelled Parasite and Fungi","floor":21,"turns":4},{"damage":2,"enemies":"Snake Plant","floor":24,"turns":5},{"damage":39,"enemies":"Cultist and Chosen","floor":25,"turns":4}],"seed_played":"4891478715065564282","neow_bonus_log":{"cardsObtained":[],"cardsUpgraded":[],"cardsRemoved":["Defend_G"],"cardsTransformed":[],"relicsObtained":[],"maxHpGained":0,"goldGained":0,"damageTaken":0,"goldLost":0,"maxHpLost":0},"potions_obtained":[{"floor":1,"key":"ColorlessPotion"},{"floor":8,"key":"AttackPotion"},{"floor":13,"key":"Explosive Potion"},{"floor":16,"key":"Block Potion"},{"floor":19,"key":"ColorlessPotion"},{"floor":21,"key":"ColorlessPotion"}],"is_trial":false,"path_per_floor":["M","?","M","M","M","R","?","E","T","R","E","R","M","$","R","B",null,"M","M","?","M","?","R","M","M"],"character_chosen":"THE_SILENT","basemod:card_modifiers":[null,null,null,null,null,null,null,null,null,null,null,null,null,null,null,null,null,null,null,null,null,null,null],"items_purchased":["Grand Finale"],"campfire_rested":1,"item_purchase_floors":[14],"current_hp_per_floor":[59,59,59,46,46,46,51,28,38,38,32,32,29,29,29,23,67,65,63,63,33,10,35,33,0],"gold":193,"neow_bonus":"REMOVE_CARD","is_prod":false,"is_daily":false,"rewards_skipped":[],"chose_seed":false,"campfire_upgraded":4,"win_rate":0,"floor_exit_playtime":[47,63,98,161,200,208,214,263,267,280,359,366,398,412,437,558,581,697,810,815,902,906,909,995],"timestamp":1682369763,"path_taken":["M","?","M","M","M","R","?","E","T","R","E","R","M","$","R","BOSS","M","M","?","M","?","R","M","M"],"build_version":"2022-12-18","purchased_purges":0,"victory":false,"max_hp_per_floor":[66,66,66,66,66,66,71,71,81,81,81,81,81,81,81,81,81,81,81,81,81,86,86,86,86],"relic_stats":{"Matryoshka":1,"counters":[13,67],"Pandora\u0027s Box":["After Image","Crippling Poison","Tools of the Trade","Expertise","Poisoned Stab","Tactician","Blade Dance","Finisher"],"Turnip":[6],"War Paint":["Backflip","Defend_G"],"obtain_stats":[{"Matryoshka":8,"Pear":9,"Pandora\u0027s Box":17,"Turnip":11,"War Paint":9,"Ring of the Snake":0},{"Matryoshka":5,"Pear":5,"Pandora\u0027s Box":8,"Turnip":6,"War Paint":5,"Ring of the Snake":0},{"Matryoshka":22,"Pear":22,"Pandora\u0027s Box":43,"Turnip":29,"War Paint":22,"Ring of the Snake":0}],"Ring of the Snake":[26]},"card_choices":[{"not_picked":["Masterful Stab","Acrobatics"],"picked":"Slice","floor":1},{"not_picked":["Calculated Gamble","Backflip"],"picked":"Footwork","floor":3},{"not_picked":["Poisoned Stab","Slice"],"picked":"Flying Knee","floor":4},{"not_picked":["Escape Plan","Grand Finale"],"picked":"Backflip","floor":5},{"not_picked":["Dodge and Roll","Poisoned Stab"],"picked":"Well Laid Plans","floor":8},{"not_picked":["Prepared","Slice"],"picked":"Blade Dance","floor":11},{"not_picked":["Slice","Prepared"],"picked":"Acrobatics","floor":13},{"not_picked":["Bullet Time","A Thousand Cuts"],"picked":"Tools of the Trade","floor":16},{"not_picked":["Dagger Throw","Footwork+1","Distraction"],"picked":"SKIP","floor":18},{"not_picked":["Dagger Throw+1","PiercingWail"],"picked":"Prepared","floor":19},{"not_picked":["Prepared","Poisoned Stab"],"picked":"Blur","floor":21},{"not_picked":["Poisoned Stab","Prepared","Slice"],"picked":"SKIP","floor":24}],"player_experience":1889212,"relics_obtained":[{"floor":8,"key":"Matryoshka"},{"floor":9,"key":"War Paint"},{"floor":9,"key":"Pear"},{"floor":11,"key":"Turnip"}],"event_choices":[{"damage_healed":0,"gold_gain":0,"cards_transformed":["Strike_G"],"player_choice":"Change","damage_taken":0,"max_hp_gain":0,"max_hp_loss":0,"event_name":"Living Wall","floor":2,"gold_loss":0,"cards_obtained":["Malaise"]},{"damage_healed":0,"gold_gain":0,"player_choice":"Donut","damage_taken":0,"max_hp_gain":5,"max_hp_loss":0,"event_name":"Big Fish","floor":7,"gold_loss":0},{"damage_healed":0,"gold_gain":0,"player_choice":"Ignored","damage_taken":0,"max_hp_gain":0,"max_hp_loss":0,"event_name":"Ghosts","floor":20,"gold_loss":0},{"damage_healed":0,"gold_gain":0,"player_choice":"Shed Blood","damage_taken":28,"max_hp_gain":5,"max_hp_loss":0,"event_name":"Forgotten Altar","floor":22,"gold_loss":0}],"is_beta":false,"boss_relics":[{"not_picked":["SacredBark","Calling Bell"],"picked":"Pandora\u0027s Box"}],"items_purged_floors":[],"is_endless":false,"potions_floor_spawned":[1,8,13,16,19,21],"killed_by":"Cultist and Chosen","ascension_level":20,"potion_discard_per_floor":[[],[],[],[],[],[],[],[],[],[],[],[],[],[],[],[],[],[],[],[],[],[],[],[],[]]}