{"neow_bonuses_skipped_log":["ONE_RANDOM_RARE_CARD","THREE_ENEMY_KILL","BOSS_RELIC"],"neow_costs_skipped_log":["NONE","NONE","NONE"],"potions_obtained_entropic_brew":[[],[],[],[],[],[],[],[],[],[],[],[],[],[],[],[],[],[],[],[],[],[],[],[],[],[],[],[],[],["Explosive Potion","ColorlessPotion"],[]],"gold_per_floor":[111,125,125,70,95,95,128,201,253,266,266,301,32,85,85,190,190,219,219,244,264,134,158,158,83,83,83,131,156,184,184],"floor_reached":31,"playtime":1700,"items_purged":["Strike_G","Strike_G"],"score":550,"play_id":"6b8e68d5-ce80-458a-a4db-e23149dfb5fe","local_time":"20230518043138","score_breakdown":["Floors Climbed (31): 155","Enemies Slain (10): 20","Exordium Elites Killed (3): 30","City Elites Killed (1): 20","Bosses Slain (1): 50","Ascension (20): 275"],"is_ascension_mode":true,"potions_obtained_alchemize":[[],[],[],[],[],[],[],[],[],[],[],[],[],[],[],[],[],[],[],[],[],[],[],[],[],[],[],[],[],[],[]],"campfire_choices":[{"data":"The Bomb","floor":6,"key":"SMITH"},{"data":"Dagger Spray","floor":11,"key":"SMITH"},{"data":"Prepared","floor":15,"key":"SMITH"},{"data":"Doppelganger","floor":24,"key":"SMITH"},{"data":"Well Laid Plans","floor":27,"key":"SMITH"}],"lesson_learned_per_floor":[[],[],[],[],[],[],[],[],[],[],[],[],[],[],[],[],[],[],[],[],[],[],[],[],[],[],[],[],[],[],[]],"neow_cost":"PERCENT_DAMAGE","improvable_cards":{},"seed_source_timestamp":515190847015900,"shop_contents":[{"floor":4,"relics":["Boot","Regal Pillow","DollysMirror"],"cards":["Sucker Punch","Heel Hook","Crippling Poison","Deadly Poison","Well Laid Plans","Discovery","Thinking Ahead"],"potions":["LiquidBronze","Weak Potion"]},{"floor":13,"relics":["Mummified Hand","Bag of Marbles"],"cards":["Bane","Underhanded Strike","Dodge and Roll","Crippling Poison","Infinite Blades","Discovery","HandOfGreed"],"potions":["ColorlessPotion","BlessingOfTheForge"]},{"floor":22,"relics":["Potion Belt","Unceasing Top","TwistedFunnel"],"cards":["Poisoned Stab","Die Die Die","Catalyst","Outmaneuver","Trip","Transmutation"],"potions":["Swift Potion","SpeedPotion","DistilledChaos"]}],"circlet_count":0,"master_deck":["AscendersBane","Strike_G","Strike_G","Defend_G","Defend_G","Defend_G","Defend_G","Defend_G","Survivor","Neutralize","The Bomb+1","Acrobatics","Endless Agony","Blade Dance","Prepared+1","Dagger Spray+1","Well Laid Plans+1","Burst","Doppelganger+1","Acrobatics","Footwork","Crippling Poison+1","PiercingWail+1","Blur+1"],"potion_use_per_floor":[[],[],[],[],[],[],[],[],[],[],[],["Strength Potion","FairyPotion"],[],[],[],[],[],[],[],[],["SteroidPotion"],[],[],[],[],[],[],["LiquidBronze"],[],["Dexterity Potion","EntropicBrew","ColorlessPotion"],[]],"relics":["Ring of the Snake","Golden Idol","Orichalcum","Smiling Mask","Art of War","Kunai","Lee\u0027s Waffle","CeramicFish","Cursed Key","Toxic Egg 2"],"potions_floor_usage":[12,21,28,30,30,30],"damage_taken":[{"damage":2,"enemies":"Jaw Worm","floor":1,"turns":4},{"damage":7,"enemies":"Small Slimes","floor":2,"turns":3},{"damage":1,"enemies":"Cultist","floor":5,"turns":4},{"damage":6,"enemies":"Gremlin Nob","floor":7,"turns":3},{"damage":4,"enemies":"Gremlin Nob","floor":8,"turns":3},{"damage":8,"enemies":"Exordium Wildlife","floor":10,"turns":3},{"damage":28,"enemies":"Lagavulin","floor":12,"turns":6},{"damage":9,"enemies":"3 Sentries","floor":14,"turns":5},{"damage":32,"enemies":"Slime Boss","floor":16,"turns":5},{"damage":0,"enemies":"3 Byrds","floor":18,"turns":4},{"damage":8,"enemies":"Spheric Guardian","floor":20,"turns":4},{"damage":11,"enemies":"Centurion and Healer","floor":21,"turns":6},{"damage":3,"enemies":"Chosen and Byrds","floor":23,"turns":3},{"damage":27,"enemies":"Gremlin Leader","floor":28,"turns":6},{"damage":0,"enemies":"Cultist and Chosen","floor":29,"turns":4},{"damage":6,"enemies":"Shelled Parasite and Fungi","floor":30,"turns":6},{"damage":14,"enemies":"Snake Plant","floor":31,"turns":3}],"green_key_taken_log":28,"seed_played":"-5860106706920701068","neow_bonus_log":{"cardsObtained":[],"cardsUpgraded":[],"cardsRemoved":[],"cardsTransformed":[],"relicsObtained":[],"maxHpGained":0,"goldGained":0,"damageTaken":15,"goldLost":0,"maxHpLost":0},"potions_obtained":[{"floor":1,"key":"EssenceOfSteel"},{"floor":5,"key":"FairyPotion"},{"floor":16,"key":"LiquidBronze"},{"floor":21,"key":"Dexterity Potion"},{"floor":29,"key":"EntropicBrew"},{"floor":30,"key":"Ancient Potion"}],"is_trial":false,"path_per_floor":["M","M","?","$","M","R","E","?","T","M","R","E","$","E","R","B",null,"M","?","M","M","$","M","R","?","T","R","E","M","M","M"],"character_chosen":"THE_SILENT","basemod:card_modifiers":[null,null,null,null,null,null,null,null,null,null,null,null,null,null,null,null,null,null,null,null,null,null,null,null],"items_purchased":["Strength Potion","Lee\u0027s Waffle","SteroidPotion","Footwork"],"campfire_rested":0,"item_purchase_floors":[4,13,13,22],"current_hp_per_floor":[42,35,35,35,34,34,28,24,24,16,16,18,67,58,58,26,57,57,67,59,48,48,45,45,45,45,45,18,18,12,0],"gold":184,"neow_bonus":"RANDOM_COLORLESS_2","is_prod":false,"is_daily":false,"rewards_skipped":[{"floor":8,"relics":[],"potions":["PowerPotion"]}],"chose_seed":false,"campfire_upgraded":5,"win_rate":0,"floor_exit_playtime":[58,85,89,113,153,160,230,277,281,339,344,429,449,538,558,651,727,818,849,941,1113,1131,1190,1201,1216,1219,1230,1413,1498,1657],"timestamp":1684398698,"path_taken":["M","M","?","?","M","R","E","?","T","M","R","E","$","E","R","BOSS","M","?","M","M","$","?","R","?","T","R","E","M","M","M"],"build_version":"2022-12-18","purchased_purges":2,"victory":false,"max_hp_per_floor":[66,66,60,60,60,60,60,60,60,60,60,60,67,67,67,67,67,67,67,67,67,67,67,67,67,67,67,67,67,67,67],"relic_stats":{"Lee\u0027s Waffle":49,"counters":[17,72],"Golden Idol":105,"CeramicFish":63,"Art of War":[10],"Kunai":[28],"Orichalcum":[192],"Smiling Mask":75,"Cursed Key":0,"obtain_stats":[{"Lee\u0027s Waffle":13,"Golden Idol":3,"CeramicFish":14,"Art of War":9,"Kunai":12,"Orichalcum":7,"Toxic Egg 2":28,"Smiling Mask":8,"Cursed Key":17,"Ring of the Snake":0},{"Lee\u0027s Waffle":7,"Golden Idol":2,"CeramicFish":8,"Art of War":5,"Kunai":7,"Orichalcum":4,"Toxic Egg 2":14,"Smiling Mask":5,"Cursed Key":9,"Ring of the Snake":0},{"Lee\u0027s Waffle":26,"Golden Idol":7,"CeramicFish":31,"Art of War":17,"Kunai":26,"Orichalcum":14,"Toxic Egg 2":59,"Smiling Mask":17,"Cursed Key":36,"Ring of the Snake":0}],"Ring of the Snake":[34]},"card_choices":[{"not_picked":["Secret Weapon","Sadistic Nature"],"picked":"The Bomb","floor":0},{"not_picked":["Setup","Outmaneuver"],"picked":"Acrobatics","floor":1},{"not_picked":["Deadly Poison","Finisher"],"picked":"Endless Agony","floor":2},{"not_picked":["Eviscerate","Outmaneuver"],"picked":"Blade Dance","floor":5},{"not_picked":["Expertise","Slice"],"picked":"Prepared","floor":7},{"not_picked":["Quick Slash","Flying Knee"],"picked":"Dagger Spray","floor":8},{"not_picked":["Deadly Poison","Blade Dance","Corpse Explosion"],"picked":"SKIP","floor":10},{"not_picked":["Poisoned Stab","Slice"],"picked":"Well Laid Plans","floor":12},{"not_picked":["Deflect","Prepared"],"picked":"Burst","floor":14},{"not_picked":["Storm of Steel","After Image"],"picked":"Doppelganger","floor":16},{"not_picked":["Escape Plan","Crippling Poison"],"picked":"Acrobatics","floor":18},{"not_picked":["Outmaneuver+1","Riddle With Holes","Slice"],"picked":"SKIP","floor":20},{"not_picked":["Prepared","Outmaneuver","Deadly Poison"],"picked":"SKIP","floor":21},{"not_picked":["Dagger Spray","Concentrate","Bullet Time"],"picked":"SKIP","floor":23},{"not_picked":["Deadly Poison+1","Endless Agony"],"picked":"Crippling Poison+1","floor":28},{"not_picked":["Skewer","Underhanded Strike"],"picked":"PiercingWail+1","floor":29},{"not_picked":["Flying Knee","All Out Attack"],"picked":"Blur+1","floor":30}],"player_experience":1917835,"relics_obtained":[{"floor":7,"key":"Orichalcum"},{"floor":8,"key":"Smiling Mask"},{"floor":9,"key":"Art of War"},{"floor":12,"key":"Kunai"},{"floor":14,"key":"CeramicFish"},{"floor":28,"key":"Toxic Egg 2"}],"event_choices":[{"damage_healed":0,"gold_gain":0,"player_choice":"Lose Max HP","damage_taken":0,"relics_obtained":["Golden Idol"],"max_hp_gain":0,"max_hp_loss":6,"event_name":"Golden Idol","floor":3,"gold_loss":0},{"damage_healed":0,"gold_gain":0,"player_choice":"Searched \u00271\u0027 times","damage_taken":0,"max_hp_gain":0,"max_hp_loss":0,"event_name":"Dead Adventurer","floor":8,"gold_loss":0},{"damage_healed":10,"gold_gain":0,"player_choice":"Full Heal","damage_taken":0,"max_hp_gain":0,"max_hp_loss":0,"event_name":"Wheel of Change","floor":19,"gold_loss":0},{"cards_removed":["Strike_G"],"damage_healed":0,"gold_gain":0,"player_choice":"Gave Gold","damage_taken":0,"max_hp_gain":0,"max_hp_loss":0,"event_name":"Beggar","floor":25,"gold_loss":75}],"is_beta":false,"boss_relics":[{"not_picked":["WristBlade","Black Star"],"picked":"Cursed Key"}],"items_purged_floors":[13,22],"is_endless":false,"potions_floor_spawned":[1,5,8,16,21,29,30],"killed_by":"Snake Plant","ascension_level":20,"potion_discard_per_floor":[[],[],[],[],["EssenceOfSteel"],[],[],[],[],[],[],[],[],[],[],[],[],[],[],[],[],[],[],[],[],[],[],[],[],[],[]]}