{"neow_bonuses_skipped_log":["UPGRADE_CARD","THREE_SMALL_POTIONS","BOSS_RELIC"],"neow_costs_skipped_log":["NONE","NONE","NONE"],"potions_obtained_entropic_brew":[[],[],[],[],[],[],[],[],[],[],[],[],[],[],[],[],[],[],[],[],[],[],[]],"gold_per_floor":[119,134,152,152,152,152,152,181,181,197,197,212,240,264,264,339,339,350,363,46,76,76,76],"floor_reached":23,"playtime":1253,"items_purged":["Strike_G"],"score":448,"play_id":"9d761914-dee2-416b-98d8-697d00ce43c9","local_time":"20230518040310","score_breakdown":["Floors Climbed (23): 115","Enemies Slain (7): 14","Exordium Elites Killed (2): 20","City Elites Killed (0): 0","Bosses Slain (1): 50","Champion (1): 25","Ascension (20): 224"],"is_ascension_mode":true,"potions_obtained_alchemize":[[],[],[],[],[],[],[],[],[],[],[],[],[],[],[],[],[],[],[],[],[],[],[]],"campfire_choices":[{"floor":6,"key":"REST"},{"data":"Blade Dance","floor":11,"key":"SMITH"},{"data":"A Thousand Cuts","floor":15,"key":"SMITH"}],"lesson_learned_per_floor":[[],[],[],[],[],[],[],[],[],[],[],[],[],[],[],[],[],[],[],[],[],[],[]],"neow_cost":"TEN_PERCENT_HP_LOSS","improvable_cards":{},"seed_source_timestamp":513929810019000,"shop_contents":[{"floor":20,"relics":["Frozen Egg 2","Regal Pillow"],"cards":["Glass Knife","Eviscerate","Expertise","Accuracy","Forethought","Metamorphosis"],"potions":["Poison Potion","Regen Potion"]}],"circlet_count":0,"master_deck":["AscendersBane","Strike_G","Strike_G","Strike_G+1","Strike_G+1","Defend_G","Defend_G","Defend_G","Survivor","Neutralize","Night Terror","After Image","Masterful Stab","Blade Dance+1","Acrobatics","Escape Plan","A Thousand Cuts+1","Malaise","Backstab","Acrobatics"],"potion_use_per_floor":[[],[],[],[],[],[],[],["LiquidMemories"],[],[],[],[],["SkillPotion"],[],[],["BlessingOfTheForge"],[],[],[],[],["BlessingOfTheForge"],[],["GamblersBrew"]],"relics":["Ring of the Snake","Eternal Feather","Oddly Smooth Stone","Meat on the Bone","Pen Nib","Cursed Key","Sling","Red Mask"],"potions_floor_usage":[8,13,16,21,23],"damage_taken":[{"damage":8,"enemies":"Jaw Worm","floor":1,"turns":6},{"damage":0,"enemies":"2 Louse","floor":2,"turns":3},{"damage":0,"enemies":"Cultist","floor":3,"turns":3},{"damage":0,"enemies":"Gremlin Nob","floor":8,"turns":3},{"damage":2,"enemies":"Looter","floor":10,"turns":3},{"damage":12,"enemies":"Blue Slaver","floor":12,"turns":3},{"damage":4,"enemies":"3 Sentries","floor":13,"turns":3},{"damage":41,"enemies":"Slime Boss","floor":16,"turns":8},{"damage":6,"enemies":"Shell Parasite","floor":18,"turns":5},{"damage":0,"enemies":"Chosen","floor":19,"turns":3},{"damage":0,"enemies":"Masked Bandits","floor":21,"turns":2},{"damage":36,"enemies":"Gremlin Leader","floor":23,"turns":8}],"seed_played":"6007279756449560453","neow_bonus_log":{"cardsObtained":["Night Terror","After Image"],"cardsUpgraded":[],"cardsRemoved":[],"cardsTransformed":["Defend_G","Defend_G"],"relicsObtained":[],"maxHpGained":0,"goldGained":0,"damageTaken":0,"goldLost":0,"maxHpLost":6},"potions_obtained":[{"floor":1,"key":"LiquidMemories"},{"floor":8,"key":"SkillPotion"},{"floor":10,"key":"BlessingOfTheForge"},{"floor":18,"key":"GamblersBrew"}],"is_trial":false,"path_per_floor":["M","M","M","?","?","R","?","E","T","M","R","M","E","T","R","B",null,"M","M","$","?","?","E"],"character_chosen":"THE_SILENT","basemod:card_modifiers":[null,null,null,null,null,null,null,null,null,null,null,null,null,null,null,null,null,null,null,null],"items_purchased":["Sling","Acrobatics","BlessingOfTheForge"],"campfire_rested":1,"item_purchase_floors":[20,20,20],"current_hp_per_floor":[51,51,51,56,36,55,37,37,37,35,44,44,40,40,49,20,54,48,48,48,48,30,0],"gold":76,"neow_bonus":"TRANSFORM_TWO_CARDS","is_prod":false,"is_daily":false,"rewards_skipped":[{"floor":13,"relics":["Bottled Flame"],"potions":[]}],"chose_seed":false,"campfire_upgraded":2,"win_rate":0,"floor_exit_playtime":[109,186,215,218,227,232,240,320,323,378,401,471,551,556,562,781,808,905,951,992,1040,1058],"timestamp":1684396990,"path_taken":["M","M","M","?","?","R","?","E","T","M","R","M","E","?","R","BOSS","M","M","$","?","?","E"],"build_version":"2022-12-18","purchased_purges":1,"victory":false,"max_hp_per_floor":[60,60,60,65,65,65,65,65,65,65,65,65,65,65,65,65,65,65,65,65,65,70,70],"relic_stats":{"counters":[12,50],"Eternal Feather":18,"Pen Nib":[8],"Cursed Key":0,"obtain_stats":[{"Oddly Smooth Stone":8,"Eternal Feather":7,"Pen Nib":14,"Red Mask":21,"Cursed Key":17,"Sling":20,"Ring of the Snake":0,"Meat on the Bone":9},{"Oddly Smooth Stone":4,"Eternal Feather":3,"Pen Nib":7,"Red Mask":11,"Cursed Key":8,"Sling":10,"Ring of the Snake":0,"Meat on the Bone":4},{"Oddly Smooth Stone":15,"Eternal Feather":12,"Pen Nib":24,"Red Mask":42,"Cursed Key":32,"Sling":40,"Ring of the Snake":0,"Meat on the Bone":15}],"Ring of the Snake":[24],"Meat on the Bone":24},"card_choices":[{"not_picked":["Flying Knee","Dodge and Roll"],"picked":"Masterful Stab","floor":1},{"not_picked":["Escape Plan","Calculated Gamble"],"picked":"Blade Dance","floor":2},{"not_picked":["Sucker Punch","Cloak And Dagger"],"picked":"Acrobatics","floor":3},{"not_picked":["Footwork","Bane"],"picked":"Escape Plan","floor":8},{"not_picked":["Distraction","Bane","Slice"],"picked":"SKIP","floor":10},{"not_picked":["Expertise","Underhanded Strike"],"picked":"A Thousand Cuts","floor":12},{"not_picked":["Poisoned Stab","PiercingWail","Distraction"],"picked":"SKIP","floor":13},{"not_picked":["Tools of the Trade","Grand Finale"],"picked":"Malaise","floor":16},{"not_picked":["Dodge and Roll","Dagger Spray"],"picked":"Backstab","floor":18},{"not_picked":["Poisoned Stab+1","Infinite Blades","Dodge and Roll"],"picked":"SKIP","floor":19},{"not_picked":["Bane","Outmaneuver","Poisoned Stab"],"picked":"SKIP","floor":21}],"player_experience":1916582,"relics_obtained":[{"floor":8,"key":"Oddly Smooth Stone"},{"floor":9,"key":"Meat on the Bone"},{"floor":14,"key":"Pen Nib"},{"floor":21,"key":"Red Mask"}],"event_choices":[{"damage_healed":0,"gold_gain":0,"player_choice":"Donut","damage_taken":0,"max_hp_gain":5,"max_hp_loss":0,"event_name":"Big Fish","floor":4,"gold_loss":0},{"damage_healed":0,"gold_gain":0,"player_choice":"Entered Light","damage_taken":20,"max_hp_gain":0,"max_hp_loss":0,"event_name":"Shining Light","floor":5,"gold_loss":0,"cards_upgraded":["Strike_G","Strike_G"]},{"damage_healed":0,"gold_gain":0,"player_choice":"Success","damage_taken":18,"relics_obtained":["Eternal Feather"],"max_hp_gain":0,"max_hp_loss":0,"event_name":"Scrap Ooze","floor":7,"gold_loss":0},{"damage_healed":0,"gold_gain":0,"player_choice":"Fought Bandits","damage_taken":0,"max_hp_gain":0,"max_hp_loss":0,"event_name":"Masked Bandits","floor":21,"gold_loss":0},{"damage_healed":0,"gold_gain":0,"player_choice":"Shed Blood","damage_taken":23,"max_hp_gain":5,"max_hp_loss":0,"event_name":"Forgotten Altar","floor":22,"gold_loss":0}],"is_beta":false,"boss_relics":[{"not_picked":["Sozu","Astrolabe"],"picked":"Cursed Key"}],"items_purged_floors":[20],"is_endless":false,"potions_floor_spawned":[1,8,10,18],"killed_by":"Gremlin Leader","ascension_level":20,"potion_discard_per_floor":[[],[],[],[],[],[],[],[],[],[],[],[],[],[],[],[],[],[],[],[],[],[],[]]}