{"neow_bonuses_skipped_log":["UPGRADE_CARD","HUNDRED_GOLD","BOSS_RELIC"],"neow_costs_skipped_log":["NONE","NONE","NONE"],"potions_obtained_entropic_brew":[[],[],[],[],[],[],[],[],[],[],[],[],[],[],[],[],[],[],[],[],[]],"gold_per_floor":[117,133,146,163,213,213,11,11,11,11,11,24,24,51,51,129,129,149,162,174,174],"floor_reached":21,"playtime":2579,"items_purged":[],"score":362,"play_id":"a1a687d0-1408-461a-8d85-0f5b36d8dce9","local_time":"20230513172349","score_breakdown":["Floors Climbed (21): 105","Enemies Slain (8): 16","Exordium Elites Killed (1): 10","City Elites Killed (0): 0","Bosses Slain (1): 50","Ascension (20): 181"],"is_ascension_mode":true,"potions_obtained_alchemize":[[],[],[],[],[],[],[],[],[],[],[],[],[],[],[],[],[],["SteroidPotion"],["FearPotion"],["SteroidPotion"],[]],"campfire_choices":[{"data":"Blade Dance","floor":6,"key":"SMITH"},{"data":"Accuracy","floor":8,"key":"SMITH"},{"floor":11,"key":"REST"},{"data":"Malaise","floor":15,"key":"SMITH"}],"lesson_learned_per_floor":[[],[],[],[],[],[],[],[],[],[],[],[],[],[],[],[],[],[],[],[],[]],"neow_cost":"TEN_PERCENT_HP_LOSS","improvable_cards":{},"seed_source_timestamp":128644698203400,"shop_contents":[{"floor":7,"relics":["Mango","Dream Catcher"],"cards":["Glass Knife","Bane","Catalyst","Dodge and Roll","Enlightenment","Secret Weapon"],"potions":["SteroidPotion","Dexterity Potion","LiquidBronze"]},{"floor":13,"relics":["Pen Nib","Anchor","TheAbacus"],"cards":["Die Die Die","Flying Knee","Doppelganger","Tactician","Caltrops","Finesse","Chrysalis"],"potions":["Weak Potion","ColorlessPotion","SneckoOil"]}],"circlet_count":0,"master_deck":["AscendersBane","Strike_G","Strike_G","Strike_G","Strike_G","Strike_G","Defend_G","Defend_G","Defend_G","Defend_G","Defend_G","Survivor","Neutralize","Dagger Throw","Blade Dance+1","Dagger Throw","Accuracy+1","Terror","Malaise+1","Venomology","Acrobatics","Underhanded Strike","Backflip"],"potion_use_per_floor":[[],[],[],["DistilledChaos"],[],[],[],[],[],[],[],[],[],["Strength Potion"],[],[],[],["FearPotion","LiquidMemories"],["FearPotion","SteroidPotion"],[],["SteroidPotion"]],"relics":["Ring of the Snake","Ice Cream","Sling","Turnip","Shovel","Runic Pyramid"],"potions_floor_usage":[4,14,18,18,19,19,21],"damage_taken":[{"damage":3,"enemies":"Cultist","floor":1,"turns":4},{"damage":4,"enemies":"Jaw Worm","floor":2,"turns":4},{"damage":2,"enemies":"Small Slimes","floor":3,"turns":4},{"damage":12,"enemies":"Exordium Thugs","floor":4,"turns":5},{"damage":7,"enemies":"Blue Slaver","floor":12,"turns":3},{"damage":15,"enemies":"Lagavulin","floor":14,"turns":5},{"damage":4,"enemies":"Hexaghost","floor":16,"turns":9},{"damage":12,"enemies":"2 Thieves","floor":18,"turns":4},{"damage":7,"enemies":"Chosen","floor":19,"turns":5},{"damage":15,"enemies":"Snake Plant","floor":20,"turns":5},{"damage":25,"enemies":"3 Cultists","floor":21,"turns":4}],"seed_played":"-303368119139783764","neow_bonus_log":{"cardsObtained":[],"cardsUpgraded":[],"cardsRemoved":[],"cardsTransformed":[],"relicsObtained":["Ice Cream"],"maxHpGained":0,"goldGained":0,"damageTaken":0,"goldLost":0,"maxHpLost":6},"potions_obtained":[{"floor":1,"key":"DistilledChaos"},{"floor":2,"key":"Strength Potion"},{"floor":10,"key":"LiquidMemories"},{"floor":14,"key":"FearPotion"},{"floor":20,"key":"Dexterity Potion"}],"is_trial":false,"path_per_floor":["M","M","M","M","?","R","$","R","T","?","R","M","$","E","R","B",null,"M","M","M","M"],"character_chosen":"THE_SILENT","basemod:card_modifiers":[null,null,null,null,null,null,null,null,null,null,null,null,null,null,null,null,null,null,null,null,null,null,null],"items_purchased":["Accuracy","Sling"],"campfire_rested":1,"item_purchase_floors":[7,7],"current_hp_per_floor":[56,52,50,38,32,32,32,32,32,32,50,43,43,28,28,24,51,39,32,17,0],"gold":174,"neow_bonus":"ONE_RARE_RELIC","is_prod":false,"is_daily":false,"rewards_skipped":[{"floor":10,"relics":[],"potions":["Strength Potion"]},{"floor":16,"relics":[],"potions":["Poison Potion"]}],"chose_seed":false,"campfire_upgraded":3,"win_rate":0,"floor_exit_playtime":[563,664,834,994,1005,1016,1053,1083,1100,1112,1135,1277,1323,1465,1507,1787,1993,2218,2380,2458],"timestamp":1684013029,"path_taken":["M","M","M","?","?","R","?","R","T","?","R","M","$","E","R","BOSS","M","M","M","M"],"build_version":"2022-12-18","purchased_purges":0,"victory":false,"max_hp_per_floor":[60,60,60,60,60,60,60,60,60,60,60,60,60,60,60,60,60,60,60,60,60],"relic_stats":{"Ice Cream":[21],"Shovel":0,"counters":[11,52],"Turnip":[2],"obtain_stats":[{"Ice Cream":0,"Shovel":14,"Turnip":9,"Sling":7,"Ring of the Snake":0,"Runic Pyramid":17},{"Ice Cream":0,"Shovel":6,"Turnip":4,"Sling":4,"Ring of the Snake":0,"Runic Pyramid":7},{"Ice Cream":0,"Shovel":25,"Turnip":17,"Sling":17,"Ring of the Snake":0,"Runic Pyramid":34}],"Ring of the Snake":[22]},"card_choices":[{"not_picked":["Accuracy","Footwork"],"picked":"Dagger Throw","floor":1},{"not_picked":["Backflip","Setup"],"picked":"Blade Dance","floor":2},{"not_picked":["Expertise","Dagger Spray","Flechettes"],"picked":"SKIP","floor":3},{"not_picked":["Bane","Slice"],"picked":"Dagger Throw","floor":4},{"not_picked":["Underhanded Strike","Reflex"],"picked":"Terror","floor":12},{"not_picked":["Reflex","Riddle With Holes"],"picked":"Malaise","floor":14},{"not_picked":["A Thousand Cuts","Wraith Form v2"],"picked":"Venomology","floor":16},{"not_picked":["Eviscerate","Flechettes"],"picked":"Acrobatics","floor":18},{"not_picked":["Catalyst","Bane+1"],"picked":"Underhanded Strike","floor":19},{"not_picked":["Underhanded Strike","Sucker Punch"],"picked":"Backflip","floor":20}],"player_experience":1912079,"relics_obtained":[{"floor":9,"key":"Turnip"},{"floor":14,"key":"Shovel"}],"event_choices":[{"damage_healed":0,"gold_gain":50,"player_choice":"Touch","damage_taken":6,"max_hp_gain":0,"max_hp_loss":0,"event_name":"FaceTrader","floor":5,"gold_loss":0},{"damage_healed":0,"gold_gain":0,"player_choice":"Got Potions","damage_taken":0,"max_hp_gain":0,"max_hp_loss":0,"event_name":"Lab","floor":10,"gold_loss":0}],"is_beta":false,"boss_relics":[{"not_picked":["Tiny House","Ring of the Serpent"],"picked":"Runic Pyramid"}],"items_purged_floors":[],"is_endless":false,"potions_floor_spawned":[1,2,14,16,20],"killed_by":"3 Cultists","ascension_level":20,"potion_discard_per_floor":[[],[],[],[],[],[],[],[],[],[],[],[],[],[],[],[],[],[],[],[],[]]}