{"neow_bonuses_skipped_log":["RANDOM_COLORLESS","REMOVE_TWO","BOSS_RELIC"],"potions_obtained_entropic_brew":[[],[],[],[],[],[],[],[],[],[],[],[],[],[],[],[]],"neow_costs_skipped_log":["NONE","TEN_PERCENT_HP_LOSS","NONE"],"gold_per_floor":[211,225,236,1,15,15,47,47,97,372,405,405,417,433,433,433],"floor_reached":16,"playtime":2310,"items_purged":["Defend_G"],"score":274,"play_id":"4241df56-7d17-4739-acb7-62a43e717b7b","local_time":"20230526145956","score_breakdown":["Floors Climbed (16): 80","Enemies Slain (6): 12","Exordium Elites Killed (2): 20","Bosses Slain (0): 0","Champion (1): 25","Ascension (20): 137"],"is_ascension_mode":true,"potions_obtained_alchemize":[[],[],[],[],[],[],[],[],[],[],[],[],[],[],[],[]],"campfire_choices":[{"data":"Blade Dance","floor":6,"key":"SMITH"},{"data":"Dagger Spray","floor":12,"key":"SMITH"},{"data":"Choke","floor":15,"key":"SMITH"}],"lesson_learned_per_floor":[[],[],[],[],[],[],[],[],[],[],[],[],[],[],[],[]],"neow_cost":"NONE","improvable_cards":{},"seed_source_timestamp":475634248631400,"shop_contents":[{"floor":4,"relics":["Strawberry","InkBottle"],"cards":["All Out Attack","Flechettes","Prepared","Storm of Steel","Footwork","Swift Strike","The Bomb"],"potions":["SpeedPotion","Dexterity Potion","Explosive Potion"]}],"circlet_count":0,"master_deck":["AscendersBane","Strike_G","Strike_G","Strike_G","Strike_G","Strike_G","Defend_G","Defend_G","Defend_G","Defend_G","Survivor","Neutralize","Endless Agony","Dash","Blade Dance+1","Choke+1","Dagger Spray+1","Leg Sweep","Predator"],"potion_use_per_floor":[[],[],[],[],[],[],["LiquidMemories"],[],[],[],["Weak Potion"],[],[],[],[],["Dexterity Potion"]],"relics":["Ring of the Snake","Medical Kit","Gremlin Horn","Omamori","Akabeko"],"potions_floor_usage":[7,11,16],"damage_taken":[{"damage":6,"enemies":"Small Slimes","floor":1,"turns":7},{"damage":0,"enemies":"2 Louse","floor":2,"turns":4},{"damage":2,"enemies":"Cultist","floor":3,"turns":5},{"damage":0,"enemies":"3 Louse","floor":5,"turns":4},{"damage":0,"enemies":"Gremlin Nob","floor":7,"turns":2},{"damage":20,"enemies":"Lagavulin","floor":11,"turns":6},{"damage":0,"enemies":"Lots of Slimes","floor":13,"turns":1},{"damage":0,"enemies":"Large Slime","floor":14,"turns":3},{"damage":31,"enemies":"Hexaghost","floor":16,"turns":9}],"green_key_taken_log":7,"seed_played":"-7971626781852003301","neow_bonus_log":{"cardsObtained":[],"cardsUpgraded":[],"cardsRemoved":[],"cardsTransformed":[],"relicsObtained":[],"maxHpGained":0,"goldGained":100,"damageTaken":0,"goldLost":0,"maxHpLost":0},"potions_obtained":[{"floor":1,"key":"Dexterity Potion"},{"floor":2,"key":"LiquidMemories"},{"floor":7,"key":"Weak Potion"}],"is_trial":false,"path_per_floor":["M","M","M","$","M","R","E","?","T","?","E","R","M","M","R","B"],"character_chosen":"THE_SILENT","basemod:card_modifiers":[null,null,null,null,null,null,null,null,null,null,null,null,null,null,null,null,null,null,null],"items_purchased":["Medical Kit"],"campfire_rested":0,"item_purchase_floors":[4],"current_hp_per_floor":[53,53,51,51,51,51,51,51,51,51,31,31,31,31,31,0],"gold":433,"neow_bonus":"HUNDRED_GOLD","is_prod":false,"is_daily":false,"rewards_skipped":[],"chose_seed":false,"campfire_upgraded":3,"win_rate":0,"floor_exit_playtime":[498,553,766,859,1042,1089,1520,1533,1539,1548,1955,1995,2056,2160,2186],"timestamp":1685127596,"path_taken":["M","M","M","$","M","R","E","?","T","?","E","R","M","M","R","BOSS"],"build_version":"2022-12-18","purchased_purges":1,"victory":false,"max_hp_per_floor":[66,66,66,66,66,66,66,66,66,66,66,66,66,66,66,66],"relic_stats":{"Gremlin Horn":[6,5],"counters":[9,41],"Omamori":1,"Medical Kit":[4],"obtain_stats":[{"Gremlin Horn":7,"Omamori":9,"Medical Kit":4,"Akabeko":11,"Ring of the Snake":0},{"Gremlin Horn":5,"Omamori":5,"Medical Kit":3,"Akabeko":6,"Ring of the Snake":0},{"Gremlin Horn":22,"Omamori":22,"Medical Kit":16,"Akabeko":28,"Ring of the Snake":0}],"Ring of the Snake":[18]},"card_choices":[{"not_picked":["Well Laid Plans","Prepared"],"picked":"Endless Agony","floor":1},{"not_picked":["PiercingWail","Expertise"],"picked":"Dash","floor":2},{"not_picked":["Dash","Dagger Spray"],"picked":"Blade Dance","floor":3},{"not_picked":["Underhanded Strike","Dagger Throw"],"picked":"Choke","floor":5},{"not_picked":["Deadly Poison","Leg Sweep","Underhanded Strike"],"picked":"SKIP","floor":7},{"not_picked":["Deadly Poison","Leg Sweep","Underhanded Strike"],"picked":"SKIP","floor":7},{"not_picked":["Deadly Poison","Leg Sweep","Underhanded Strike"],"picked":"SKIP","floor":7},{"not_picked":["Poisoned Stab","Flechettes"],"picked":"Dagger Spray","floor":11},{"not_picked":["Expertise","Deflect"],"picked":"Leg Sweep","floor":13},{"not_picked":["Leg Sweep","Poisoned Stab"],"picked":"Predator","floor":14}],"player_experience":1940164,"relics_obtained":[{"floor":7,"key":"Gremlin Horn"},{"floor":9,"key":"Omamori"},{"floor":11,"key":"Akabeko"}],"event_choices":[{"damage_healed":0,"gold_gain":0,"player_choice":"Leave","damage_taken":0,"max_hp_gain":0,"max_hp_loss":0,"event_name":"The Cleric","floor":8,"gold_loss":0},{"damage_healed":0,"gold_gain":275,"player_choice":"Desecrate","damage_taken":0,"max_hp_gain":0,"max_hp_loss":0,"event_name":"Golden Shrine","floor":10,"gold_loss":0,"cards_obtained":["Regret"]}],"is_beta":false,"boss_relics":[],"items_purged_floors":[4],"is_endless":false,"potions_floor_spawned":[1,2,7],"killed_by":"Hexaghost","ascension_level":20,"potion_discard_per_floor":[[],[],[],[],[],[],[],[],[],[],[],[],[],[],[],[]]}