{"neow_bonuses_skipped_log":["THREE_SMALL_POTIONS","TWENTY_PERCENT_HP_BONUS","BOSS_RELIC"],"potions_obtained_entropic_brew":[[],[],[],[],[],[],[],[],[],[],[],[],[],[],[],[],[],[],[],[],[],[],[],[],[],[],[],[],[],[],[],[],[],[],[],[],[],[],[],[],[],[],[],[],[],[],[],[],[],[],[],[],[],[],[],[],[]],"neow_costs_skipped_log":["NONE","NO_GOLD","NONE"],"gold_per_floor":[110,129,144,157,170,170,181,181,181,209,219,236,267,367,367,442,442,455,470,486,59,74,74,109,109,109,119,119,99,128,142,142,213,213,227,227,238,255,180,209,219,251,299,34,53,67,81,114,114,114,114,114,114,27,58,58],"floor_reached":57,"playtime":11690,"items_purged":["Strike_G"],"score":2904,"play_id":"4ed342f9-8430-452f-98d1-637817c2aca0","local_time":"20230526141029","score_breakdown":["Floors Climbed (57): 285","Enemies Slain (21): 42","Exordium Elites Killed (2): 20","City Elites Killed (2): 40","Beyond Elites Killed (3): 90","Bosses Slain (5): 750","Champion (3): 75","Overkill: 25","Ascension (20): 1327","Heartbreaker: 250"],"is_ascension_mode":true,"potions_obtained_alchemize":[[],[],[],[],[],[],[],[],[],[],[],[],[],[],[],[],[],[],[],[],[],[],[],[],[],[],[],[],[],[],[],[],[],[],[],[],[],[],[],[],[],[],[],[],[],[],[],[],[],["DistilledChaos"],["Strength Potion"],[],[],[],["FearPotion"],["Regen Potion"],[]],"campfire_choices":[{"data":"Noxious Fumes","floor":6.0,"key":"SMITH"},{"data":"All Out Attack","floor":8.0,"key":"SMITH"},{"data":"Acrobatics","floor":15.0,"key":"SMITH"},{"data":"Apotheosis","floor":23.0,"key":"SMITH"},{"data":"Calculated Gamble","floor":25.0,"key":"SMITH"},{"data":"Wraith Form v2","floor":32.0,"key":"SMITH"},{"floor":49.0,"key":"RECALL"},{"data":"Prepared","floor":53,"key":"SMITH"}],"lesson_learned_per_floor":[[],[],[],[],[],[],[],[],[],[],[],[],[],[],[],[],[],[],[],[],[],[],[],[],[],[],[],[],[],[],[],[],[],[],[],[],[],[],[],[],[],[],[],[],[],[],[],[],[],[],[],[],[],[],[],[],[]],"neow_cost":"NONE","improvable_cards":{},"seed_source_timestamp":0,"shop_contents":[{"floor":21,"relics":["Darkstone Periapt","Frozen Eye"],"cards":["Underhanded Strike","Slice","Expertise","Footwork","Good Instincts"],"potions":["BlessingOfTheForge","BlessingOfTheForge","Swift Potion"]},{"floor":39,"relics":["Letter Opener","Snake Skull","Cauldron"],"cards":["Dagger Spray","All Out Attack","Expertise","Outmaneuver","Caltrops","Madness","Transmutation"],"potions":["SneckoOil","FearPotion","BlessingOfTheForge"]},{"floor":44,"relics":["Oddly Smooth Stone","Strange Spoon"],"cards":["Unload","Backstab","Prepared","Deadly Poison","Accuracy","Jack Of All Trades","HandOfGreed"],"potions":["Ancient Potion","Swift Potion","Ancient Potion"]},{"floor":54,"relics":["Nunchaku","Lantern","PrismaticShard"],"cards":["Endless Agony","Underhanded Strike","Terror","Adrenaline","Well Laid Plans","PanicButton","Thinking Ahead"],"potions":["Poison Potion","Swift Potion"]}],"circlet_count":0,"master_deck":["AscendersBane","Strike_G","Strike_G","Strike_G","Defend_G","Defend_G","Defend_G","Defend_G","Survivor","Neutralize","Masterful Stab","Underhanded Strike","Leg Sweep","Dagger Throw","Noxious Fumes+1","All Out Attack+1","Acrobatics+1","Bouncing Flask","Predator","Prepared+1","Apotheosis+1","Calculated Gamble+1","Backflip+1","Catalyst+1","Wraith Form v2+1","Reflex","Night Terror","Envenom","Reflex","Calculated Gamble+1","Venomology","PiercingWail","Night Terror"],"special_seed":0,"potion_use_per_floor":[[],[],[],[],["Poison Potion"],[],[],[],[],[],[],[],[],[],[],["PowerPotion"],[],[],["LiquidMemories"],[],[],[],[],["Poison Potion"],[],[],[],[],[],["FairyPotion"],[],[],[],[],[],[],[],[],[],[],[],[],[],[],[],[],[],[],[],["GamblersBrew"],["DistilledChaos"],[],[],[],["Swift Potion"],["Poison Potion","Regen Potion","DuplicationPotion"],[]],"relics":["Ring of the Snake","Pen Nib","Strawberry","Vajra","Coffee Dripper","Bag of Preparation","Paper Crane","Runic Pyramid","Sundial","War Paint","Akabeko","Bottled Lightning","Question Card","Turnip"],"potions_floor_usage":[51,55,56,56,56],"damage_taken":[{"damage":0.0,"enemies":"Cultist","floor":1.0,"turns":4.0},{"damage":2.0,"enemies":"Small Slimes","floor":2.0,"turns":4.0},{"damage":0.0,"enemies":"2 Louse","floor":3.0,"turns":2.0},{"damage":4.0,"enemies":"2 Fungi Beasts","floor":4.0,"turns":4.0},{"damage":2.0,"enemies":"Lots of Slimes","floor":5.0,"turns":6.0},{"damage":0.0,"enemies":"Looter","floor":7.0,"turns":4.0},{"damage":7.0,"enemies":"3 Sentries","floor":10.0,"turns":6.0},{"damage":0.0,"enemies":"Exordium Thugs","floor":11.0,"turns":4.0},{"damage":9.0,"enemies":"Red Slaver","floor":12.0,"turns":4.0},{"damage":7.0,"enemies":"Lagavulin","floor":13.0,"turns":7.0},{"damage":7.0,"enemies":"Slime Boss","floor":16.0,"turns":5.0},{"damage":14.0,"enemies":"Shell Parasite","floor":18.0,"turns":4.0},{"damage":13.0,"enemies":"Spheric Guardian","floor":19.0,"turns":4.0},{"damage":9.0,"enemies":"Cultist and Chosen","floor":20.0,"turns":3.0},{"damage":7.0,"enemies":"Chosen and Byrds","floor":22.0,"turns":6.0},{"damage":0.0,"enemies":"Gremlin Leader","floor":24.0,"turns":7.0},{"damage":1.0,"enemies":"Centurion and Healer","floor":27.0,"turns":6.0},{"damage":19.0,"enemies":"Book of Stabbing","floor":30.0,"turns":3.0},{"damage":6.0,"enemies":"Shelled Parasite and Fungi","floor":31.0,"turns":4.0},{"damage":14.0,"enemies":"Collector","floor":33.0,"turns":6.0},{"damage":0.0,"enemies":"3 Shapes","floor":35.0,"turns":6.0},{"damage":3.0,"enemies":"3 Darklings","floor":37.0,"turns":5.0},{"damage":0.0,"enemies":"Sphere and 2 Shapes","floor":38.0,"turns":5.0},{"damage":0.0,"enemies":"Nemesis","floor":40.0,"turns":5.0},{"damage":3.0,"enemies":"Maw","floor":41.0,"turns":6.0},{"damage":0.0,"enemies":"Giant Head","floor":42.0,"turns":6.0},{"damage":0.0,"enemies":"Transient","floor":45.0,"turns":4.0},{"damage":0.0,"enemies":"4 Shapes","floor":46.0,"turns":6.0},{"damage":0.0,"enemies":"Spire Growth","floor":47.0,"turns":4.0},{"damage":1.0,"enemies":"Nemesis","floor":48.0,"turns":5.0},{"damage":10.0,"enemies":"Awakened One","floor":50.0,"turns":19.0},{"damage":28,"enemies":"Donu and Deca","floor":51,"turns":9},{"damage":15,"enemies":"Shield and Spear","floor":55,"turns":8},{"damage":41,"enemies":"The Heart","floor":56,"turns":10}],"green_key_taken_log":40,"seed_played":"-6602084457556248194","neow_bonus_log":{"cardsObtained":["Masterful Stab"],"cardsUpgraded":[],"cardsRemoved":[],"cardsTransformed":["Defend_G"],"relicsObtained":[],"maxHpGained":0,"goldGained":0,"damageTaken":0,"goldLost":0,"maxHpLost":0},"potions_obtained":[{"floor":2.0,"key":"PowerPotion"},{"floor":4.0,"key":"Poison Potion"},{"floor":10.0,"key":"LiquidBronze"},{"floor":11.0,"key":"GamblersBrew"},{"floor":18.0,"key":"LiquidMemories"},{"floor":20.0,"key":"Poison Potion"},{"floor":24.0,"key":"SkillPotion"},{"floor":29.0,"key":"FairyPotion"},{"floor":33.0,"key":"Swift Potion"},{"floor":55,"key":"Poison Potion"}],"is_trial":false,"path_per_floor":["M","M","M","M","M","R","M","R","T","E","M","M","E","?","R","B",null,"M","M","M","$","M","R","E","R","T","M","?","?","E","M","R","B",null,"M","?","M","M","$","E","M","E","T","$","M","M","M","E","R","B","B",null,"R","$","E","B",null],"character_chosen":"THE_SILENT","basemod:card_modifiers":[null,null,null,null,null,null,null,null,null,null,null,null,null,null,null,null,null,null,null,null,null,null,null,null,null,null,null,null,null,null,null,null,null],"items_purchased":["Apotheosis","Calculated Gamble","Bag of Preparation","Bottled Lightning","DuplicationPotion"],"campfire_rested":0,"item_purchase_floors":[21,21,21,44,54],"current_hp_per_floor":[59,57,57,53,51,51,51,51,51,51,51,42,35,35,35,28,62,48,35,26,26,19,19,19,19,19,18,18,18,21,15,15,1,55,55,55,52,52,52,52,49,49,49,49,49,49,49,48,48,38,10,57,57,57,42,16],"gold":58,"neow_bonus":"TRANSFORM_CARD","is_prod":false,"is_daily":false,"rewards_skipped":[{"floor":13,"relics":[],"potions":["BlessingOfTheForge"]},{"floor":30,"relics":["Ninja Scroll"],"potions":[]},{"floor":35,"relics":[],"potions":["SkillPotion"]},{"floor":40,"relics":[],"potions":["EntropicBrew"]},{"floor":41,"relics":[],"potions":["BlessingOfTheForge"]},{"floor":45,"relics":[],"potions":["SkillPotion"]},{"floor":46,"relics":[],"potions":["Fire Potion"]}],"chose_seed":false,"campfire_upgraded":7,"win_rate":0,"floor_exit_playtime":[442,646,709,872,1135,1198,1294,1320,1345,1568,1685,1787,1909,1923,1933,2166,2495,2616,2742,2855,2941,3097,3103,3352,3365,3392,3508,3582,3593,3663,3768,3775,3967,3993,4108,4120,4439,4614,4700,4852,5078,5292,5296,5318,5439,5584,5674,5835,5839,6356,7050,7062,7108,7150,11299,11690],"timestamp":1685124629,"blue_key_relic_skipped_log":{"floor":26,"relicID":"Bottled Flame"},"path_taken":["M","M","M","M","?","R","M","R","T","E","?","M","E","?","R","BOSS","M","M","?","$","M","R","E","R","T","M","?","?","E","?","R","BOSS","M","?","M","M","$","E","M","E","T","?","M","?","M","E","R","BOSS","BOSS","R","$","E","BOSS"],"build_version":"2022-12-18","purchased_purges":1,"victory":true,"max_hp_per_floor":[66,66,66,66,66,66,66,66,66,73,73,73,73,73,73,73,73,73,73,73,73,73,73,73,73,73,73,73,73,73,73,73,73,73,73,73,73,73,73,73,73,73,73,73,73,73,73,73,73,73,73,73,73,73,73,73],"relic_stats":{"counters":[34,191],"Sundial":[20],"Pen Nib":[25],"Turnip":[2],"Bag of Preparation":[40],"Bottled Lightning":"Apotheosis","War Paint":["Calculated Gamble","Catalyst"],"Question Card":1,"obtain_stats":[{"Vajra":13,"Pen Nib":9,"Bag of Preparation":21,"Paper Crane":24,"War Paint":42,"Question Card":48,"Akabeko":43,"Sundial":40,"Strawberry":10,"Turnip":55,"Coffee Dripper":17,"Bottled Lightning":44,"Ring of the Snake":0,"Runic Pyramid":34},{"Vajra":10,"Pen Nib":6,"Bag of Preparation":14,"Paper Crane":16,"War Paint":26,"Question Card":30,"Akabeko":26,"Sundial":24,"Strawberry":7,"Turnip":33,"Coffee Dripper":11,"Bottled Lightning":26,"Ring of the Snake":0,"Runic Pyramid":20},{"Vajra":45,"Pen Nib":24,"Bag of Preparation":61,"Paper Crane":74,"War Paint":126,"Question Card":145,"Akabeko":126,"Sundial":114,"Strawberry":30,"Turnip":181,"Coffee Dripper":50,"Bottled Lightning":126,"Ring of the Snake":0,"Runic Pyramid":93}],"Ring of the Snake":[68]},"card_choices":[{"not_picked":["Dodge and Roll","Prepared","Outmaneuver"],"picked":"SKIP","floor":1.0},{"not_picked":["PiercingWail","Cloak And Dagger"],"picked":"Underhanded Strike","floor":2.0},{"not_picked":["Underhanded Strike","Deadly Poison"],"picked":"Leg Sweep","floor":3.0},{"not_picked":["Setup","Flechettes"],"picked":"Dagger Throw","floor":4.0},{"not_picked":["Flying Knee","Dagger Throw"],"picked":"Noxious Fumes","floor":5.0},{"not_picked":["Prepared","Outmaneuver"],"picked":"All Out Attack","floor":7.0},{"not_picked":["Envenom","Tactician"],"picked":"Acrobatics","floor":10.0},{"not_picked":["Escape Plan","Backflip","Deadly Poison"],"picked":"SKIP","floor":11.0},{"not_picked":["Deadly Poison","Cloak And Dagger"],"picked":"Bouncing Flask","floor":12.0},{"not_picked":["Slice","Blur","Flying Knee"],"picked":"SKIP","floor":13.0},{"not_picked":["Envenom","A Thousand Cuts","Grand Finale"],"picked":"SKIP","floor":16.0},{"not_picked":["Deflect","Poisoned Stab+1"],"picked":"Predator","floor":18.0},{"not_picked":["Flying Knee+1","Dodge and Roll"],"picked":"Prepared","floor":19.0},{"not_picked":["Masterful Stab","Dodge and Roll","Night Terror"],"picked":"SKIP","floor":20.0},{"not_picked":["Blur","Backstab"],"picked":"Backflip+1","floor":22.0},{"not_picked":["Dagger Spray","Concentrate"],"picked":"Catalyst","floor":24.0},{"not_picked":["Underhanded Strike","Leg Sweep","Deadly Poison"],"picked":"SKIP","floor":27.0},{"not_picked":["Backflip","Cloak And Dagger","Expertise","Infinite Blades","Blade Dance","Tactician","Bane","Prepared","All Out Attack","Deadly Poison","Dash","Acrobatics","Dagger Throw","Skewer","Caltrops","Underhanded Strike","Distraction","Dagger Spray","Dodge and Roll"],"picked":"Wraith Form v2","floor":28.0},{"not_picked":["Quick Slash","Leg Sweep"],"picked":"Reflex","floor":30.0},{"not_picked":["Crippling Poison","Poisoned Stab","Dagger Throw"],"picked":"SKIP","floor":31.0},{"not_picked":["Malaise","A Thousand Cuts"],"picked":"Night Terror","floor":33.0},{"not_picked":["Accuracy","Deflect","Cloak And Dagger+1"],"picked":"SKIP","floor":35.0},{"not_picked":["All Out Attack","Blade Dance"],"picked":"Reflex","floor":37.0},{"not_picked":["Backflip","Bane","Backstab"],"picked":"SKIP","floor":38.0},{"not_picked":["Dash","Dagger Spray"],"picked":"Calculated Gamble","floor":40.0},{"not_picked":["Backstab+1","Poisoned Stab","Deadly Poison+1"],"picked":"SKIP","floor":41.0},{"not_picked":["Bane","Prepared"],"picked":"Venomology","floor":42.0},{"not_picked":["Sucker Punch","Well Laid Plans","Riddle With Holes"],"picked":"SKIP","floor":45.0},{"not_picked":["Dagger Throw","Backflip+1"],"picked":"PiercingWail","floor":46.0},{"not_picked":["Poisoned Stab","Backflip","Dagger Spray+1"],"picked":"SKIP","floor":47.0},{"not_picked":["Well Laid Plans","Bullet Time","Slice+1"],"picked":"SKIP","floor":48.0},{"not_picked":["Slice","Dash","Deadly Poison+1"],"picked":"Night Terror","floor":55}],"player_experience":1928474,"relics_obtained":[{"floor":9.0,"key":"Pen Nib"},{"floor":10.0,"key":"Strawberry"},{"floor":13.0,"key":"Vajra"},{"floor":24.0,"key":"Paper Crane"},{"floor":40.0,"key":"Sundial"},{"floor":42.0,"key":"War Paint"},{"floor":43.0,"key":"Akabeko"},{"floor":48.0,"key":"Question Card"},{"floor":55,"key":"Turnip"}],"event_choices":[{"damage_healed":0.0,"max_hp_gain":0.0,"max_hp_loss":0.0,"gold_gain":100.0,"event_name":"Wheel of Change","player_choice":"Gold","floor":14.0,"gold_loss":0.0,"damage_taken":0.0},{"damage_healed":0.0,"max_hp_gain":0.0,"max_hp_loss":0.0,"gold_gain":0.0,"event_name":"The Library","player_choice":"Read","floor":28.0,"gold_loss":0.0,"damage_taken":0.0,"cards_obtained":["Wraith Form v2"]},{"damage_healed":0.0,"max_hp_gain":0.0,"max_hp_loss":0.0,"gold_gain":0.0,"event_name":"The Woman in Blue","player_choice":"Bought 1 Potion","floor":29.0,"gold_loss":0.0,"damage_taken":0.0},{"damage_healed":0.0,"max_hp_gain":0.0,"max_hp_loss":0.0,"gold_gain":0.0,"cards_transformed":["Strike_G"],"event_name":"Transmorgrifier","player_choice":"Transformed","floor":36.0,"gold_loss":0.0,"damage_taken":0.0,"cards_obtained":["Envenom"]}],"is_beta":false,"boss_relics":[{"not_picked":["Astrolabe","Runic Dome"],"picked":"Coffee Dripper"},{"not_picked":["Snecko Eye","SacredBark"],"picked":"Runic Pyramid"}],"items_purged_floors":[39],"is_endless":false,"potions_floor_spawned":[2,4,10,11,13,18,20,24,33,35,40,41,45,46,55],"ascension_level":20,"potion_discard_per_floor":[[],[],[],[],[],[],[],[],[],[],["LiquidBronze"],[],[],[],[],[],[],[],[],[],[],[],[],[],[],[],[],[],["SkillPotion"],[],[],[],[],[],[],[],[],[],[],[],[],[],[],[],[],[],[],[],[],[],[],[],[],["Strength Potion"],["FearPotion"],[],[]]}