{"neow_bonuses_skipped_log":["RANDOM_COLORLESS","RANDOM_COMMON_RELIC","BOSS_RELIC"],"neow_costs_skipped_log":["NONE","NONE","NONE"],"potions_obtained_entropic_brew":[[],[],[],[],[],[]],"gold_per_floor":[362,374,339,6,21,21],"floor_reached":6,"playtime":418,"items_purged":["Strike_G"],"score":72,"play_id":"de1dd97b-f82b-44e3-8c5e-d1fe2ea9dbea","local_time":"20230606162130","score_breakdown":["Floors Climbed (6): 30","Enemies Slain (3): 6","Exordium Elites Killed (0): 0","Bosses Slain (0): 0","Ascension (20): 36"],"is_ascension_mode":true,"potions_obtained_alchemize":[[],[],[],[],[],[]],"campfire_choices":[],"lesson_learned_per_floor":[[],[],[],[],[],[]],"neow_cost":"PERCENT_DAMAGE","improvable_cards":{},"seed_source_timestamp":1432839236274600,"shop_contents":[{"floor":4,"relics":["Centennial Puzzle","Kunai"],"cards":["Heel Hook","All Out Attack","Deadly Poison","Mind Blast","Magnetism"],"potions":["SkillPotion","GamblersBrew","SkillPotion"]}],"circlet_count":0,"master_deck":["AscendersBane","Strike_G","Strike_G","Strike_G","Strike_G","Defend_G","Defend_G","Defend_G","Defend_G","Defend_G","Survivor","Neutralize","Bouncing Flask","Grand Finale","Acrobatics","Calculated Gamble","Underhanded Strike","Well Laid Plans","Backflip"],"potion_use_per_floor":[[],[],[],[],[],["SteroidPotion"]],"relics":["Ring of the Snake","Orrery"],"potions_floor_usage":[6],"damage_taken":[{"damage":0,"enemies":"Small Slimes","floor":1,"turns":5},{"damage":1,"enemies":"Jaw Worm","floor":2,"turns":4},{"damage":5,"enemies":"2 Louse","floor":5,"turns":4},{"damage":54,"enemies":"Gremlin Nob","floor":6,"turns":4}],"seed_played":"-8105223124172519586","neow_bonus_log":{"cardsObtained":[],"cardsUpgraded":[],"cardsRemoved":[],"cardsTransformed":[],"relicsObtained":[],"maxHpGained":0,"goldGained":250,"damageTaken":15,"goldLost":0,"maxHpLost":0},"potions_obtained":[{"floor":1,"key":"SteroidPotion"}],"is_trial":false,"path_per_floor":["M","M","?","$","M","E"],"character_chosen":"THE_SILENT","basemod:card_modifiers":[null,null,null,null,null,null,null,null,null,null,null,null,null,null,null,null,null,null,null],"items_purchased":["Orrery","Well Laid Plans","Backflip"],"campfire_rested":0,"item_purchase_floors":[4,4,4],"current_hp_per_floor":[44,43,59,59,54,0],"gold":21,"neow_bonus":"TWO_FIFTY_GOLD","is_prod":false,"is_daily":false,"rewards_skipped":[],"chose_seed":false,"campfire_upgraded":0,"win_rate":0,"floor_exit_playtime":[85,136,146,241,311],"timestamp":1686082890,"path_taken":["M","M","?","$","M","E"],"build_version":"2022-12-18","purchased_purges":1,"victory":false,"max_hp_per_floor":[66,66,66,66,66,66],"relic_stats":{"counters":[4,17],"obtain_stats":[{"Orrery":4,"Ring of the Snake":0},{"Orrery":2,"Ring of the Snake":0},{"Orrery":9,"Ring of the Snake":0}],"Ring of the Snake":[8]},"card_choices":[{"not_picked":["Catalyst","Flechettes"],"picked":"Bouncing Flask","floor":1},{"not_picked":["Deadly Poison","PiercingWail","Flechettes"],"picked":"SKIP","floor":2},{"not_picked":["Underhanded Strike","Backstab"],"picked":"Grand Finale","floor":4},{"not_picked":["Prepared","Sucker Punch"],"picked":"Acrobatics","floor":4},{"not_picked":["Flying Knee","Dagger Spray"],"picked":"Calculated Gamble","floor":4},{"not_picked":["Escape Plan","Riddle With Holes"],"picked":"Underhanded Strike","floor":4},{"not_picked":["Deflect","Bane","Eviscerate"],"picked":"SKIP","floor":4},{"not_picked":["Flying Knee","Slice","Dodge and Roll"],"picked":"SKIP","floor":5}],"player_experience":1950184,"relics_obtained":[],"event_choices":[{"damage_healed":16,"gold_gain":0,"player_choice":"Healed","damage_taken":0,"max_hp_gain":0,"max_hp_loss":0,"event_name":"The Cleric","floor":3,"gold_loss":35}],"is_beta":false,"boss_relics":[],"items_purged_floors":[4],"is_endless":false,"potions_floor_spawned":[1],"killed_by":"Gremlin Nob","ascension_level":20,"potion_discard_per_floor":[[],[],[],[],[],[]]}