{"neow_bonuses_skipped_log":["THREE_ENEMY_KILL","TWENTY_PERCENT_HP_BONUS","BOSS_RELIC"],"neow_costs_skipped_log":["NONE","PERCENT_DAMAGE","NONE"],"potions_obtained_entropic_brew":[[],[],[],[],[],[],[],[],[],[],[],[],[],[],[],[]],"gold_per_floor":[116,136,148,32,47,47,61,61,112,112,146,75,103,123,123,123],"floor_reached":16,"playtime":878,"items_purged":["Defend_G"],"score":224,"play_id":"c71d199e-1e6d-4be4-9911-7594e3f0b36c","local_time":"20230626191603","score_breakdown":["Floors Climbed (16): 80","Enemies Slain (6): 12","Exordium Elites Killed (2): 20","Bosses Slain (0): 0","Ascension (20): 112"],"is_ascension_mode":true,"potions_obtained_alchemize":[[],[],[],[],[],[],[],[],[],[],[],[],[],[],[],[]],"campfire_choices":[{"data":"Blade Dance","floor":6,"key":"SMITH"},{"data":"Cloak And Dagger","floor":8,"key":"SMITH"},{"floor":10,"key":"REST"},{"data":"Well Laid Plans","floor":15,"key":"SMITH"}],"lesson_learned_per_floor":[[],[],[],[],[],[],[],[],[],[],[],[],[],[],[],[]],"neow_cost":"NONE","improvable_cards":{},"seed_source_timestamp":1004770104385800,"shop_contents":[{"floor":4,"relics":["Boot","Oddly Smooth Stone","Sling"],"cards":["Sucker Punch","Quick Slash","Corpse Explosion","Footwork","Enlightenment","Thinking Ahead"],"potions":["Swift Potion","Weak Potion","ColorlessPotion"]}],"circlet_count":0,"master_deck":["AscendersBane","Strike_G","Strike_G","Strike_G","Strike_G","Strike_G","Defend_G","Defend_G","Defend_G","Survivor","Neutralize","Backflip","Choke","Leg Sweep","Cloak And Dagger+1","Crippling Poison","Blade Dance+1","Well Laid Plans+1","Blade Dance","Deadly Poison"],"potion_use_per_floor":[[],[],[],[],[],[],[],[],[],[],["ColorlessPotion","Energy Potion"],[],["BlessingOfTheForge"],[],[],[]],"relics":["Ring of the Snake","Snake Skull","StrikeDummy","Bag of Marbles"],"potions_floor_usage":[11,11,13],"damage_taken":[{"damage":1,"enemies":"Cultist","floor":1,"turns":4},{"damage":0,"enemies":"2 Louse","floor":2,"turns":4},{"damage":0,"enemies":"Small Slimes","floor":3,"turns":4},{"damage":1,"enemies":"Blue Slaver","floor":5,"turns":7},{"damage":11,"enemies":"Red Slaver","floor":7,"turns":4},{"damage":33,"enemies":"Gremlin Nob","floor":11,"turns":4},{"damage":8,"enemies":"3 Sentries","floor":13,"turns":7},{"damage":0,"enemies":"Exordium Wildlife","floor":14,"turns":1},{"damage":26,"enemies":"Hexaghost","floor":16,"turns":9}],"seed_played":"2779639234980039240","neow_bonus_log":{"cardsObtained":["Backflip"],"cardsUpgraded":[],"cardsRemoved":[],"cardsTransformed":["Defend_G"],"relicsObtained":[],"maxHpGained":0,"goldGained":0,"damageTaken":0,"goldLost":0,"maxHpLost":0},"potions_obtained":[{"floor":1,"key":"Energy Potion"},{"floor":7,"key":"ColorlessPotion"},{"floor":11,"key":"BlessingOfTheForge"}],"is_trial":false,"path_per_floor":["M","M","M","$","M","R","M","R","T","R","E","?","E","M","R","B"],"character_chosen":"THE_SILENT","basemod:card_modifiers":[null,null,null,null,null,null,null,null,null,null,null,null,null,null,null,null,null,null,null,null],"items_purchased":["Crippling Poison"],"campfire_rested":1,"item_purchase_floors":[4],"current_hp_per_floor":[58,58,58,58,57,57,46,46,46,65,32,32,24,24,24,0],"gold":123,"neow_bonus":"TRANSFORM_CARD","is_prod":false,"is_daily":false,"rewards_skipped":[],"chose_seed":false,"campfire_upgraded":3,"win_rate":0,"floor_exit_playtime":[180,235,283,312,383,390,432,438,442,455,548,559,701,736,746],"timestamp":1687821363,"path_taken":["M","M","M","?","M","R","M","R","T","R","E","?","E","M","R","BOSS"],"build_version":"2022-12-18","purchased_purges":1,"victory":false,"max_hp_per_floor":[66,66,66,66,66,66,66,66,66,66,66,66,66,66,66,66],"relic_stats":{"counters":[9,44],"Snake Skull":[8],"obtain_stats":[{"Snake Skull":9,"Bag of Marbles":13,"StrikeDummy":11,"Ring of the Snake":0},{"Snake Skull":5,"Bag of Marbles":7,"StrikeDummy":6,"Ring of the Snake":0},{"Snake Skull":23,"Bag of Marbles":34,"StrikeDummy":27,"Ring of the Snake":0}],"Ring of the Snake":[18]},"card_choices":[{"not_picked":["Riddle With Holes","Prepared"],"picked":"Choke","floor":1},{"not_picked":["Outmaneuver","Quick Slash"],"picked":"Leg Sweep","floor":2},{"not_picked":["Flechettes","Sucker Punch"],"picked":"Cloak And Dagger","floor":3},{"not_picked":["Deflect","Infinite Blades"],"picked":"Blade Dance","floor":5},{"not_picked":["Acrobatics","Bane"],"picked":"Well Laid Plans","floor":7},{"not_picked":["Reflex","Choke","Blur"],"picked":"SKIP","floor":11},{"not_picked":["Prepared","Poisoned Stab"],"picked":"Blade Dance","floor":13},{"not_picked":["Well Laid Plans","Deflect"],"picked":"Deadly Poison","floor":14}],"player_experience":1964991,"relics_obtained":[{"floor":9,"key":"Snake Skull"},{"floor":11,"key":"StrikeDummy"},{"floor":13,"key":"Bag of Marbles"}],"event_choices":[{"damage_healed":0,"gold_gain":0,"player_choice":"Left Gold","damage_taken":0,"max_hp_gain":0,"max_hp_loss":0,"event_name":"World of Goop","floor":12,"gold_loss":71}],"is_beta":false,"boss_relics":[],"items_purged_floors":[4],"is_endless":false,"potions_floor_spawned":[1,7,11],"killed_by":"Hexaghost","ascension_level":20,"potion_discard_per_floor":[[],[],[],[],[],[],[],[],[],[],[],[],[],[],[],[]]}