{"neow_bonuses_skipped_log":["UPGRADE_CARD","RANDOM_COLORLESS_2","BOSS_RELIC"],"neow_costs_skipped_log":["NONE","CURSE","NONE"],"potions_obtained_entropic_brew":[[],[],[],[],[],[],[],[],[],[],[],[],[],[],[],[],[],[],[],[],[],[],[],[],[],[],[],[],[],[],[],[],[],[],[],[]],"gold_per_floor":[111,123,123,139,139,139,170,170,170,12,24,49,66,79,79,155,155,169,169,183,203,223,223,250,269,295,315,161,194,194,224,224,300,300,313,313],"floor_reached":36,"playtime":2893,"items_purged":["Strike_G","Normality"],"score":872,"play_id":"61974759-be56-43bf-8a0a-2cbd79557baf","local_time":"20230626200430","score_breakdown":["Floors Climbed (36): 180","Enemies Slain (13): 26","Exordium Elites Killed (2): 20","City Elites Killed (3): 60","Beyond Elites Killed (0): 0","Bosses Slain (2): 150","Ascension (20): 436"],"is_ascension_mode":true,"potions_obtained_alchemize":[[],[],[],[],[],[],[],[],[],[],[],[],[],[],[],[],[],[],[],[],[],[],[],[],[],[],[],[],[],[],[],[],[],[],[],[]],"campfire_choices":[{"floor":6,"key":"REST"},{"data":"Bouncing Flask","floor":8,"key":"SMITH"},{"data":"Well Laid Plans","floor":15,"key":"SMITH"},{"data":"Acrobatics","floor":23,"key":"SMITH"},{"data":"Strike_G","floor":30,"key":"PURGE"},{"floor":32,"key":"REST"}],"lesson_learned_per_floor":[[],[],[],[],[],[],[],[],[],[],[],[],[],[],[],[],[],[],[],[],[],[],[],[],[],[],[],[],[],[],[],[],[],[],[],[]],"neow_cost":"NONE","improvable_cards":{},"seed_source_timestamp":1005660320907800,"shop_contents":[{"floor":10,"relics":["Unceasing Top","Potion Belt","Lee\u0027s Waffle"],"cards":["All Out Attack","Dash","Crippling Poison","Doppelganger","Infinite Blades","Finesse","Chrysalis"],"potions":["DistilledChaos","ColorlessPotion"]},{"floor":28,"relics":["Bag of Marbles","Tiny Chest","HandDrill"],"cards":["Underhanded Strike","Bane","Outmaneuver","Deflect","Infinite Blades","Deep Breath","The Bomb"],"potions":["SneckoOil","LiquidBronze"]}],"circlet_count":0,"master_deck":["AscendersBane","Strike_G","Strike_G","Strike_G+1","Defend_G","Defend_G","Defend_G+1","Defend_G+1","Defend_G","Survivor","Neutralize+1","Bouncing Flask+1","Acrobatics+1","Masterful Stab+1","Well Laid Plans+1","Tactician","Footwork","Caltrops","Adrenaline","PiercingWail","Poisoned Stab+1","Backflip","Predator","Acrobatics","Backflip","Grand Finale","Tools of the Trade","Prepared"],"potion_use_per_floor":[[],[],[],[],[],[],["LiquidMemories"],[],[],[],[],["LiquidMemories"],[],[],[],["SpeedPotion"],[],[],[],[],[],["Regen Potion"],[],["DuplicationPotion"],[],[],[],[],[],[],["Block Potion"],[],[],[],[],["GhostInAJar"]],"relics":["Ring of the Snake","Oddly Smooth Stone","Ornamental Fan","Bottled Flame","War Paint","Cursed Key","Pocketwatch","Peace Pipe","HornCleat","Black Star"],"potions_floor_usage":[7,12,16,22,24,31,36],"damage_taken":[{"damage":6,"enemies":"Jaw Worm","floor":1,"turns":6},{"damage":2,"enemies":"Small Slimes","floor":2,"turns":3},{"damage":0,"enemies":"2 Louse","floor":4,"turns":3},{"damage":2,"enemies":"Lagavulin","floor":7,"turns":5},{"damage":0,"enemies":"2 Fungi Beasts","floor":11,"turns":2},{"damage":19,"enemies":"Gremlin Nob","floor":12,"turns":4},{"damage":0,"enemies":"3 Louse","floor":13,"turns":5},{"damage":0,"enemies":"Large Slime","floor":14,"turns":6},{"damage":11,"enemies":"The Guardian","floor":16,"turns":11},{"damage":0,"enemies":"3 Byrds","floor":18,"turns":4},{"damage":5,"enemies":"Chosen","floor":20,"turns":6},{"damage":22,"enemies":"Shelled Parasite and Fungi","floor":21,"turns":5},{"damage":0,"enemies":"Centurion and Healer","floor":22,"turns":7},{"damage":3,"enemies":"Slavers","floor":24,"turns":6},{"damage":4,"enemies":"3 Cultists","floor":25,"turns":7},{"damage":0,"enemies":"Sentry and Sphere","floor":27,"turns":4},{"damage":2,"enemies":"Gremlin Leader","floor":29,"turns":7},{"damage":21,"enemies":"Slavers","floor":31,"turns":8},{"damage":3,"enemies":"Automaton","floor":33,"turns":9},{"damage":1,"enemies":"Orb Walker","floor":35,"turns":4},{"damage":83,"enemies":"2 Orb Walkers","floor":36,"turns":6}],"seed_played":"1546121184111283988","neow_bonus_log":{"cardsObtained":[],"cardsUpgraded":[],"cardsRemoved":[],"cardsTransformed":[],"relicsObtained":["Oddly Smooth Stone"],"maxHpGained":0,"goldGained":0,"damageTaken":0,"goldLost":0,"maxHpLost":0},"potions_obtained":[{"floor":1,"key":"LiquidMemories"},{"floor":2,"key":"SpeedPotion"},{"floor":16,"key":"Explosive Potion"},{"floor":20,"key":"DuplicationPotion"},{"floor":21,"key":"Regen Potion"},{"floor":27,"key":"Ancient Potion"},{"floor":31,"key":"EssenceOfSteel"},{"floor":33,"key":"GhostInAJar"}],"is_trial":false,"path_per_floor":["M","M","?","M","?","R","E","R","T","$","M","E","M","M","R","B",null,"M","?","M","M","M","R","E","M","T","M","$","E","R","E","R","B",null,"M","?"],"character_chosen":"THE_SILENT","basemod:card_modifiers":[null,null,null,null,null,null,null,null,null,null,null,null,null,null,null,null,null,null,null,null,null,null,null,null,null,null,null,null],"items_purchased":["LiquidMemories","Block Potion"],"campfire_rested":2,"item_purchase_floors":[10,28],"current_hp_per_floor":[53,51,31,31,31,50,48,48,48,48,48,29,29,29,29,18,54,54,54,49,27,42,42,39,35,35,35,35,33,33,12,31,28,57,56,0],"gold":313,"neow_bonus":"RANDOM_COMMON_RELIC","is_prod":false,"is_daily":false,"rewards_skipped":[{"floor":29,"relics":[],"potions":["CunningPotion"]}],"chose_seed":false,"campfire_upgraded":3,"win_rate":0,"floor_exit_playtime":[85,118,122,172,190,202,256,262,282,313,349,455,622,709,726,939,972,1101,1131,1216,1349,1504,1511,1646,1801,1807,1887,1904,2098,2129,2285,2289,2593,2607,2724],"timestamp":1687824270,"blue_key_relic_skipped_log":{"floor":26,"relicID":"Happy Flower"},"path_taken":["M","M","?","M","?","R","E","R","T","$","M","E","M","M","R","BOSS","M","?","M","M","M","R","E","M","T","M","$","E","R","E","R","BOSS","M","?"],"build_version":"2022-12-18","purchased_purges":2,"victory":false,"max_hp_per_floor":[66,66,66,66,66,66,66,66,66,66,66,66,66,66,66,66,66,66,66,66,66,66,66,66,66,66,66,66,66,66,66,66,66,66,66,66],"relic_stats":{"Peace Pipe":1,"Bottled Flame":"Masterful Stab","counters":[21,118],"Ornamental Fan":[96],"Black Star":0,"War Paint":["Defend_G","Defend_G"],"Cursed Key":1,"obtain_stats":[{"Peace Pipe":29,"Bottled Flame":9,"HornCleat":31,"Ornamental Fan":7,"Oddly Smooth Stone":0,"Black Star":34,"War Paint":12,"Cursed Key":17,"Ring of the Snake":0,"Pocketwatch":24},{"Peace Pipe":17,"Bottled Flame":4,"HornCleat":18,"Ornamental Fan":4,"Oddly Smooth Stone":0,"Black Star":19,"War Paint":6,"Cursed Key":9,"Ring of the Snake":0,"Pocketwatch":14},{"Peace Pipe":91,"Bottled Flame":17,"HornCleat":99,"Ornamental Fan":17,"Oddly Smooth Stone":0,"Black Star":108,"War Paint":23,"Cursed Key":45,"Ring of the Snake":0,"Pocketwatch":73}],"Ring of the Snake":[42],"Pocketwatch":[21]},"card_choices":[{"not_picked":["Sucker Punch","Prepared"],"picked":"Bouncing Flask","floor":1},{"not_picked":["Bane","Riddle With Holes"],"picked":"Acrobatics","floor":2},{"not_picked":["Eviscerate","Acrobatics"],"picked":"Masterful Stab","floor":4},{"not_picked":["Flying Knee","Cloak And Dagger"],"picked":"Well Laid Plans","floor":7},{"not_picked":["Deflect","Reflex"],"picked":"Tactician","floor":11},{"not_picked":["Slice","Escape Plan"],"picked":"Footwork","floor":12},{"not_picked":["Cloak And Dagger","Dagger Spray"],"picked":"Caltrops","floor":13},{"not_picked":["Flying Knee","Bullet Time","Quick Slash"],"picked":"SKIP","floor":14},{"not_picked":["Burst","Night Terror"],"picked":"Adrenaline","floor":16},{"not_picked":["Poisoned Stab","Quick Slash"],"picked":"PiercingWail","floor":18},{"not_picked":["Deadly Poison","Underhanded Strike"],"picked":"Poisoned Stab+1","floor":20},{"not_picked":["Predator","Quick Slash"],"picked":"Backflip","floor":21},{"not_picked":["Finisher","Deadly Poison"],"picked":"Predator","floor":22},{"not_picked":["Concentrate","Flying Knee","Outmaneuver"],"picked":"SKIP","floor":24},{"not_picked":["Dagger Throw+1","Heel Hook","Endless Agony+1"],"picked":"SKIP","floor":25},{"not_picked":["Malaise","Flechettes"],"picked":"Acrobatics","floor":27},{"not_picked":["Deadly Poison","Slice"],"picked":"Backflip","floor":29},{"not_picked":["Sucker Punch+1","Bouncing Flask"],"picked":"Grand Finale","floor":31},{"not_picked":["Venomology","Phantasmal Killer"],"picked":"Tools of the Trade","floor":33},{"not_picked":["Distraction+1","Poisoned Stab"],"picked":"Prepared","floor":35}],"player_experience":1965869,"relics_obtained":[{"floor":7,"key":"Ornamental Fan"},{"floor":9,"key":"Bottled Flame"},{"floor":12,"key":"War Paint"},{"floor":24,"key":"Pocketwatch"},{"floor":29,"key":"Peace Pipe"},{"floor":31,"key":"HornCleat"}],"event_choices":[{"damage_healed":0,"gold_gain":0,"player_choice":"Entered Light","damage_taken":20,"max_hp_gain":0,"max_hp_loss":0,"event_name":"Shining Light","floor":3,"gold_loss":0,"cards_upgraded":["Strike_G","Neutralize"]},{"damage_healed":0,"gold_gain":0,"player_choice":"Grow","damage_taken":0,"max_hp_gain":0,"max_hp_loss":0,"event_name":"Living Wall","floor":5,"gold_loss":0,"cards_upgraded":["Masterful Stab"]},{"damage_healed":0,"gold_gain":0,"player_choice":"Ignored","damage_taken":0,"max_hp_gain":0,"max_hp_loss":0,"event_name":"Vampires","floor":19,"gold_loss":0},{"damage_healed":0,"gold_gain":0,"player_choice":"Fight","damage_taken":0,"max_hp_gain":0,"max_hp_loss":0,"event_name":"Mysterious Sphere","floor":36,"gold_loss":0}],"is_beta":false,"boss_relics":[{"not_picked":["Snecko Eye","Fusion Hammer"],"picked":"Cursed Key"},{"not_picked":["SlaversCollar","Calling Bell"],"picked":"Black Star"}],"items_purged_floors":[10,28],"is_endless":false,"potions_floor_spawned":[1,2,16,20,21,27,29,31,33],"killed_by":"2 Orb Walkers","ascension_level":20,"potion_discard_per_floor":[[],[],[],[],[],[],[],[],[],[],[],[],[],[],[],[],[],[],[],[],["Explosive Potion"],[],[],[],[],[],[],[],[],[],[],[],["EssenceOfSteel"],[],[],[]]}