{"neow_bonuses_skipped_log":["UPGRADE_CARD","HUNDRED_GOLD","BOSS_RELIC"],"neow_costs_skipped_log":["NONE","NONE","NONE"],"potions_obtained_entropic_brew":[[],[],[],[],[],[],[],[],[],[],[],[],[],[],[],[],[],[],[],[],[],[],[],[],[],[],[],[],[],[],[],[],[],[],[],[],[],[],[],[],[],[],[],[],[],[],[],[],[],[],[],[],[],[],[],[]],"gold_per_floor":[367,150,150,150,150,150,184,205,231,264,289,289,28,46,46,141,141,155,66,87,87,101,101,117,117,117,152,152,167,187,187,187,286,286,299,299,319,319,134,134,168,168,168,168,181,220,239,258,258,258,258,258,258,39,78,78],"floor_reached":56,"playtime":4092,"items_purged":["Defend_G","Strike_G","Strike_G","Strike_G"],"score":2020,"play_id":"8f81bb8a-6097-4293-8e44-02e80dfbea33","local_time":"20230626211257","score_breakdown":["Floors Climbed (56): 280","Enemies Slain (15): 30","Exordium Elites Killed (2): 20","City Elites Killed (1): 20","Beyond Elites Killed (2): 60","Bosses Slain (4): 500","Collector (1): 25","Librarian: 25","Champion (2): 50","Overkill: 25","Ascension (20): 985"],"is_ascension_mode":true,"potions_obtained_alchemize":[[],[],[],[],[],[],[],[],[],[],[],[],[],[],[],[],[],[],[],[],[],[],[],[],[],[],[],[],[],[],[],[],[],[],[],[],[],[],[],[],[],[],[],[],["Fire Potion"],["DistilledChaos"],["SteroidPotion"],["Dexterity Potion"],[],["DuplicationPotion"],["EssenceOfSteel"],[],[],[],["Ancient Potion"],["SteroidPotion"]],"campfire_choices":[{"data":"Noxious Fumes","floor":6,"key":"SMITH"},{"data":"Prepared","floor":12,"key":"SMITH"},{"data":"Crippling Poison","floor":15,"key":"SMITH"},{"data":"Wraith Form v2","floor":23,"key":"SMITH"},{"floor":25,"key":"REST"},{"floor":28,"key":"REST"},{"floor":32,"key":"REST"},{"data":"Catalyst","floor":40,"key":"SMITH"},{"data":"Doppelganger","floor":42,"key":"SMITH"},{"data":"Acrobatics","floor":44,"key":"SMITH"},{"floor":49,"key":"RECALL"},{"data":"Well Laid Plans","floor":53,"key":"SMITH"}],"lesson_learned_per_floor":[[],[],[],[],[],[],[],[],[],[],[],[],[],[],[],[],[],[],[],[],[],[],[],[],[],[],[],[],[],[],[],[],[],[],[],[],[],[],[],[],[],[],[],[],[],[],[],[],[],[],[],[],[],[],[],[]],"neow_cost":"PERCENT_DAMAGE","improvable_cards":{},"seed_source_timestamp":1008565939186400,"shop_contents":[{"floor":2,"relics":["Ancient Tea Set","Strawberry","Strange Spoon"],"cards":["Eviscerate","Reflex","Deflect","Infinite Blades","Madness","Metamorphosis"],"potions":["BlessingOfTheForge","EssenceOfSteel"]},{"floor":13,"relics":["Calipers","Tingsha"],"cards":["All Out Attack","Sucker Punch","PiercingWail","A Thousand Cuts","Dramatic Entrance","Transmutation"],"potions":["Poison Potion","CultistPotion","SkillPotion"]},{"floor":39,"relics":["CaptainsWheel","Boot"],"cards":["Predator","Underhanded Strike","Cloak And Dagger","Leg Sweep","Purity","Chrysalis"],"potions":["Swift Potion","Weak Potion","GamblersBrew"]},{"floor":54,"relics":["Kunai","Akabeko","Frozen Eye"],"cards":["Heel Hook","Flying Knee","Tools of the Trade","Swift Strike","Metamorphosis"],"potions":["Strength Potion"]}],"circlet_count":0,"master_deck":["AscendersBane","Defend_G","Defend_G","Defend_G+1","Defend_G","Survivor+1","Neutralize","Noxious Fumes+1","Dash","Dagger Throw","Acrobatics","Prepared+1","Catalyst+1","Crippling Poison+1","Wraith Form v2+1","Deadly Poison","Prepared+1","Dagger Spray+1","Acrobatics+1","Well Laid Plans+1","Grand Finale","Flying Knee","Bouncing Flask+1","Doppelganger+1","Thinking Ahead","PanicButton","Acrobatics","Acrobatics+1","PiercingWail","Well Laid Plans","Venomology","Reflex","Reflex","Catalyst","Concentrate"],"potion_use_per_floor":[[],[],[],[],[],[],["Fire Potion"],[],[],["Fire Potion"],[],[],[],[],[],[],[],[],[],["Poison Potion"],[],[],[],["Ancient Potion"],[],[],["Explosive Potion"],[],[],[],[],[],["DuplicationPotion"],[],[],[],[],[],[],[],[],[],[],[],["Swift Potion"],["Fire Potion"],[],[],[],["LiquidMemories"],["Swift Potion","EssenceOfSteel","GhostInAJar"],[],[],[],["SkillPotion"],["GamblersBrew","FairyPotion","DuplicationPotion"]],"relics":["Ring of the Snake","Golden Idol","Dream Catcher","MealTicket","Potion Belt","War Paint","Membership Card","Philosopher\u0027s Stone","Question Card","Bird Faced Urn","Orichalcum","Coffee Dripper","Orrery","Smiling Mask","Nunchaku","Bag of Preparation"],"potions_floor_usage":[7,10,20,24,27,33,45,46,50,51,51,51,55,56,56],"damage_taken":[{"damage":1,"enemies":"Small Slimes","floor":1,"turns":4},{"damage":15,"enemies":"Lagavulin","floor":7,"turns":7},{"damage":0,"enemies":"Jaw Worm","floor":8,"turns":4},{"damage":11,"enemies":"Gremlin Nob","floor":10,"turns":4},{"damage":0,"enemies":"Cultist","floor":11,"turns":3},{"damage":0,"enemies":"Blue Slaver","floor":14,"turns":4},{"damage":31,"enemies":"The Guardian","floor":16,"turns":10},{"damage":0,"enemies":"Spheric Guardian","floor":18,"turns":5},{"damage":6,"enemies":"3 Byrds","floor":20,"turns":5},{"damage":13,"enemies":"Snake Plant","floor":22,"turns":5},{"damage":2,"enemies":"Snecko","floor":24,"turns":5},{"damage":36,"enemies":"Slavers","floor":27,"turns":4},{"damage":8,"enemies":"Centurion and Healer","floor":29,"turns":7},{"damage":15,"enemies":"Cultist and Chosen","floor":30,"turns":5},{"damage":6,"enemies":"Automaton","floor":33,"turns":7},{"damage":4,"enemies":"3 Shapes","floor":35,"turns":5},{"damage":0,"enemies":"Orb Walker","floor":37,"turns":4},{"damage":0,"enemies":"Nemesis","floor":41,"turns":5},{"damage":2,"enemies":"Writhing Mass","floor":45,"turns":5},{"damage":0,"enemies":"Giant Head","floor":46,"turns":7},{"damage":0,"enemies":"Jaw Worm Horde","floor":47,"turns":3},{"damage":0,"enemies":"3 Darklings","floor":48,"turns":4},{"damage":21,"enemies":"Time Eater","floor":50,"turns":7},{"damage":21,"enemies":"Donu and Deca","floor":51,"turns":8},{"damage":17,"enemies":"Shield and Spear","floor":55,"turns":7},{"damage":110,"enemies":"The Heart","floor":56,"turns":6}],"green_key_taken_log":46,"seed_played":"9086987408085022472","neow_bonus_log":{"cardsObtained":[],"cardsUpgraded":[],"cardsRemoved":[],"cardsTransformed":[],"relicsObtained":[],"maxHpGained":0,"goldGained":250,"damageTaken":15,"goldLost":0,"maxHpLost":0},"potions_obtained":[{"floor":1,"key":"Fire Potion"},{"floor":8,"key":"GhostInAJar"},{"floor":11,"key":"DuplicationPotion"},{"floor":14,"key":"Poison Potion"},{"floor":20,"key":"Ancient Potion"},{"floor":21,"key":"Explosive Potion"},{"floor":27,"key":"ColorlessPotion"},{"floor":29,"key":"Swift Potion"},{"floor":37,"key":"GamblersBrew"},{"floor":41,"key":"LiquidMemories"},{"floor":48,"key":"Swift Potion"}],"is_trial":false,"path_per_floor":["M","$","?","?","T","R","E","M","T","E","M","R","$","M","R","B",null,"M","?","M","?","M","R","M","R","T","E","R","M","M","?","R","B",null,"M","?","M","?","$","R","E","R","T","R","M","E","M","M","R","B","B",null,"R","$","E","B"],"character_chosen":"THE_SILENT","basemod:card_modifiers":[null,null,null,null,null,null,null,null,null,null,null,null,null,null,null,null,null,null,null,null,null,null,null,null,null,null,null,null,null,null,null,null,null,null,null],"items_purchased":["Dash","Fire Potion","Membership Card","Catalyst","Orrery","Well Laid Plans","FairyPotion","Catalyst","Concentrate","SkillPotion"],"campfire_rested":3,"item_purchase_floors":[2,2,13,13,39,39,54,54,54,54],"current_hp_per_floor":[43,43,43,48,48,48,33,33,33,22,22,22,37,37,37,6,50,50,50,44,44,31,31,29,48,48,16,35,31,20,20,39,39,59,61,51,57,57,62,62,62,62,62,62,62,62,62,62,62,46,33,55,55,62,49,0],"gold":78,"neow_bonus":"TWO_FIFTY_GOLD","is_prod":false,"is_daily":false,"rewards_skipped":[{"floor":21,"relics":[],"potions":["SteroidPotion"]},{"floor":47,"relics":[],"potions":["Explosive Potion"]}],"chose_seed":false,"campfire_upgraded":8,"win_rate":0,"floor_exit_playtime":[84,109,112,118,123,147,215,252,268,316,346,355,381,418,425,562,579,635,639,752,763,817,828,918,932,936,1025,1035,1145,1356,1362,1386,1589,1615,1738,1781,1890,1896,1955,1967,2111,2121,2123,2136,2240,2453,2538,2688,2692,3058,3471,3483,3511,3530,3821],"timestamp":1687828377,"blue_key_relic_skipped_log":{"floor":43,"relicID":"Pear"},"path_taken":["M","$","?","?","?","R","E","M","T","E","M","R","$","M","R","BOSS","M","?","?","?","M","R","M","R","T","E","R","?","M","?","R","BOSS","M","?","M","?","?","R","E","R","T","R","M","E","?","M","R","BOSS","BOSS","R","$","E","BOSS"],"build_version":"2022-12-18","purchased_purges":4,"victory":false,"max_hp_per_floor":[66,66,60,65,65,65,65,65,65,65,65,65,65,65,65,65,65,65,65,65,65,65,65,65,65,65,65,65,65,65,65,65,65,65,65,65,65,62,62,62,62,62,62,62,62,62,62,62,62,62,62,62,62,62,62,62],"relic_stats":{"counters":[26,140],"Golden Idol":171,"Bag of Preparation":[2],"War Paint":["Survivor","Defend_G"],"Orichalcum":[306],"Question Card":26,"Smiling Mask":25,"Dream Catcher":3,"Nunchaku":[4],"Bird Faced Urn":[57],"MealTicket":27,"Membership Card":516,"obtain_stats":[{"Potion Belt":9,"Golden Idol":3,"Bag of Preparation":55,"War Paint":10,"Orichalcum":27,"Question Card":19,"Smiling Mask":41,"Dream Catcher":5,"Nunchaku":46,"Bird Faced Urn":26,"Orrery":39,"MealTicket":7,"Philosopher\u0027s Stone":17,"Coffee Dripper":34,"Membership Card":13,"Ring of the Snake":0},{"Potion Belt":3,"Golden Idol":1,"Bag of Preparation":25,"War Paint":4,"Orichalcum":12,"Question Card":8,"Smiling Mask":18,"Dream Catcher":1,"Nunchaku":20,"Bird Faced Urn":11,"Orrery":17,"MealTicket":2,"Philosopher\u0027s Stone":7,"Coffee Dripper":15,"Membership Card":5,"Ring of the Snake":0},{"Potion Belt":15,"Golden Idol":4,"Bag of Preparation":134,"War Paint":19,"Orichalcum":60,"Question Card":41,"Smiling Mask":93,"Dream Catcher":4,"Nunchaku":105,"Bird Faced Urn":56,"Orrery":88,"MealTicket":11,"Philosopher\u0027s Stone":36,"Coffee Dripper":79,"Membership Card":22,"Ring of the Snake":0}],"Ring of the Snake":[52]},"card_choices":[{"not_picked":["Setup","Slice"],"picked":"Noxious Fumes","floor":1},{"not_picked":["Sucker Punch","Outmaneuver"],"picked":"Dagger Throw","floor":7},{"not_picked":["Sucker Punch","Dodge and Roll"],"picked":"Acrobatics","floor":8},{"not_picked":["Flying Knee","Infinite Blades","Flechettes"],"picked":"SKIP","floor":10},{"not_picked":["Acrobatics","Flying Knee"],"picked":"Prepared","floor":11},{"not_picked":["Poisoned Stab","Acrobatics"],"picked":"Crippling Poison","floor":14},{"not_picked":["Malaise","Adrenaline"],"picked":"Wraith Form v2","floor":16},{"not_picked":["Poisoned Stab","Dagger Throw"],"picked":"Deadly Poison","floor":18},{"not_picked":["Noxious Fumes","Dodge and Roll","Flying Knee","Bullet Time"],"picked":"SKIP","floor":20},{"not_picked":["Skewer","All Out Attack","Cloak And Dagger"],"picked":"Prepared+1","floor":22},{"not_picked":["Finisher","Setup","Phantasmal Killer"],"picked":"Dagger Spray+1","floor":24},{"not_picked":["Masterful Stab","Prepared","PiercingWail"],"picked":"Acrobatics","floor":27},{"not_picked":["Slice","Predator","Quick Slash"],"picked":"Well Laid Plans","floor":29},{"not_picked":["Sucker Punch","Prepared","Quick Slash","Infinite Blades"],"picked":"SKIP","floor":30},{"not_picked":["Reflex","Crippling Poison","Backflip+1"],"picked":"Bouncing Flask+1","floor":32},{"not_picked":["Tools of the Trade","Die Die Die","Unload"],"picked":"Doppelganger","floor":33},{"not_picked":["Deflect","Dagger Spray","Backflip","Outmaneuver"],"picked":"SKIP","floor":35},{"not_picked":["HandOfGreed","Sadistic Nature","PanicButton"],"picked":"Thinking Ahead","floor":36},{"not_picked":["Jack Of All Trades","Discovery","HandOfGreed"],"picked":"PanicButton","floor":36},{"not_picked":["Swift Strike","Dramatic Entrance","Mind Blast","Madness"],"picked":"SKIP","floor":36},{"not_picked":["Cloak And Dagger+1","Backstab","Infinite Blades"],"picked":"Acrobatics","floor":37},{"not_picked":["Backflip+1","Masterful Stab","Outmaneuver+1"],"picked":"Acrobatics+1","floor":39},{"not_picked":["Dagger Spray","Flying Knee","Deflect"],"picked":"PiercingWail","floor":39},{"not_picked":["Caltrops","Distraction","Setup","Deflect"],"picked":"SKIP","floor":39},{"not_picked":["Terror+1","Deadly Poison","Escape Plan","Cloak And Dagger"],"picked":"SKIP","floor":39},{"not_picked":["Flying Knee","Endless Agony+1","Dagger Spray","PiercingWail"],"picked":"SKIP","floor":39},{"not_picked":["Dodge and Roll","Heel Hook+1","Dagger Spray"],"picked":"Venomology","floor":41},{"not_picked":["Choke+1","Backflip+1","Deflect"],"picked":"Reflex","floor":45},{"not_picked":["Acrobatics","Blur","Masterful Stab+1","Escape Plan"],"picked":"SKIP","floor":46},{"not_picked":["Slice+1","Backflip","Dagger Spray","Deflect"],"picked":"SKIP","floor":47},{"not_picked":["Quick Slash","Concentrate","Eviscerate"],"picked":"Reflex","floor":48},{"not_picked":["Slice+1","Outmaneuver","Footwork","Distraction+1"],"picked":"SKIP","floor":55}],"player_experience":1968762,"relics_obtained":[{"floor":5,"key":"Dream Catcher"},{"floor":7,"key":"MealTicket"},{"floor":9,"key":"Potion Belt"},{"floor":10,"key":"War Paint"},{"floor":26,"key":"Bird Faced Urn"},{"floor":27,"key":"Orichalcum"},{"floor":41,"key":"Smiling Mask"},{"floor":46,"key":"Nunchaku"},{"floor":55,"key":"Bag of Preparation"}],"event_choices":[{"damage_healed":0,"gold_gain":0,"player_choice":"Lose Max HP","damage_taken":0,"relics_obtained":["Golden Idol"],"max_hp_gain":0,"max_hp_loss":6,"event_name":"Golden Idol","floor":3,"gold_loss":0},{"damage_healed":0,"gold_gain":0,"player_choice":"Donut","damage_taken":0,"max_hp_gain":5,"max_hp_loss":0,"event_name":"Big Fish","floor":4,"gold_loss":0},{"damage_healed":0,"gold_gain":0,"player_choice":"Paid Gold","damage_taken":0,"relics_obtained":["Question Card"],"max_hp_gain":0,"max_hp_loss":0,"event_name":"WeMeetAgain","floor":19,"gold_loss":89},{"damage_healed":0,"gold_gain":0,"player_choice":"Got Potions","damage_taken":0,"max_hp_gain":0,"max_hp_loss":0,"event_name":"Lab","floor":21,"gold_loss":0},{"damage_healed":0,"gold_gain":0,"cards_transformed":["Strike_G","Strike_G"],"player_choice":"Became Test Subject","damage_taken":0,"max_hp_gain":0,"max_hp_loss":0,"event_name":"Drug Dealer","floor":31,"gold_loss":0,"cards_obtained":["Grand Finale","Flying Knee"]},{"damage_healed":0,"gold_gain":0,"player_choice":"Memory 3","damage_taken":10,"max_hp_gain":0,"max_hp_loss":0,"event_name":"SensoryStone","floor":36,"gold_loss":0},{"damage_healed":0,"gold_gain":0,"player_choice":"Max HP","damage_taken":0,"max_hp_gain":0,"max_hp_loss":3,"event_name":"Winding Halls","floor":38,"gold_loss":0}],"is_beta":false,"boss_relics":[{"not_picked":["Black Star","Empty Cage"],"picked":"Philosopher\u0027s Stone"},{"not_picked":["WristBlade","Ring of the Serpent"],"picked":"Coffee Dripper"}],"items_purged_floors":[2,13,39,54],"is_endless":false,"potions_floor_spawned":[1,8,11,14,20,27,29,37,41,47,48],"killed_by":"The Heart","ascension_level":20,"potion_discard_per_floor":[[],[],[],[],[],[],[],[],[],[],[],[],[],[],[],[],[],[],[],[],[],[],[],[],[],[],[],[],[],[],[],[],[],[],[],[],[],[],[],[],["ColorlessPotion"],[],[],[],[],[],["DistilledChaos"],["SteroidPotion","Dexterity Potion"],[],[],[],[],[],[],[],[]]}