{"neow_bonuses_skipped_log":["RANDOM_COLORLESS","ONE_RARE_RELIC","BOSS_RELIC"],"potions_obtained_entropic_brew":[[],[],[],[],[],[],[],[],[],[],[],[],["EssenceOfSteel","CunningPotion"],[],[],[],[],[],[],[],[],["Energy Potion","FearPotion"],[],[],[],[],[],[],[],[]],"neow_costs_skipped_log":["NONE","PERCENT_DAMAGE","NONE"],"gold_per_floor":[118,14,89,101,101,127,139,39,39,39,70,85,119,138,138,215,215,233,233,251,251,270,270,297,315,315,340,352,352,352],"floor_reached":30,"playtime":1344,"items_purged":["Defend_G","Strike_G"],"score":655,"play_id":"cc3dade6-ee83-482c-a066-c1a840aacbd4","local_time":"20230702092400","score_breakdown":["Floors Climbed (30): 150","Enemies Slain (10): 20","Exordium Elites Killed (3): 30","City Elites Killed (2): 40","Bosses Slain (1): 50","Collector (1): 25","Champion (1): 25","Ascension (20): 315"],"is_ascension_mode":true,"potions_obtained_alchemize":[[],[],[],[],[],[],[],[],[],[],[],[],[],[],[],[],[],[],[],[],[],[],[],[],[],[],[],[],[],[]],"campfire_choices":[{"floor":10,"key":"REST"},{"data":"Noxious Fumes","floor":15,"key":"SMITH"},{"data":"Acrobatics","floor":23,"key":"SMITH"}],"lesson_learned_per_floor":[[],[],[],[],[],[],[],[],[],[],[],[],[],[],[],[],[],[],[],[],[],[],[],[],[],[],[],[],[],[]],"neow_cost":"NONE","improvable_cards":{},"seed_source_timestamp":1487178332061100,"shop_contents":[{"floor":2,"relics":["Tiny Chest","Tough Bandages","Chemical X"],"cards":["Flechettes","PiercingWail","Outmaneuver","Caltrops","Madness","Transmutation"],"potions":["EssenceOfSteel","SneckoOil","Ancient Potion"]},{"floor":8,"relics":["Nunchaku","Prayer Wheel","Toolbox"],"cards":["Flying Knee","Flechettes","Blur","Deflect","Wraith Form v2","PanicButton","Chrysalis"],"potions":["DuplicationPotion","Poison Potion","Strength Potion"]}],"circlet_count":0,"master_deck":["AscendersBane","Defend_G","Defend_G+1","Defend_G","Defend_G","Survivor","Neutralize","Bouncing Flask","Poisoned Stab","Noxious Fumes+1","Predator","Dash","Acrobatics+1","Blade Dance","Slice","Flechettes","Tools of the Trade+1","Bite","Bite","Bite","Bite","Bite","Tactician","Concentrate+1","Leg Sweep","Prepared","Malaise"],"potion_use_per_floor":[[],[],[],[],[],[],[],[],[],[],["DistilledChaos"],[],["EntropicBrew","CunningPotion"],[],[],["SkillPotion"],[],[],[],[],[],["Energy Potion","EntropicBrew","Energy Potion"],[],["FearPotion"],[],[],["EssenceOfSteel","Energy Potion"],[],[],[]],"relics":["Ring of the Snake","NeowsBlessing","Gremlin Horn","Centennial Puzzle","Frozen Egg 2","Letter Opener","Cursed Key","Bag of Preparation","Happy Flower","MutagenicStrength"],"potions_floor_usage":[11,13,13,16,22,22,22,24,27,27],"damage_taken":[{"damage":0,"enemies":"Small Slimes","floor":1,"turns":1},{"damage":0,"enemies":"Jaw Worm","floor":4,"turns":1},{"damage":0,"enemies":"3 Sentries","floor":6,"turns":1},{"damage":3,"enemies":"2 Louse","floor":7,"turns":3},{"damage":8,"enemies":"Gremlin Nob","floor":11,"turns":3},{"damage":3,"enemies":"Looter","floor":12,"turns":3},{"damage":7,"enemies":"3 Sentries","floor":13,"turns":7},{"damage":1,"enemies":"3 Louse","floor":14,"turns":2},{"damage":10,"enemies":"Slime Boss","floor":16,"turns":7},{"damage":2,"enemies":"Chosen","floor":18,"turns":4},{"damage":32,"enemies":"Shell Parasite","floor":20,"turns":5},{"damage":26,"enemies":"Snake Plant","floor":22,"turns":5},{"damage":10,"enemies":"Gremlin Leader","floor":24,"turns":5},{"damage":13,"enemies":"Snecko","floor":25,"turns":4},{"damage":28,"enemies":"Slavers","floor":27,"turns":7},{"damage":10,"enemies":"3 Cultists","floor":28,"turns":4},{"damage":16,"enemies":"Book of Stabbing","floor":30,"turns":5}],"green_key_taken_log":6,"seed_played":"1123320683719530433","neow_bonus_log":{"cardsObtained":[],"cardsUpgraded":[],"cardsRemoved":[],"cardsTransformed":[],"relicsObtained":["NeowsBlessing"],"maxHpGained":0,"goldGained":0,"damageTaken":0,"goldLost":0,"maxHpLost":0},"potions_obtained":[{"floor":4,"key":"EntropicBrew"},{"floor":7,"key":"DistilledChaos"},{"floor":13,"key":"SkillPotion"},{"floor":14,"key":"Energy Potion"},{"floor":18,"key":"EntropicBrew"},{"floor":24,"key":"Energy Potion"},{"floor":25,"key":"EssenceOfSteel"},{"floor":27,"key":"SpeedPotion"}],"is_trial":false,"path_per_floor":["M","$","?","M","?","E","M","$","T","R","E","M","E","M","R","B",null,"M","?","M","?","M","R","E","M","T","E","M","?","E"],"character_chosen":"THE_SILENT","basemod:card_modifiers":[null,null,null,null,null,null,null,null,null,null,null,null,null,null,null,null,null,null,null,null,null,null,null,null,null,null,null],"items_purchased":["Poisoned Stab"],"campfire_rested":1,"item_purchase_floors":[2],"current_hp_per_floor":[59,59,48,48,28,28,25,25,25,44,36,33,26,25,25,15,53,51,46,24,24,20,20,22,19,19,7,7,7,0],"gold":352,"neow_bonus":"THREE_ENEMY_KILL","is_prod":false,"is_daily":false,"rewards_skipped":[],"chose_seed":false,"campfire_upgraded":2,"win_rate":0,"floor_exit_playtime":[19,37,40,48,50,64,105,119,121,125,172,220,305,358,368,472,489,539,548,749,754,834,844,949,1001,1007,1157,1240,1247],"timestamp":1688304240,"path_taken":["M","$","?","M","?","E","M","?","T","R","E","M","E","M","R","BOSS","M","?","M","?","M","R","E","M","T","E","M","?","E"],"build_version":"2022-12-18","purchased_purges":2,"victory":false,"max_hp_per_floor":[66,66,66,66,66,66,66,66,66,66,66,66,66,66,66,66,66,66,46,46,46,46,46,46,46,46,46,46,46,46],"relic_stats":{"Centennial Puzzle":[39],"Gremlin Horn":[13,13],"Happy Flower":[3],"counters":[17,67],"Bag of Preparation":[8],"Letter Opener":[100],"Cursed Key":0,"obtain_stats":[{"Centennial Puzzle":9,"NeowsBlessing":0,"Gremlin Horn":6,"Happy Flower":27,"MutagenicStrength":29,"Bag of Preparation":24,"Letter Opener":13,"Frozen Egg 2":11,"Cursed Key":17,"Ring of the Snake":0},{"Centennial Puzzle":4,"NeowsBlessing":0,"Gremlin Horn":3,"Happy Flower":15,"MutagenicStrength":16,"Bag of Preparation":13,"Letter Opener":7,"Frozen Egg 2":5,"Cursed Key":9,"Ring of the Snake":0},{"Centennial Puzzle":6,"NeowsBlessing":0,"Gremlin Horn":3,"Happy Flower":58,"MutagenicStrength":62,"Bag of Preparation":47,"Letter Opener":19,"Frozen Egg 2":9,"Cursed Key":28,"Ring of the Snake":0}],"Ring of the Snake":[34]},"card_choices":[{"not_picked":["Dodge and Roll","Footwork"],"picked":"Bouncing Flask","floor":1},{"not_picked":["PiercingWail","Dodge and Roll"],"picked":"Noxious Fumes","floor":4},{"not_picked":["Backflip","Concentrate"],"picked":"Predator","floor":6},{"not_picked":["Underhanded Strike","Crippling Poison"],"picked":"Dash","floor":7},{"not_picked":["Reflex","Cloak And Dagger"],"picked":"Acrobatics","floor":11},{"not_picked":["PiercingWail","Predator"],"picked":"Blade Dance","floor":12},{"not_picked":["Quick Slash","Flying Knee"],"picked":"Slice","floor":13},{"not_picked":["Choke","Acrobatics"],"picked":"Flechettes","floor":14},{"not_picked":["Glass Knife","Doppelganger"],"picked":"Tools of the Trade+1","floor":16},{"not_picked":["Infinite Blades+1","Finisher","Cloak And Dagger"],"picked":"SKIP","floor":18},{"not_picked":["Heel Hook","Slice"],"picked":"Tactician","floor":20},{"not_picked":["Dagger Spray","Quick Slash"],"picked":"Concentrate+1","floor":22},{"not_picked":["Choke","Bane"],"picked":"Leg Sweep","floor":24},{"not_picked":["Quick Slash","Masterful Stab+1"],"picked":"Prepared","floor":25},{"not_picked":["Quick Slash","Sucker Punch"],"picked":"Malaise","floor":27},{"not_picked":["Outmaneuver","Setup","Dagger Throw"],"picked":"SKIP","floor":28}],"player_experience":1972854,"relics_obtained":[{"floor":6,"key":"Gremlin Horn"},{"floor":9,"key":"Centennial Puzzle"},{"floor":11,"key":"Frozen Egg 2"},{"floor":13,"key":"Letter Opener"},{"floor":24,"key":"Bag of Preparation"},{"floor":27,"key":"Happy Flower"}],"event_choices":[{"damage_healed":0,"gold_gain":75,"player_choice":"Gather Gold","damage_taken":11,"max_hp_gain":0,"max_hp_loss":0,"event_name":"World of Goop","floor":3,"gold_loss":0},{"damage_healed":0,"gold_gain":0,"player_choice":"Entered Light","damage_taken":20,"max_hp_gain":0,"max_hp_loss":0,"event_name":"Shining Light","floor":5,"gold_loss":0,"cards_upgraded":["Defend_G","Strike_G"]},{"damage_healed":0,"gold_gain":0,"player_choice":"Became a vampire","damage_taken":0,"max_hp_gain":0,"max_hp_loss":20,"event_name":"Vampires","floor":19,"gold_loss":0,"cards_obtained":["Bite","Bite","Bite","Bite","Bite"]},{"damage_healed":0,"gold_gain":0,"player_choice":"Ignored","damage_taken":0,"max_hp_gain":0,"max_hp_loss":0,"event_name":"Ghosts","floor":21,"gold_loss":0},{"damage_healed":0,"gold_gain":0,"player_choice":"Inject Mutagens","damage_taken":0,"relics_obtained":["MutagenicStrength"],"max_hp_gain":0,"max_hp_loss":0,"event_name":"Drug Dealer","floor":29,"gold_loss":0}],"is_beta":false,"boss_relics":[{"not_picked":["Snecko Eye","Philosopher\u0027s Stone"],"picked":"Cursed Key"}],"items_purged_floors":[2,8],"is_endless":false,"potions_floor_spawned":[4,7,13,14,18,24,25,27],"killed_by":"Book of Stabbing","ascension_level":20,"potion_discard_per_floor":[[],[],[],[],[],[],[],[],[],[],[],[],[],["EssenceOfSteel"],[],[],[],[],[],[],[],[],[],[],[],[],[],[],[],[]]}