{"neow_bonuses_skipped_log":["TRANSFORM_CARD","TEN_PERCENT_HP_BONUS","BOSS_RELIC"],"potions_obtained_entropic_brew":[[],[],[],[],[],[],["LiquidBronze","LiquidMemories"],[],[],[],[],[],[],[],[],[],[],[],[],[],[],[],[],[],[],[],[],[],[],[],[],[],[],[],[]],"neow_costs_skipped_log":["NONE","NONE","NONE"],"gold_per_floor":[364,378,141,158,171,171,203,203,203,219,219,219,237,270,270,361,361,376,150,65,65,89,89,89,109,109,109,123,162,162,181,181,277,277,277],"floor_reached":35,"playtime":2131,"items_purged":["Regret","Strike_G"],"score":824,"play_id":"5bcbe082-d05b-4299-92fa-c25c7353e000","local_time":"20230912003404","score_breakdown":["Floors Climbed (35): 175","Enemies Slain (11): 22","Exordium Elites Killed (2): 20","City Elites Killed (1): 20","Beyond Elites Killed (0): 0","Bosses Slain (2): 150","Overkill: 25","Ascension (20): 412"],"is_ascension_mode":true,"potions_obtained_alchemize":[[],[],[],[],[],[],[],[],[],[],[],[],[],[],[],[],[],[],[],[],[],[],[],[],["Block Potion"],[],[],["Block Potion"],["Fire Potion"],[],["AttackPotion"],[],["Fire Potion"],[],[]],"campfire_choices":[{"data":"Footwork","floor":6.0,"key":"SMITH"},{"data":"Well Laid Plans","floor":8.0,"key":"SMITH"},{"floor":11,"key":"REST"},{"data":"Bouncing Flask","floor":15,"key":"SMITH"},{"data":"Wraith Form v2","floor":23,"key":"SMITH"},{"data":"Noxious Fumes","floor":27,"key":"SMITH"},{"data":"Catalyst","floor":32,"key":"SMITH"}],"lesson_learned_per_floor":[[],[],[],[],[],[],[],[],[],[],[],[],[],[],[],[],[],[],[],[],[],[],[],[],[],[],[],[],[],[],[],[],[],[],[]],"neow_cost":"CURSE","improvable_cards":{},"seed_source_timestamp":247697266630700,"shop_contents":[{"floor":3,"relics":["Snake Skull","Dream Catcher"],"cards":["Underhanded Strike","Die Die Die","Crippling Poison","Concentrate","Infinite Blades","Purity","Magnetism"],"potions":["Dexterity Potion","Explosive Potion","DistilledChaos"]},{"floor":19,"relics":["War Paint","Nunchaku","Medical Kit"],"cards":["Flying Knee","Heel Hook","Dodge and Roll","Finesse","HandOfGreed"],"potions":["Dexterity Potion","Strength Potion","Energy Potion"]}],"circlet_count":0,"master_deck":["AscendersBane","Strike_G","Defend_G","Defend_G","Defend_G","Defend_G","Defend_G","Survivor","Neutralize","Well Laid Plans+1","All Out Attack","Dash","Slice","Crippling Poison","Acrobatics","Footwork+1","Bouncing Flask+1","Leg Sweep","Wraith Form v2+1","Noxious Fumes+1","Backflip","Finisher","Bane","Venomology","Calculated Gamble","Glass Knife","Catalyst+1","Blur+1","Burst"],"special_seed":0,"potion_use_per_floor":[[],[],[],[],["Regen Potion"],[],["EntropicBrew","LiquidMemories"],[],[],[],[],[],[],[],[],[],[],[],[],[],[],["DuplicationPotion"],[],[],[],[],[],["SteroidPotion"],["Block Potion"],[],["Block Potion"],[],[],[],["AttackPotion"]],"relics":["Ring of the Snake","Orrery","Blood Vial","Akabeko","Golden Idol","Sundial","Philosopher\u0027s Stone","Toy Ornithopter","Question Card","Regal Pillow","Coffee Dripper"],"potions_floor_usage":[22,28,29,31,35],"damage_taken":[{"damage":10.0,"enemies":"Cultist","floor":1.0,"turns":4.0},{"damage":9.0,"enemies":"Small Slimes","floor":2.0,"turns":7.0},{"damage":0.0,"enemies":"Jaw Worm","floor":4.0,"turns":4.0},{"damage":2.0,"enemies":"3 Louse","floor":5.0,"turns":6.0},{"damage":32.0,"enemies":"Gremlin Nob","floor":7.0,"turns":6.0},{"damage":3,"enemies":"Looter","floor":10,"turns":4},{"damage":3,"enemies":"Large Slime","floor":13,"turns":4},{"damage":19,"enemies":"3 Sentries","floor":14,"turns":9},{"damage":1,"enemies":"The Guardian","floor":16,"turns":10},{"damage":10,"enemies":"Spheric Guardian","floor":18,"turns":6},{"damage":7,"enemies":"3 Byrds","floor":22,"turns":5},{"damage":3,"enemies":"Snake Plant","floor":25,"turns":7},{"damage":4,"enemies":"Centurion and Healer","floor":28,"turns":7},{"damage":13,"enemies":"Book of Stabbing","floor":29,"turns":6},{"damage":3,"enemies":"Cultist and Chosen","floor":31,"turns":6},{"damage":8,"enemies":"Champ","floor":33,"turns":10},{"damage":0,"enemies":"3 Darklings","floor":35,"turns":2}],"seed_played":"7015294436689244973","neow_bonus_log":{"cardsObtained":["Regret"],"cardsUpgraded":[],"cardsRemoved":[],"cardsTransformed":[],"relicsObtained":[],"maxHpGained":0,"goldGained":250,"damageTaken":0,"goldLost":0,"maxHpLost":0},"potions_obtained":[{"floor":2.0,"key":"Regen Potion"},{"floor":4.0,"key":"EntropicBrew"},{"floor":7.0,"key":"Ancient Potion"},{"floor":14,"key":"DuplicationPotion"},{"floor":25,"key":"SteroidPotion"}],"is_trial":false,"path_per_floor":["M","M","$","M","M","R","E","R","T","M","R","?","M","E","R","B",null,"M","$","?","?","M","R","?","M","T","R","M","E","?","M","R","B",null,"M"],"character_chosen":"THE_SILENT","basemod:card_modifiers":[null,null,null,null,null,null,null,null,null,null,null,null,null,null,null,null,null,null,null,null,null,null,null,null,null,null,null,null,null],"items_purchased":["Orrery","Noxious Fumes","Backflip"],"campfire_rested":1,"item_purchase_floors":[3,19,19],"current_hp_per_floor":[49,40,40,40,53,53,21,21,21,20,39,39,38,21,21,22,51,43,43,43,43,43,43,43,42,42,42,45,39,39,43,43,37,54,60],"gold":277,"neow_bonus":"TWO_FIFTY_GOLD","is_prod":false,"is_daily":false,"rewards_skipped":[{"floor":13,"relics":[],"potions":["Dexterity Potion"]},{"floor":18,"relics":[],"potions":["SkillPotion"]},{"floor":29,"relics":[],"potions":["SpeedPotion"]}],"chose_seed":false,"campfire_upgraded":6,"win_rate":0,"floor_exit_playtime":[48,114,272,322,417,433,522,544,548,598,606,610,714,902,908,1039,1050,1146,1193,1197,1205,1356,1365,1372,1461,1463,1471,1582,1699,1707,1808,1816,1993,2045],"timestamp":1694493244,"path_taken":["M","?","$","M","M","R","E","R","T","M","R","?","M","E","R","BOSS","M","$","?","?","M","R","?","M","T","R","M","E","?","M","R","BOSS","M"],"build_version":"2022-12-18","purchased_purges":2,"victory":false,"max_hp_per_floor":[66,66,66,66,66,66,66,66,66,66,66,60,60,60,60,60,60,60,60,60,60,60,60,60,60,60,60,60,60,60,60,60,60,60,60],"relic_stats":{"Blood Vial":24,"Regal Pillow":0,"counters":[17,103],"Golden Idol":75,"Sundial":[6],"Question Card":4,"obtain_stats":[{"Blood Vial":7,"Regal Pillow":29,"Golden Idol":12,"Sundial":14,"Orrery":3,"Philosopher\u0027s Stone":17,"Coffee Dripper":34,"Question Card":26,"Akabeko":9,"Toy Ornithopter":20,"Ring of the Snake":0},{"Blood Vial":5,"Regal Pillow":14,"Golden Idol":6,"Sundial":8,"Orrery":2,"Philosopher\u0027s Stone":9,"Coffee Dripper":16,"Question Card":12,"Akabeko":5,"Toy Ornithopter":10,"Ring of the Snake":0},{"Blood Vial":27,"Regal Pillow":85,"Golden Idol":31,"Sundial":44,"Orrery":11,"Philosopher\u0027s Stone":54,"Coffee Dripper":101,"Question Card":72,"Akabeko":27,"Toy Ornithopter":60,"Ring of the Snake":0}],"Toy Ornithopter":24,"Ring of the Snake":[34]},"card_choices":[{"not_picked":["Quick Slash","Deflect"],"picked":"Well Laid Plans","floor":1.0},{"not_picked":["Backflip","Dodge and Roll"],"picked":"All Out Attack","floor":2.0},{"not_picked":["Deadly Poison","Backstab"],"picked":"Dash","floor":3.0},{"not_picked":["Expertise","Skewer"],"picked":"Slice","floor":3.0},{"not_picked":["Slice","Flying Knee"],"picked":"Crippling Poison","floor":3.0},{"not_picked":["Flying Knee","Reflex","Night Terror"],"picked":"SKIP","floor":3.0},{"not_picked":["Cloak And Dagger","Quick Slash","Escape Plan"],"picked":"SKIP","floor":3.0},{"not_picked":["Bane","Poisoned Stab"],"picked":"Acrobatics","floor":4.0},{"not_picked":["Deadly Poison","Outmaneuver"],"picked":"Footwork","floor":5.0},{"not_picked":["Calculated Gamble","Burst"],"picked":"Bouncing Flask","floor":7.0},{"not_picked":["PiercingWail","Dodge and Roll","Acrobatics"],"picked":"SKIP","floor":10},{"not_picked":["Backstab","Deflect"],"picked":"Leg Sweep","floor":13},{"not_picked":["Distraction","Outmaneuver","Quick Slash"],"picked":"SKIP","floor":14},{"not_picked":["Glass Knife","Burst"],"picked":"Wraith Form v2","floor":16},{"not_picked":["Deadly Poison","Outmaneuver","Underhanded Strike"],"picked":"SKIP","floor":18},{"not_picked":["Poisoned Stab","Bane"],"picked":"Venomology","floor":22},{"not_picked":["Acrobatics","Dagger Spray"],"picked":"Calculated Gamble","floor":25},{"not_picked":["Bouncing Flask","Prepared","Underhanded Strike","Flechettes"],"picked":"SKIP","floor":28},{"not_picked":["Flying Knee","Calculated Gamble","Caltrops"],"picked":"Glass Knife","floor":29},{"not_picked":["Setup","Flechettes","Bouncing Flask","Quick Slash","Deadly Poison","Backflip","Deflect","Outmaneuver","PiercingWail","Underhanded Strike","Dagger Throw","Sucker Punch","Eviscerate","Caltrops","Slice","Infinite Blades","Prepared","Crippling Poison","Dodge and Roll"],"picked":"Catalyst","floor":30},{"not_picked":["Distraction","Cloak And Dagger","Prepared"],"picked":"Blur+1","floor":31},{"not_picked":["Grand Finale","Bullet Time","Corpse Explosion"],"picked":"Burst","floor":33}],"player_experience":1979420,"relics_obtained":[{"floor":7.0,"key":"Blood Vial"},{"floor":9.0,"key":"Akabeko"},{"floor":14,"key":"Sundial"},{"floor":26,"key":"Question Card"},{"floor":29,"key":"Regal Pillow"}],"event_choices":[{"damage_healed":0,"gold_gain":0,"player_choice":"Lose Max HP","damage_taken":0,"relics_obtained":["Golden Idol"],"max_hp_gain":0,"max_hp_loss":6,"event_name":"Golden Idol","floor":12,"gold_loss":0},{"damage_healed":0,"gold_gain":0,"player_choice":"Obtained Relic","damage_taken":0,"relics_obtained":["Toy Ornithopter"],"max_hp_gain":0,"max_hp_loss":0,"event_name":"Addict","floor":20,"gold_loss":85},{"damage_healed":0,"gold_gain":0,"cards_transformed":["Strike_G","Strike_G"],"player_choice":"Became Test Subject","damage_taken":0,"max_hp_gain":0,"max_hp_loss":0,"event_name":"Drug Dealer","floor":21,"gold_loss":0,"cards_obtained":["Finisher","Bane"]},{"cards_removed":["Strike_G"],"damage_healed":0,"gold_gain":0,"player_choice":"Elegance","damage_taken":0,"max_hp_gain":0,"max_hp_loss":0,"event_name":"Back to Basics","floor":24,"gold_loss":0},{"damage_healed":0,"gold_gain":0,"player_choice":"Read","damage_taken":0,"max_hp_gain":0,"max_hp_loss":0,"event_name":"The Library","floor":30,"gold_loss":0,"cards_obtained":["Catalyst"]}],"is_beta":false,"boss_relics":[{"not_picked":["WristBlade","SlaversCollar"],"picked":"Philosopher\u0027s Stone"},{"not_picked":["Empty Cage","Black Star"],"picked":"Coffee Dripper"}],"items_purged_floors":[3,19],"is_endless":false,"potions_floor_spawned":[2,4,7,13,14,18,25,29],"killed_by":"3 Darklings","ascension_level":20,"potion_discard_per_floor":[[],[],[],[],[],[],[],[],[],[],[],[],[],["Ancient Potion"],[],[],[],[],[],[],[],[],[],[],["LiquidBronze"],[],[],[],[],[],["Fire Potion"],[],[],[],[]]}