{"neow_bonuses_skipped_log":["UPGRADE_CARD","HUNDRED_GOLD","BOSS_RELIC"],"neow_costs_skipped_log":["NONE","NONE","NONE"],"potions_obtained_entropic_brew":[[],[],[],[],[],[],[],[],[],[],[],[],[],[],[],[]],"gold_per_floor":[365,379,25,43,62,62,80,114,114,114,133,152,152,27,27,27],"floor_reached":16,"playtime":571,"items_purged":["Strike_G","Strike_G"],"score":208,"play_id":"6dfcd947-6004-48f0-86d0-87ba725c2f31","local_time":"20230914175628","score_breakdown":["Floors Climbed (16): 80","Enemies Slain (7): 14","Exordium Elites Killed (1): 10","Bosses Slain (0): 0","Ascension (20): 104"],"is_ascension_mode":true,"potions_obtained_alchemize":[[],[],[],[],[],[],[],[],[],[],[],[],[],[],[],[]],"campfire_choices":[{"data":"Dagger Spray","floor":6,"key":"SMITH"},{"data":"Footwork","floor":10,"key":"SMITH"},{"data":"Blade Dance","floor":15,"key":"SMITH"}],"lesson_learned_per_floor":[[],[],[],[],[],[],[],[],[],[],[],[],[],[],[],[]],"neow_cost":"PERCENT_DAMAGE","improvable_cards":{},"seed_source_timestamp":484632626511800,"shop_contents":[{"floor":3,"relics":["Question Card","Medical Kit"],"cards":["Poisoned Stab","Heel Hook","Corpse Explosion","Tactician","Well Laid Plans","Flash of Steel","Secret Weapon"],"potions":["Swift Potion","SteroidPotion","ColorlessPotion"]},{"floor":14,"relics":["Regal Pillow","Paper Crane","Cauldron"],"cards":["Skewer","Sucker Punch","Cloak And Dagger","A Thousand Cuts","Forethought","Apotheosis"],"potions":["AttackPotion","Strength Potion","FearPotion"]}],"circlet_count":0,"master_deck":["AscendersBane","Strike_G","Strike_G","Strike_G","Defend_G","Defend_G","Defend_G","Defend_G","Defend_G","Survivor","Neutralize","Slice","Masterful Stab","Dagger Spray+1","Footwork+1","Well Laid Plans","Blade Dance+1"],"potion_use_per_floor":[[],[],[],[],["Regen Potion"],[],[],[],[],[],["Swift Potion"],[],[],[],[],["Dexterity Potion"]],"relics":["Ring of the Snake","Gremlin Horn","MealTicket","Boot"],"potions_floor_usage":[5,11,16],"damage_taken":[{"damage":1,"enemies":"Cultist","floor":1,"turns":4},{"damage":0,"enemies":"Jaw Worm","floor":2,"turns":5},{"damage":0,"enemies":"2 Louse","floor":4,"turns":2},{"damage":3,"enemies":"Blue Slaver","floor":5,"turns":6},{"damage":3,"enemies":"Red Slaver","floor":7,"turns":4},{"damage":30,"enemies":"3 Sentries","floor":8,"turns":10},{"damage":0,"enemies":"Large Slime","floor":11,"turns":4},{"damage":0,"enemies":"Exordium Wildlife","floor":12,"turns":3},{"damage":44,"enemies":"Slime Boss","floor":16,"turns":9}],"seed_played":"1881838656988595161","neow_bonus_log":{"cardsObtained":[],"cardsUpgraded":[],"cardsRemoved":[],"cardsTransformed":[],"relicsObtained":[],"maxHpGained":0,"goldGained":250,"damageTaken":15,"goldLost":0,"maxHpLost":0},"potions_obtained":[{"floor":2,"key":"Regen Potion"},{"floor":7,"key":"Dexterity Potion"},{"floor":8,"key":"Swift Potion"}],"is_trial":false,"path_per_floor":["M","M","$","M","M","R","M","E","T","R","M","M","?","$","R","B"],"character_chosen":"THE_SILENT","basemod:card_modifiers":[null,null,null,null,null,null,null,null,null,null,null,null,null,null,null,null,null],"items_purchased":["Gremlin Horn","Blade Dance"],"campfire_rested":0,"item_purchase_floors":[3,14],"current_hp_per_floor":[43,43,43,43,55,55,52,22,22,22,22,22,27,42,42,0],"gold":27,"neow_bonus":"TWO_FIFTY_GOLD","is_prod":false,"is_daily":false,"rewards_skipped":[],"chose_seed":false,"campfire_upgraded":3,"win_rate":0,"floor_exit_playtime":[59,97,114,138,194,199,233,325,331,339,384,416,424,450,456],"timestamp":1694728588,"path_taken":["M","M","$","M","M","R","M","E","T","R","M","M","?","$","R","BOSS"],"build_version":"2022-12-18","purchased_purges":2,"victory":false,"max_hp_per_floor":[66,66,66,66,66,66,66,66,66,66,66,66,66,66,66,66],"relic_stats":{"Gremlin Horn":[5,5],"counters":[9,47],"MealTicket":15,"Boot":[18],"obtain_stats":[{"Gremlin Horn":3,"MealTicket":8,"Boot":9,"Ring of the Snake":0},{"Gremlin Horn":2,"MealTicket":6,"Boot":6,"Ring of the Snake":0},{"Gremlin Horn":9,"MealTicket":31,"Boot":31,"Ring of the Snake":0}],"Ring of the Snake":[18]},"card_choices":[{"not_picked":["Underhanded Strike","Bane"],"picked":"Slice","floor":1},{"not_picked":["Cloak And Dagger","Flying Knee"],"picked":"Masterful Stab","floor":2},{"not_picked":["Bane","Dagger Throw"],"picked":"Slice","floor":4},{"not_picked":["Deflect","Deadly Poison"],"picked":"Dagger Spray","floor":5},{"not_picked":["Prepared","Setup","Accuracy"],"picked":"SKIP","floor":7},{"not_picked":["Storm of Steel","Outmaneuver"],"picked":"Footwork","floor":8},{"not_picked":["PiercingWail","Leg Sweep","Prepared"],"picked":"SKIP","floor":11},{"not_picked":["Sucker Punch","Eviscerate"],"picked":"Well Laid Plans","floor":12}],"player_experience":2004571,"relics_obtained":[{"floor":8,"key":"MealTicket"},{"floor":9,"key":"Boot"}],"event_choices":[{"cards_removed":["Slice"],"damage_healed":5,"gold_gain":0,"player_choice":"Offered Common","damage_taken":0,"max_hp_gain":0,"max_hp_loss":0,"event_name":"Bonfire Elementals","floor":13,"gold_loss":0},{"cards_removed":["Slice"],"damage_healed":5,"gold_gain":0,"player_choice":"Offered Special","damage_taken":0,"max_hp_gain":0,"max_hp_loss":0,"event_name":"Bonfire Elementals","floor":13,"gold_loss":0}],"is_beta":false,"boss_relics":[],"items_purged_floors":[3,14],"is_endless":false,"potions_floor_spawned":[2,7,8],"killed_by":"Slime Boss","ascension_level":20,"potion_discard_per_floor":[[],[],[],[],[],[],[],[],[],[],[],[],[],[],[],[]]}