{"neow_bonuses_skipped_log":["TEN_PERCENT_HP_BONUS","TWENTY_PERCENT_HP_BONUS","BOSS_RELIC"],"neow_costs_skipped_log":["NONE","NO_GOLD","NONE"],"potions_obtained_entropic_brew":[[],[],[],[],[],[],[],[],[],[],[],[],[],[],[],[],[],[],[],[],[],[]],"gold_per_floor":[110,110,125,135,148,148,174,194,194,211,225,225,244,244,244,323,323,342,211,221,221,221],"floor_reached":22,"playtime":1369,"items_purged":["Strike_G"],"score":380,"play_id":"18a49554-519b-4a92-b31a-016a2ec66b40","local_time":"20230912233017","score_breakdown":["Floors Climbed (22): 110","Enemies Slain (10): 20","Exordium Elites Killed (1): 10","City Elites Killed (0): 0","Bosses Slain (1): 50","Ascension (20): 190"],"is_ascension_mode":true,"potions_obtained_alchemize":[[],[],[],[],[],[],[],[],[],[],[],[],[],[],[],["Ancient Potion"],[],[],[],["PowerPotion"],[],["Strength Potion"]],"campfire_choices":[{"floor":6,"key":"REST"},{"data":"Terror","floor":12,"key":"SMITH"},{"data":"Blade Dance","floor":15,"key":"SMITH"}],"lesson_learned_per_floor":[[],[],[],[],[],[],[],[],[],[],[],[],[],[],[],[],[],[],[],[],[],[]],"neow_cost":"NONE","improvable_cards":{},"seed_source_timestamp":331065150673000,"shop_contents":[{"floor":19,"relics":["Boot","Prayer Wheel","DollysMirror"],"cards":["Slice","Quick Slash","Crippling Poison","Acrobatics","Infinite Blades","Flash of Steel","Violence"],"potions":["GamblersBrew","Energy Potion"]}],"circlet_count":0,"master_deck":["AscendersBane","Strike_G","Strike_G","Strike_G","Defend_G","Defend_G","Defend_G","Defend_G","Defend_G","Survivor","Neutralize+1","Blade Dance+1","Endless Agony","Dagger Throw","Masterful Stab","Terror+1","All Out Attack","Venomology","Leg Sweep","Phantasmal Killer","Blade Dance","Acrobatics"],"potion_use_per_floor":[[],[],[],[],[],[],["Poison Potion","Energy Potion"],[],[],[],[],[],[],[],[],["CunningPotion"],[],["Swift Potion"],[],["SteroidPotion"],[],["Ancient Potion","Strength Potion"]],"relics":["Ring of the Snake","Bag of Marbles","PreservedInsect","Shuriken","Runic Pyramid","Nilry\u0027s Codex"],"potions_floor_usage":[7,7,16,18,20,22,22],"damage_taken":[{"damage":0,"enemies":"Jaw Worm","floor":1,"turns":5},{"damage":3,"enemies":"Cultist","floor":3,"turns":5},{"damage":9,"enemies":"2 Louse","floor":4,"turns":4},{"damage":21,"enemies":"Large Slime","floor":5,"turns":8},{"damage":7,"enemies":"Lagavulin","floor":7,"turns":5},{"damage":0,"enemies":"Blue Slaver","floor":8,"turns":2},{"damage":1,"enemies":"Looter","floor":10,"turns":3},{"damage":1,"enemies":"Large Slime","floor":11,"turns":4},{"damage":0,"enemies":"3 Louse","floor":13,"turns":1},{"damage":5,"enemies":"Hexaghost","floor":16,"turns":8},{"damage":6,"enemies":"Shell Parasite","floor":18,"turns":4},{"damage":6,"enemies":"2 Thieves","floor":20,"turns":3},{"damage":24,"enemies":"Snake Plant","floor":22,"turns":3}],"seed_played":"4371923483226627881","neow_bonus_log":{"cardsObtained":[],"cardsUpgraded":["Neutralize"],"cardsRemoved":[],"cardsTransformed":[],"relicsObtained":[],"maxHpGained":0,"goldGained":0,"damageTaken":0,"goldLost":0,"maxHpLost":0},"potions_obtained":[{"floor":1,"key":"Poison Potion"},{"floor":5,"key":"Energy Potion"},{"floor":7,"key":"Swift Potion"},{"floor":8,"key":"CunningPotion"}],"is_trial":false,"path_per_floor":["M","?","M","M","M","R","E","M","T","M","M","R","M","T","R","B",null,"M","$","M","?","M"],"character_chosen":"THE_SILENT","basemod:card_modifiers":[null,null,null,null,null,null,null,null,null,null,null,null,null,null,null,null,null,null,null,null,null,null],"items_purchased":["SteroidPotion"],"campfire_rested":1,"item_purchase_floors":[19],"current_hp_per_floor":[59,52,49,40,19,38,31,31,31,30,29,29,29,29,29,24,56,50,50,44,23,0],"gold":221,"neow_bonus":"UPGRADE_CARD","is_prod":false,"is_daily":false,"rewards_skipped":[{"floor":11,"relics":[],"potions":["Swift Potion"]},{"floor":20,"relics":[],"potions":["FearPotion"]}],"chose_seed":false,"campfire_upgraded":2,"win_rate":0,"floor_exit_playtime":[58,63,113,495,803,811,879,900,907,935,974,982,1005,1007,1016,1131,1154,1212,1239,1301,1312],"timestamp":1694575817,"path_taken":["M","?","M","M","M","R","E","M","T","M","M","R","M","?","R","BOSS","M","$","M","?","M"],"build_version":"2022-12-18","purchased_purges":1,"victory":false,"max_hp_per_floor":[66,66,66,66,66,66,66,66,66,66,66,66,66,66,66,66,66,66,66,66,66,66],"relic_stats":{"counters":[13,55],"Shuriken":[12],"Nilry\u0027s Codex":[0,1,2,0],"PreservedInsect":0,"obtain_stats":[{"Shuriken":14,"Nilry\u0027s Codex":21,"PreservedInsect":9,"Bag of Marbles":7,"Ring of the Snake":0,"Runic Pyramid":17},{"Shuriken":9,"Nilry\u0027s Codex":12,"PreservedInsect":6,"Bag of Marbles":5,"Ring of the Snake":0,"Runic Pyramid":10},{"Shuriken":37,"Nilry\u0027s Codex":52,"PreservedInsect":29,"Bag of Marbles":27,"Ring of the Snake":0,"Runic Pyramid":45}],"Ring of the Snake":[27]},"card_choices":[{"not_picked":["Acrobatics","Dagger Throw"],"picked":"Blade Dance","floor":1},{"not_picked":["Footwork","Sucker Punch"],"picked":"Endless Agony","floor":3},{"not_picked":["Leg Sweep","Endless Agony"],"picked":"Dagger Throw","floor":4},{"not_picked":["Outmaneuver","Backflip"],"picked":"Masterful Stab","floor":5},{"not_picked":["Quick Slash","Choke"],"picked":"Terror","floor":7},{"not_picked":["Flying Knee","Outmaneuver","Setup"],"picked":"SKIP","floor":8},{"not_picked":["Dodge and Roll","Slice"],"picked":"All Out Attack","floor":10},{"not_picked":["Deadly Poison","Flying Knee"],"picked":"Venomology","floor":11},{"not_picked":["PiercingWail","Tactician"],"picked":"Leg Sweep","floor":13},{"not_picked":["Grand Finale","Glass Knife"],"picked":"Phantasmal Killer","floor":16},{"not_picked":["Heel Hook","Cloak And Dagger"],"picked":"Blade Dance","floor":18},{"not_picked":["Sucker Punch","Slice"],"picked":"Acrobatics","floor":20}],"player_experience":1985316,"relics_obtained":[{"floor":7,"key":"Bag of Marbles"},{"floor":9,"key":"PreservedInsect"},{"floor":14,"key":"Shuriken"},{"floor":21,"key":"Nilry\u0027s Codex"}],"event_choices":[{"cards_removed":["Strike_G"],"damage_healed":0,"gold_gain":0,"player_choice":"Card Removal","damage_taken":7,"max_hp_gain":0,"max_hp_loss":0,"event_name":"Golden Wing","floor":2,"gold_loss":0},{"damage_healed":0,"gold_gain":0,"player_choice":"Obtained Book","damage_taken":21,"max_hp_gain":0,"max_hp_loss":0,"event_name":"Cursed Tome","floor":21,"gold_loss":0}],"is_beta":false,"boss_relics":[{"not_picked":["SacredBark","Black Star"],"picked":"Runic Pyramid"}],"items_purged_floors":[19],"is_endless":false,"potions_floor_spawned":[1,5,7,8,11,20],"killed_by":"Snake Plant","ascension_level":20,"potion_discard_per_floor":[[],[],[],[],[],[],[],[],[],[],[],[],[],[],[],[],[],[],[],[],[],[]]}