{"neow_bonuses_skipped_log":["UPGRADE_CARD","REMOVE_TWO","BOSS_RELIC"],"neow_costs_skipped_log":["NONE","PERCENT_DAMAGE","NONE"],"potions_obtained_entropic_brew":[[],[],[],[],[],[],[],[],[],[],[],[],[],[],[],[],[],[],[],[],[],[],[],[],[],[],[],[],[],[],[],[],[]],"gold_per_floor":[216,216,235,21,37,37,62,74,128,139,157,157,188,263,263,338,338,358,358,41,58,58,91,91,107,107,107,126,126,159,173,173,173],"floor_reached":33,"playtime":1918,"items_purged":["Strike_G"],"score":644,"play_id":"a9997dab-78dd-496e-8bc0-bf6819d37a5d","local_time":"20230914172957","score_breakdown":["Floors Climbed (33): 165","Enemies Slain (11): 22","Exordium Elites Killed (2): 20","City Elites Killed (2): 40","Bosses Slain (1): 50","Champion (1): 25","Ascension (20): 322"],"is_ascension_mode":true,"potions_obtained_alchemize":[[],[],[],[],[],[],[],[],[],[],[],[],[],[],[],[],[],[],[],[],[],[],[],[],[],[],[],[],[],[],[],[],[]],"campfire_choices":[{"data":"All Out Attack","floor":6.0,"key":"SMITH"},{"floor":12.0,"key":"REST"},{"floor":15.0,"key":"REST"},{"data":"Prepared","floor":24.0,"key":"SMITH"},{"data":"Reflex","floor":27.0,"key":"SMITH"},{"data":"Calculated Gamble","floor":29,"key":"SMITH"},{"data":"Blade Dance","floor":32,"key":"SMITH"}],"lesson_learned_per_floor":[[],[],[],[],[],[],[],[],[],[],[],[],[],[],[],[],[],[],[],[],[],[],[],[],[],[],[],[],[],[],[],[],[]],"neow_cost":"NONE","improvable_cards":{},"seed_source_timestamp":481679954041600,"shop_contents":[{"floor":4,"relics":["Centennial Puzzle","HandDrill"],"cards":["Dagger Throw","Underhanded Strike","Leg Sweep","Burst","Noxious Fumes","Mind Blast","Secret Technique"],"potions":["SpeedPotion","CultistPotion"]},{"floor":20,"relics":["Dream Catcher","Boot"],"cards":["Quick Slash","Eviscerate","Deflect","Footwork","Discovery","Secret Technique"],"potions":["SkillPotion","Ancient Potion","FearPotion"]}],"circlet_count":0,"master_deck":["AscendersBane","Strike_G","Defend_G","Defend_G","Defend_G","Defend_G","Defend_G","Survivor","Neutralize","All Out Attack+1","Caltrops","Dash","Deadly Poison","Calculated Gamble+1","Leg Sweep","Storm of Steel","Tactician+1","Underhanded Strike+1","Infinite Blades+1","Blade Dance+1","Calculated Gamble","Adrenaline","Blade Dance","Reflex+1","Prepared+1","After Image","Calculated Gamble+1"],"special_seed":0,"potion_use_per_floor":[[],[],[],[],[],[],[],[],[],[],[],[],["Strength Potion"],[],[],[],[],[],[],[],[],[],["Fire Potion","DuplicationPotion"],[],[],[],[],[],[],[],[],[],["Strength Potion","Fire Potion"]],"relics":["Ring of the Snake","Pen Nib","Kunai","Akabeko","Lantern","Orrery","Nloth\u0027s Gift","Bottled Tornado","Ancient Tea Set"],"potions_floor_usage":[33,33],"damage_taken":[{"damage":0.0,"enemies":"Small Slimes","floor":1.0,"turns":8.0},{"damage":2.0,"enemies":"2 Louse","floor":3.0,"turns":3.0},{"damage":2.0,"enemies":"Jaw Worm","floor":5.0,"turns":5.0},{"damage":37.0,"enemies":"Lagavulin","floor":7.0,"turns":8.0},{"damage":2.0,"enemies":"Looter","floor":8.0,"turns":3.0},{"damage":0.0,"enemies":"Lots of Slimes","floor":10.0,"turns":2.0},{"damage":0.0,"enemies":"Blue Slaver","floor":11.0,"turns":4.0},{"damage":8.0,"enemies":"Gremlin Nob","floor":13.0,"turns":3.0},{"damage":3.0,"enemies":"The Guardian","floor":16.0,"turns":13.0},{"damage":5.0,"enemies":"Chosen","floor":18.0,"turns":6.0},{"damage":5.0,"enemies":"2 Thieves","floor":21.0,"turns":2.0},{"damage":19.0,"enemies":"Book of Stabbing","floor":23.0,"turns":5.0},{"damage":0.0,"enemies":"3 Cultists","floor":25.0,"turns":4.0},{"damage":4,"enemies":"Shelled Parasite and Fungi","floor":28,"turns":5},{"damage":0,"enemies":"Gremlin Leader","floor":30,"turns":7},{"damage":0,"enemies":"Snecko","floor":31,"turns":4},{"damage":45,"enemies":"Champ","floor":33,"turns":22}],"seed_played":"4399735610281678268","neow_bonus_log":{"cardsObtained":[],"cardsUpgraded":[],"cardsRemoved":[],"cardsTransformed":[],"relicsObtained":[],"maxHpGained":0,"goldGained":100,"damageTaken":0,"goldLost":0,"maxHpLost":0},"potions_obtained":[{"floor":1.0,"key":"DuplicationPotion"},{"floor":11.0,"key":"Strength Potion"},{"floor":13.0,"key":"Fire Potion"},{"floor":23.0,"key":"Strength Potion"},{"floor":25.0,"key":"Fire Potion"}],"is_trial":false,"path_per_floor":["M","?","M","$","M","R","E","M","T","M","M","R","E","?","R","B",null,"M","?","$","M","?","E","R","M","T","R","M","R","E","M","R","B"],"character_chosen":"THE_SILENT","basemod:card_modifiers":[null,null,null,null,null,null,null,null,null,null,null,null,null,null,null,null,null,null,null,null,null,null,null,null,null,null,null],"items_purchased":["Pen Nib","Explosive Potion","Orrery","Reflex"],"campfire_rested":2,"item_purchase_floors":[4,4,20,20],"current_hp_per_floor":[59,64,62,62,60,60,23,21,21,21,21,42,34,23,44,41,64,59,59,59,54,54,35,35,35,35,35,31,31,31,31,31,0],"gold":173,"neow_bonus":"HUNDRED_GOLD","is_prod":false,"is_daily":false,"rewards_skipped":[{"floor":5,"relics":[],"potions":["SteroidPotion"]},{"floor":8,"relics":[],"potions":["SneckoOil"]},{"floor":21,"relics":[],"potions":["Fire Potion"]},{"floor":31,"relics":[],"potions":["Strength Potion"]}],"chose_seed":false,"campfire_upgraded":5,"win_rate":0,"floor_exit_playtime":[91,95,150,171,237,245,341,381,384,420,484,488,533,538,545,695,718,776,782,821,859,864,1078,1091,1191,1196,1209,1317,1329,1484,1546,1589],"timestamp":1694726997,"blue_key_relic_skipped_log":{"floor":26,"relicID":"Matryoshka"},"path_taken":["M","?","M","$","M","R","E","M","T","M","M","R","E","?","R","BOSS","M","?","$","M","?","E","R","M","T","R","M","R","E","M","R","BOSS"],"build_version":"2022-12-18","purchased_purges":1,"victory":false,"max_hp_per_floor":[66,71,71,71,71,71,71,71,71,71,71,71,71,71,71,71,71,71,71,71,71,71,71,71,71,71,71,71,71,71,71,71,71],"relic_stats":{"counters":[17,104],"Pen Nib":[29],"Nloth\u0027s Gift":2,"Kunai":[65],"Bottled Tornado":"After Image","Ancient Tea Set":[2],"obtain_stats":[{"Lantern":13,"Astrolabe":17,"Orrery":20,"Pen Nib":4,"Nloth\u0027s Gift":22,"Kunai":7,"Bottled Tornado":23,"Ancient Tea Set":30,"Akabeko":9,"Ring of the Snake":0},{"Lantern":8,"Astrolabe":9,"Orrery":10,"Pen Nib":2,"Nloth\u0027s Gift":11,"Kunai":4,"Bottled Tornado":12,"Ancient Tea Set":15,"Akabeko":5,"Ring of the Snake":0},{"Lantern":36,"Astrolabe":49,"Orrery":55,"Pen Nib":11,"Nloth\u0027s Gift":57,"Kunai":24,"Bottled Tornado":62,"Ancient Tea Set":78,"Akabeko":27,"Ring of the Snake":0}],"Ring of the Snake":[34]},"card_choices":[{"not_picked":["Skewer","Leg Sweep"],"picked":"All Out Attack","floor":1.0},{"not_picked":["Footwork","Heel Hook"],"picked":"Caltrops","floor":3.0},{"not_picked":["Bane","Footwork"],"picked":"Dash","floor":5.0},{"not_picked":["Underhanded Strike","Sucker Punch"],"picked":"Deadly Poison","floor":7.0},{"not_picked":["Accuracy","Deadly Poison","Outmaneuver"],"picked":"SKIP","floor":8.0},{"not_picked":["Underhanded Strike","Deadly Poison"],"picked":"Calculated Gamble","floor":10.0},{"not_picked":["Storm of Steel","Dodge and Roll"],"picked":"Leg Sweep","floor":11.0},{"not_picked":["Caltrops","Distraction","Deflect"],"picked":"SKIP","floor":13.0},{"not_picked":["Caltrops","Distraction","Deflect"],"picked":"SKIP","floor":13.0},{"not_picked":["Burst","Glass Knife"],"picked":"Storm of Steel","floor":16.0},{"not_picked":["Poisoned Stab","Accuracy"],"picked":"Blade Dance","floor":18.0},{"not_picked":["Riddle With Holes+1","Eviscerate"],"picked":"Calculated Gamble","floor":20.0},{"not_picked":["Cloak And Dagger","Acrobatics"],"picked":"Adrenaline","floor":20.0},{"not_picked":["Dodge and Roll","Bane"],"picked":"Blade Dance","floor":20.0},{"not_picked":["Endless Agony","All Out Attack","Sucker Punch"],"picked":"SKIP","floor":20.0},{"not_picked":["Deadly Poison","Outmaneuver","Choke+1"],"picked":"SKIP","floor":20.0},{"not_picked":["Quick Slash","Outmaneuver"],"picked":"Prepared","floor":21.0},{"not_picked":["Doppelganger","Predator"],"picked":"After Image","floor":23.0},{"not_picked":["Quick Slash","Expertise"],"picked":"Calculated Gamble+1","floor":25.0},{"not_picked":["Slice+1","Outmaneuver","Blade Dance"],"picked":"SKIP","floor":28},{"not_picked":["Slice+1","Outmaneuver","Blade Dance"],"picked":"SKIP","floor":28},{"not_picked":["Concentrate","Endless Agony","Envenom"],"picked":"SKIP","floor":30},{"not_picked":["Quick Slash","Outmaneuver","Masterful Stab+1"],"picked":"SKIP","floor":31}],"player_experience":2001676,"relics_obtained":[{"floor":7.0,"key":"Kunai"},{"floor":9.0,"key":"Akabeko"},{"floor":13.0,"key":"Lantern"},{"floor":23.0,"key":"Bottled Tornado"},{"floor":30,"key":"Ancient Tea Set"}],"event_choices":[{"damage_healed":0.0,"max_hp_gain":5.0,"max_hp_loss":0.0,"gold_gain":0.0,"event_name":"Big Fish","player_choice":"Donut","floor":2.0,"gold_loss":0.0,"damage_taken":0.0},{"damage_healed":0.0,"max_hp_gain":0.0,"max_hp_loss":0.0,"gold_gain":75.0,"event_name":"World of Goop","player_choice":"Gather Gold","floor":14.0,"gold_loss":0.0,"damage_taken":11.0},{"damage_healed":0.0,"max_hp_gain":0.0,"max_hp_loss":0.0,"gold_gain":0.0,"event_name":"Ghosts","player_choice":"Ignored","floor":19.0,"gold_loss":0.0,"damage_taken":0.0},{"damage_healed":0.0,"max_hp_gain":0.0,"max_hp_loss":0.0,"gold_gain":0.0,"event_name":"N\u0027loth","player_choice":"Traded Relic","floor":22.0,"relics_lost":["Astrolabe"],"gold_loss":0.0,"damage_taken":0.0,"relics_obtained":["Nloth\u0027s Gift"]}],"is_beta":false,"boss_relics":[{"not_picked":["Ring of the Serpent","Sozu"],"picked":"Astrolabe"}],"items_purged_floors":[20],"is_endless":false,"potions_floor_spawned":[1,5,8,11,13,21,23,25,31],"killed_by":"Champ","ascension_level":20,"potion_discard_per_floor":[[],[],[],[],[],[],[],[],[],[],["Explosive Potion"],[],[],[],[],[],[],[],[],[],[],[],[],[],[],[],[],[],[],[],[],[],[]]}