{"neow_bonuses_skipped_log":["THREE_SMALL_POTIONS","THREE_RARE_CARDS","BOSS_RELIC"],"neow_costs_skipped_log":["NONE","PERCENT_DAMAGE","NONE"],"potions_obtained_entropic_brew":[[],[],[],[],[],[],[],[]],"gold_per_floor":[110,124,23,34,49,49,5,5],"floor_reached":8,"playtime":260,"items_purged":["Strike_G"],"score":96,"play_id":"b28e25e2-db92-4491-9cb4-d81bf66c1da7","local_time":"20230914165736","score_breakdown":["Floors Climbed (8): 40","Enemies Slain (4): 8","Exordium Elites Killed (0): 0","Bosses Slain (0): 0","Ascension (20): 48"],"is_ascension_mode":true,"potions_obtained_alchemize":[[],[],[],[],[],[],[],[]],"campfire_choices":[{"data":"Dagger Spray","floor":6,"key":"SMITH"}],"lesson_learned_per_floor":[[],[],[],[],[],[],[],[]],"neow_cost":"NONE","improvable_cards":{},"seed_source_timestamp":481411985730400,"shop_contents":[{"floor":3,"relics":["Toxic Egg 2","Vajra","Chemical X"],"cards":["Underhanded Strike","Deadly Poison","Blur","Well Laid Plans","Jack Of All Trades","Metamorphosis"],"potions":["SpeedPotion","SkillPotion","SkillPotion"]}],"circlet_count":0,"master_deck":["AscendersBane","Strike_G","Strike_G","Strike_G","Strike_G","Defend_G","Defend_G","Defend_G","Defend_G","Defend_G","Survivor","Neutralize","Dagger Spray+1","Dagger Spray","Slice","Blade Dance"],"potion_use_per_floor":[[],[],[],[],[],[],[],["LiquidBronze"]],"relics":["Ring of the Snake"],"potions_floor_usage":[8],"damage_taken":[{"damage":1,"enemies":"Cultist","floor":1,"turns":4},{"damage":12,"enemies":"Jaw Worm","floor":2,"turns":4},{"damage":7,"enemies":"2 Louse","floor":4,"turns":3},{"damage":7,"enemies":"Blue Slaver","floor":5,"turns":5},{"damage":41,"enemies":"Lagavulin","floor":8,"turns":8}],"seed_played":"-7937611812220543131","neow_bonus_log":{"cardsObtained":[],"cardsUpgraded":[],"cardsRemoved":[],"cardsTransformed":[],"relicsObtained":[],"maxHpGained":0,"goldGained":0,"damageTaken":0,"goldLost":0,"maxHpLost":0},"potions_obtained":[{"floor":2,"key":"LiquidBronze"}],"is_trial":false,"path_per_floor":["M","M","$","M","M","R","?","E"],"character_chosen":"THE_SILENT","basemod:card_modifiers":[null,null,null,null,null,null,null,null,null,null,null,null,null,null,null,null],"items_purchased":["Slice"],"campfire_rested":0,"item_purchase_floors":[3],"current_hp_per_floor":[58,46,46,39,32,32,32,0],"gold":5,"neow_bonus":"THREE_CARDS","is_prod":false,"is_daily":false,"rewards_skipped":[],"chose_seed":false,"campfire_upgraded":1,"win_rate":0,"floor_exit_playtime":[64,99,111,147,185,192,204],"timestamp":1694725056,"path_taken":["M","?","$","M","M","R","?","E"],"build_version":"2022-12-18","purchased_purges":1,"victory":false,"max_hp_per_floor":[66,66,66,66,66,66,66,66],"relic_stats":{"counters":[5,24],"obtain_stats":[{"Ring of the Snake":0},{"Ring of the Snake":0},{"Ring of the Snake":0}],"Ring of the Snake":[10]},"card_choices":[{"not_picked":["Choke","Well Laid Plans"],"picked":"Dagger Spray","floor":0},{"not_picked":["Poisoned Stab","Underhanded Strike","Choke"],"picked":"SKIP","floor":1},{"not_picked":["Sucker Punch","Reflex"],"picked":"Dagger Spray","floor":2},{"not_picked":["Deflect","Backflip","Flying Knee"],"picked":"SKIP","floor":4},{"not_picked":["PiercingWail","Prepared"],"picked":"Blade Dance","floor":5}],"player_experience":2001416,"relics_obtained":[],"event_choices":[{"damage_healed":0,"gold_gain":0,"player_choice":"Left Gold","damage_taken":0,"max_hp_gain":0,"max_hp_loss":0,"event_name":"World of Goop","floor":7,"gold_loss":44}],"is_beta":false,"boss_relics":[],"items_purged_floors":[3],"is_endless":false,"potions_floor_spawned":[2],"killed_by":"Lagavulin","ascension_level":20,"potion_discard_per_floor":[[],[],[],[],[],[],[],[]]}