{"neow_bonuses_skipped_log":["UPGRADE_CARD","THREE_SMALL_POTIONS","BOSS_RELIC"],"neow_costs_skipped_log":["NONE","NONE","NONE"],"potions_obtained_entropic_brew":[[],[],[],[],[],[],[],[],[],[],[],[],[],[],[],[],[],[],[],[],[],[],[],[],[],[],[],[],[],[],[],[],[],[],[],[],[],[],[],[],[],[],[],[],[],[],[],[],[],[],[]],"gold_per_floor":[116,130,130,140,215,215,226,242,242,242,271,271,285,316,316,390,390,407,107,107,127,127,127,144,175,201,201,201,229,229,16,16,90,90,107,121,138,138,155,187,187,187,210,238,31,31,49,77,77,77,77],"floor_reached":51,"playtime":3765,"items_purged":["Strike_G","Sucker Punch","Parasite"],"score":1616,"play_id":"515fc3d8-6e3e-4fc5-8d33-d1c9da70905b","local_time":"20230912230720","score_breakdown":["Floors Climbed (51): 255","Enemies Slain (14): 28","Exordium Elites Killed (2): 20","City Elites Killed (2): 40","Beyond Elites Killed (3): 90","Bosses Slain (3): 300","Champion (3): 75","Ascension (20): 808"],"is_ascension_mode":true,"potions_obtained_alchemize":[[],[],[],[],[],[],[],[],[],[],[],[],[],[],[],[],[],["DistilledChaos"],[],[],["Ancient Potion"],[],[],["Swift Potion"],["LiquidBronze"],[],[],[],["Ancient Potion"],[],[],[],["PowerPotion"],[],["LiquidMemories"],["SneckoOil"],[],[],["BlessingOfTheForge","Weak Potion","DuplicationPotion","CultistPotion","Regen Potion"],["Regen Potion","FairyPotion","FearPotion","FearPotion"],[],[],[],["SkillPotion"],[],[],["PowerPotion","Ancient Potion","Fire Potion","DistilledChaos"],["SteroidPotion"],[],["ColorlessPotion"],["Explosive Potion"]],"campfire_choices":[{"data":"Predator","floor":6,"key":"SMITH"},{"data":"Doppelganger","floor":10,"key":"SMITH"},{"data":"Tools of the Trade","floor":15,"key":"SMITH"},{"floor":23,"key":"REST"},{"data":"Well Laid Plans","floor":27,"key":"SMITH"},{"floor":30,"key":"REST"},{"data":"Tactician","floor":32,"key":"SMITH"},{"data":"Wraith Form v2","floor":42,"key":"SMITH"},{"floor":49,"key":"RECALL"}],"lesson_learned_per_floor":[[],[],[],[],[],[],[],[],[],[],[],[],[],[],[],[],[],[],[],[],[],[],[],[],[],[],[],[],[],[],[],[],[],[],[],[],[],[],[],[],[],[],[],[],[],[],[],[],[],[],[]],"neow_cost":"TEN_PERCENT_HP_LOSS","improvable_cards":{},"seed_source_timestamp":327288274205800,"shop_contents":[{"floor":19,"relics":["Mercury Hourglass","Tiny Chest"],"cards":["Slice","Masterful Stab","PiercingWail","Dodge and Roll","Caltrops","Good Instincts","HandOfGreed"],"potions":["Energy Potion","PowerPotion"]},{"floor":31,"relics":["Orichalcum","PreservedInsect","Sling"],"cards":["Glass Knife","Dagger Spray","PiercingWail","Infinite Blades","Dramatic Entrance","Master of Strategy"],"potions":["ColorlessPotion","EssenceOfSteel","AttackPotion"]},{"floor":45,"relics":["Eternal Feather","PrismaticShard"],"cards":["Skewer","Flying Knee","Blur","Catalyst","Caltrops","PanicButton","Sadistic Nature"],"potions":["EssenceOfSteel","Strength Potion","SpeedPotion"]}],"circlet_count":0,"master_deck":["AscendersBane","Defend_G","Defend_G","Defend_G","Survivor","Neutralize","Doppelganger+1","Predator+1","Well Laid Plans+1","Backflip","Calculated Gamble","Endless Agony","Tactician+1","Tools of the Trade+1","Venomology","Footwork","Blade Dance+1","Flechettes","Terror","Reflex","Night Terror","Wraith Form v2+1","PiercingWail","Underhanded Strike+1","Apotheosis","Madness","Madness","Setup+1"],"potion_use_per_floor":[[],[],[],[],[],[],[],[],[],[],[],[],["Explosive Potion"],["Explosive Potion"],[],["Fire Potion"],[],["BlessingOfTheForge"],[],[],["AttackPotion"],[],[],["DistilledChaos","Swift Potion"],[],[],[],[],["LiquidBronze"],[],[],[],["Dexterity Potion","PowerPotion"],[],[],["LiquidMemories"],["Strength Potion"],[],["DuplicationPotion"],["Regen Potion","Regen Potion","CultistPotion","FearPotion"],[],[],[],["Block Potion"],[],[],["SkillPotion","Fire Potion"],["DistilledChaos"],[],["PowerPotion","SteroidPotion"],["ColorlessPotion","FairyPotion","Explosive Potion"]],"relics":["Ring of the Snake","Question Card","Gremlin Horn","Bag of Preparation","Happy Flower","Empty Cage","OrangePellets","Enchiridion","Smiling Mask","Centennial Puzzle","Bronze Scales","Coffee Dripper","Kunai","MealTicket","Potion Belt","Molten Egg 2"],"potions_floor_usage":[13,14,16,18,21,24,24,29,33,33,36,37,39,40,40,40,40,44,47,47,48,50,50,51,51],"damage_taken":[{"damage":8,"enemies":"Small Slimes","floor":1,"turns":3},{"damage":2,"enemies":"Jaw Worm","floor":2,"turns":5},{"damage":0,"enemies":"2 Louse","floor":4,"turns":3},{"damage":3,"enemies":"Looter","floor":7,"turns":3},{"damage":0,"enemies":"Large Slime","floor":8,"turns":5},{"damage":19,"enemies":"Gremlin Nob","floor":11,"turns":4},{"damage":0,"enemies":"3 Louse","floor":13,"turns":1},{"damage":4,"enemies":"3 Sentries","floor":14,"turns":6},{"damage":15,"enemies":"Slime Boss","floor":16,"turns":8},{"damage":3,"enemies":"Spheric Guardian","floor":18,"turns":5},{"damage":2,"enemies":"Chosen","floor":21,"turns":4},{"damage":6,"enemies":"Centurion and Healer","floor":24,"turns":4},{"damage":0,"enemies":"Gremlin Leader","floor":25,"turns":5},{"damage":3,"enemies":"Book of Stabbing","floor":29,"turns":4},{"damage":8,"enemies":"Automaton","floor":33,"turns":8},{"damage":0,"enemies":"3 Shapes","floor":35,"turns":4},{"damage":2,"enemies":"Orb Walker","floor":36,"turns":4},{"damage":0,"enemies":"3 Darklings","floor":37,"turns":3},{"damage":1,"enemies":"Writhing Mass","floor":39,"turns":6},{"damage":74,"enemies":"Reptomancer","floor":40,"turns":9},{"damage":0,"enemies":"Giant Head","floor":44,"turns":6},{"damage":1,"enemies":"Spire Growth","floor":47,"turns":4},{"damage":0,"enemies":"Reptomancer","floor":48,"turns":6},{"damage":13,"enemies":"Time Eater","floor":50,"turns":15},{"damage":51,"enemies":"Donu and Deca","floor":51,"turns":3}],"green_key_taken_log":14,"seed_played":"5602212384118626628","neow_bonus_log":{"cardsObtained":["Doppelganger","Predator"],"cardsUpgraded":[],"cardsRemoved":[],"cardsTransformed":["Defend_G","Defend_G"],"relicsObtained":[],"maxHpGained":0,"goldGained":0,"damageTaken":0,"goldLost":0,"maxHpLost":6},"potions_obtained":[{"floor":4,"key":"Explosive Potion"},{"floor":8,"key":"Dexterity Potion"},{"floor":11,"key":"Fire Potion"},{"floor":13,"key":"Explosive Potion"},{"floor":16,"key":"BlessingOfTheForge"},{"floor":29,"key":"Dexterity Potion"},{"floor":36,"key":"Strength Potion"},{"floor":40,"key":"Block Potion"}],"is_trial":false,"path_per_floor":["M","M","?","M","?","R","M","M","T","R","E","T","M","E","R","B",null,"M","$","?","M","?","R","M","E","T","R","?","E","R","$","R","B",null,"M","M","M","?","M","E","?","R","T","E","$","?","M","E","R","B","B"],"character_chosen":"THE_SILENT","basemod:card_modifiers":[null,null,null,null,null,null,null,null,null,null,null,null,null,null,null,null,null,null,null,null,null,null,null,null,null,null,null,null],"items_purchased":["OrangePellets","AttackPotion","Night Terror","Potion Belt"],"campfire_rested":2,"item_purchase_floors":[19,19,31,45],"current_hp_per_floor":[51,49,54,54,43,43,40,40,40,40,21,21,21,17,17,2,49,46,46,25,23,23,42,36,36,36,36,18,15,36,36,36,28,60,60,58,58,48,47,8,8,8,8,8,23,23,22,22,22,9,0],"gold":77,"neow_bonus":"TRANSFORM_TWO_CARDS","is_prod":false,"is_daily":false,"rewards_skipped":[{"floor":21,"relics":[],"potions":["Ancient Potion"]},{"floor":35,"relics":[],"potions":["Explosive Potion"]},{"floor":44,"relics":[],"potions":["Weak Potion"]}],"chose_seed":false,"campfire_upgraded":6,"win_rate":0,"floor_exit_playtime":[72,127,130,177,182,192,220,290,292,300,364,366,403,525,534,673,715,819,866,875,948,964,967,1055,1183,1186,1201,1204,1336,1339,1382,1390,1711,1758,1891,1981,2086,2111,2303,2577,2589,2596,2599,2781,2797,2801,2908,3088,3091,3586],"timestamp":1694574440,"blue_key_relic_skipped_log":{"floor":43,"relicID":"Whetstone"},"path_taken":["M","M","?","M","?","R","M","M","T","R","E","?","M","E","R","BOSS","M","$","?","M","?","R","M","E","T","R","?","E","R","$","R","BOSS","M","M","M","?","M","E","?","R","T","E","$","?","M","E","R","BOSS","BOSS"],"build_version":"2022-12-18","purchased_purges":3,"victory":false,"max_hp_per_floor":[60,60,65,65,65,65,65,65,65,65,65,65,65,65,65,65,65,65,65,65,65,65,65,65,65,65,65,70,70,70,70,70,70,70,70,70,70,70,70,70,70,70,70,70,67,64,64,64,64,64,64],"relic_stats":{"Gremlin Horn":[38,36],"Happy Flower":[32],"counters":[25,128],"Bag of Preparation":[30],"Question Card":21,"Smiling Mask":125,"OrangePellets":[23],"Centennial Puzzle":[24],"Bronze Scales":[199],"MealTicket":15,"Kunai":[28],"obtain_stats":[{"Potion Belt":45,"Gremlin Horn":11,"Happy Flower":14,"Enchiridion":20,"Bag of Preparation":12,"Question Card":9,"Empty Cage":17,"Smiling Mask":25,"OrangePellets":19,"Centennial Puzzle":26,"Bronze Scales":29,"MealTicket":44,"Molten Egg 2":48,"Coffee Dripper":34,"Kunai":40,"Ring of the Snake":0},{"Potion Belt":21,"Gremlin Horn":6,"Happy Flower":8,"Enchiridion":10,"Bag of Preparation":6,"Question Card":5,"Empty Cage":9,"Smiling Mask":13,"OrangePellets":10,"Centennial Puzzle":13,"Bronze Scales":14,"MealTicket":21,"Molten Egg 2":23,"Coffee Dripper":15,"Kunai":20,"Ring of the Snake":0},{"Potion Belt":100,"Gremlin Horn":23,"Happy Flower":30,"Enchiridion":43,"Bag of Preparation":23,"Question Card":19,"Empty Cage":38,"Smiling Mask":56,"OrangePellets":43,"Centennial Puzzle":56,"Bronze Scales":60,"MealTicket":100,"Molten Egg 2":110,"Coffee Dripper":68,"Kunai":94,"Ring of the Snake":0}],"Ring of the Snake":[52]},"card_choices":[{"not_picked":["Cloak And Dagger","Quick Slash"],"picked":"Well Laid Plans","floor":1},{"not_picked":["Dodge and Roll","Prepared","Blur"],"picked":"SKIP","floor":2},{"not_picked":["Concentrate","Well Laid Plans"],"picked":"Sucker Punch","floor":4},{"not_picked":["Concentrate","Envenom"],"picked":"Backflip","floor":7},{"not_picked":["Flying Knee","Dodge and Roll"],"picked":"Calculated Gamble","floor":8},{"not_picked":["Deadly Poison","Reflex","Accuracy"],"picked":"Endless Agony","floor":11},{"not_picked":["Caltrops","Slice","Acrobatics"],"picked":"Tactician","floor":13},{"not_picked":["Backflip","Flying Knee","Expertise"],"picked":"Tools of the Trade","floor":14},{"not_picked":["After Image","Unload","Bullet Time"],"picked":"Venomology","floor":16},{"not_picked":["Eviscerate","Quick Slash","Deadly Poison"],"picked":"Footwork","floor":18},{"not_picked":["Distraction","Dodge and Roll","Slice"],"picked":"Blade Dance+1","floor":21},{"not_picked":["Underhanded Strike","Dagger Spray","Deadly Poison"],"picked":"Reflex","floor":24},{"not_picked":["Unload","All Out Attack","Bane+1","Sucker Punch+1"],"picked":"SKIP","floor":25},{"not_picked":["Terror","Dash","Slice","Deadly Poison"],"picked":"SKIP","floor":29},{"not_picked":["Doppelganger","Night Terror","Adrenaline"],"picked":"Wraith Form v2","floor":33},{"not_picked":["Terror","Crippling Poison+1","Slice"],"picked":"PiercingWail","floor":35},{"not_picked":["Blade Dance","Backstab","Riddle With Holes"],"picked":"Underhanded Strike+1","floor":36},{"not_picked":["Infinite Blades","Caltrops","Finisher","Slice"],"picked":"SKIP","floor":37},{"not_picked":["Discovery","Jack Of All Trades","Madness"],"picked":"Apotheosis","floor":38},{"not_picked":["Panacea","Deep Breath","Bandage Up"],"picked":"Madness","floor":38},{"not_picked":["Impatience","Swift Strike","Purity"],"picked":"Madness","floor":38},{"not_picked":["Sucker Punch","Flying Knee","Dodge and Roll"],"picked":"Setup+1","floor":39},{"not_picked":["Backstab","Endless Agony+1","Masterful Stab","Catalyst"],"picked":"SKIP","floor":40},{"not_picked":["Eviscerate","Prepared","Poisoned Stab+1","Predator"],"picked":"SKIP","floor":44},{"not_picked":["PiercingWail+1","A Thousand Cuts","Sucker Punch+1","Backflip"],"picked":"SKIP","floor":47},{"not_picked":["Endless Agony+1","Escape Plan","Bullet Time","Riddle With Holes+1"],"picked":"SKIP","floor":48}],"player_experience":1981551,"relics_obtained":[{"floor":9,"key":"Question Card"},{"floor":11,"key":"Gremlin Horn"},{"floor":12,"key":"Bag of Preparation"},{"floor":14,"key":"Happy Flower"},{"floor":20,"key":"Enchiridion"},{"floor":25,"key":"Smiling Mask"},{"floor":26,"key":"Centennial Puzzle"},{"floor":29,"key":"Bronze Scales"},{"floor":40,"key":"Kunai"},{"floor":44,"key":"MealTicket"},{"floor":48,"key":"Molten Egg 2"}],"event_choices":[{"damage_healed":0,"gold_gain":0,"player_choice":"Donut","damage_taken":0,"max_hp_gain":5,"max_hp_loss":0,"event_name":"Big Fish","floor":3,"gold_loss":0},{"damage_healed":0,"gold_gain":75,"player_choice":"Gather Gold","damage_taken":11,"max_hp_gain":0,"max_hp_loss":0,"event_name":"World of Goop","floor":5,"gold_loss":0},{"damage_healed":0,"gold_gain":0,"player_choice":"Obtained Book","damage_taken":21,"max_hp_gain":0,"max_hp_loss":0,"event_name":"Cursed Tome","floor":20,"gold_loss":0},{"damage_healed":0,"gold_gain":0,"cards_transformed":["Strike_G","Strike_G"],"player_choice":"Became Test Subject","damage_taken":0,"max_hp_gain":0,"max_hp_loss":0,"event_name":"Drug Dealer","floor":22,"gold_loss":0,"cards_obtained":["Flechettes","Terror"]},{"damage_healed":0,"gold_gain":0,"player_choice":"Shed Blood","damage_taken":23,"max_hp_gain":5,"max_hp_loss":0,"event_name":"Forgotten Altar","floor":28,"gold_loss":0},{"damage_healed":0,"gold_gain":0,"player_choice":"Memory 3","damage_taken":10,"max_hp_gain":0,"max_hp_loss":0,"event_name":"SensoryStone","floor":38,"gold_loss":0},{"damage_healed":0,"gold_gain":0,"player_choice":"Ignored","damage_taken":0,"max_hp_gain":0,"max_hp_loss":0,"event_name":"Tomb of Lord Red Mask","floor":41,"gold_loss":0},{"damage_healed":0,"gold_gain":0,"player_choice":"Max HP","damage_taken":0,"max_hp_gain":0,"max_hp_loss":3,"event_name":"Winding Halls","floor":46,"gold_loss":0}],"is_beta":false,"boss_relics":[{"not_picked":["Busted Crown","Cursed Key"],"picked":"Empty Cage"},{"not_picked":["SlaversCollar","Pandora\u0027s Box"],"picked":"Coffee Dripper"}],"items_purged_floors":[19,31,45],"is_endless":false,"potions_floor_spawned":[4,8,11,13,16,21,29,35,36,40,44],"killed_by":"Donu and Deca","ascension_level":20,"potion_discard_per_floor":[[],[],[],[],[],[],[],[],[],[],["Dexterity Potion"],[],[],[],[],[],[],[],[],[],[],[],[],[],[],[],[],[],["Ancient Potion"],[],[],[],[],[],[],["SneckoOil"],[],[],["BlessingOfTheForge","Weak Potion","Ancient Potion"],["FearPotion"],[],[],[],[],[],[],[],[],[],[],[]]}