{"neow_bonuses_skipped_log":["RANDOM_COLORLESS","RANDOM_COMMON_RELIC","BOSS_RELIC"],"neow_costs_skipped_log":["NONE","NONE","NONE"],"potions_obtained_entropic_brew":[[],[],[],[],[],[],[],[],[],[],[],[],[],[],[],[],[],[],[],[],[],[],[],[],[],[],[],[],[],[],[],[],[],[],[],[],[],[],[],[],[],[],[],[],[],[],[],[],[],[],["Dexterity Potion","GamblersBrew"]],"gold_per_floor":[17,34,53,65,77,77,112,131,131,195,195,230,230,272,272,377,377,397,410,83,102,102,102,130,175,175,175,194,21,45,79,79,159,159,178,197,22,33,47,81,96,127,127,127,156,176,225,126,126,126,126],"floor_reached":51,"playtime":11038,"items_purged":["Strike_G","Bite","Bite"],"score":1773,"play_id":"b1f237b3-71c3-4a65-a5cf-9b1b471ec20f","local_time":"20230914165305","score_breakdown":["Floors Climbed (51): 255","Enemies Slain (17): 34","Exordium Elites Killed (3): 30","City Elites Killed (2): 40","Beyond Elites Killed (3): 90","Bosses Slain (3): 300","Money Money (1054): 25","Librarian: 25","Well Fed: 25","Champion (2): 50","Perfect (1): 50","Ascension (20): 849"],"is_ascension_mode":true,"potions_obtained_alchemize":[[],[],[],[],[],[],[],[],[],[],[],[],[],[],[],[],[],[],[],[],[],[],[],[],[],[],[],[],[],[],[],[],[],[],[],[],[],[],[],[],[],[],[],[],[],[],[],[],[],[],[]],"campfire_choices":[{"data":"All Out Attack","floor":6,"key":"SMITH"},{"floor":11,"key":"REST"},{"floor":13,"key":"REST"},{"data":"Calculated Gamble","floor":15,"key":"SMITH"},{"data":"Wraith Form v2","floor":23,"key":"SMITH"},{"data":"Prepared","floor":27,"key":"SMITH"},{"data":"Apotheosis","floor":32,"key":"SMITH"},{"floor":49,"key":"RECALL"}],"lesson_learned_per_floor":[[],[],[],[],[],[],[],[],[],[],[],[],[],[],[],[],[],[],[],[],[],[],[],[],[],[],[],[],[],[],[],[],[],[],[],[],[],[],[],[],[],[],[],[],[],[],[],[],[],[],[]],"neow_cost":"NO_GOLD","improvable_cards":{},"seed_source_timestamp":470376113096300,"shop_contents":[{"floor":20,"relics":["Matryoshka"],"cards":["Flying Knee","Underhanded Strike","Cloak And Dagger","Noxious Fumes","Bandage Up","Secret Technique"],"potions":["GamblersBrew","EntropicBrew"]},{"floor":29,"relics":["FossilizedHelix","Thread and Needle","Cauldron"],"cards":["Dagger Spray","Skewer","Backflip","Accuracy","Madness"],"potions":["LiquidMemories","EssenceOfSteel","Block Potion"]},{"floor":37,"relics":["Boot","Ice Cream"],"cards":["Quick Slash","Flechettes","Deflect","Deadly Poison","Caltrops","Mind Blast","Magnetism"],"potions":["Block Potion","SpeedPotion"]},{"floor":48,"relics":["Ancient Tea Set","Mango"],"cards":["Flying Knee","Underhanded Strike","Crippling Poison","Caltrops","Impatience","Thinking Ahead"],"potions":["Fire Potion","Ancient Potion","SpeedPotion"]}],"circlet_count":0,"master_deck":["AscendersBane","Defend_G","Defend_G","Defend_G","Defend_G","Survivor","Neutralize","Choke","All Out Attack+1","Dagger Throw","Dash","Endless Agony","Wraith Form v2+1","Calculated Gamble+1","Footwork","Prepared+1","After Image","Adrenaline","Footwork+1","Terror","Cloak And Dagger+1","Bite","Bite","Bite","Backflip","Apotheosis+1","Doppelganger","Well Laid Plans+1","Backflip","Doppelganger","Acrobatics","Flechettes+1","Escape Plan","PiercingWail+1","Blur"],"potion_use_per_floor":[[],[],[],[],[],[],["BlessingOfTheForge"],[],[],[],[],["Poison Potion","DuplicationPotion"],[],[],[],["ColorlessPotion"],[],[],[],[],[],[],[],[],[],[],[],[],[],[],["Explosive Potion"],[],[],[],[],[],[],[],[],[],[],[],[],[],["Dexterity Potion"],[],[],[],[],[],["Fire Potion","EntropicBrew"]],"relics":["Ring of the Snake","Bottled Lightning","CeramicFish","InkBottle","Pantograph","Philosopher\u0027s Stone","Membership Card","Orichalcum","Anchor","Letter Opener","Dream Catcher","Fusion Hammer","Chemical X","Ornamental Fan","Strawberry","Singing Bowl","Du-Vu Doll","Orrery"],"potions_floor_usage":[7,12,12,16,31,45,51,51],"damage_taken":[{"damage":0,"enemies":"Cultist","floor":1,"turns":3},{"damage":3,"enemies":"Small Slimes","floor":2,"turns":3},{"damage":0,"enemies":"Jaw Worm","floor":3,"turns":4},{"damage":15,"enemies":"Large Slime","floor":4,"turns":7},{"damage":1,"enemies":"Exordium Wildlife","floor":5,"turns":3},{"damage":4,"enemies":"Lagavulin","floor":7,"turns":7},{"damage":0,"enemies":"3 Louse","floor":8,"turns":2},{"damage":33,"enemies":"3 Sentries","floor":10,"turns":8},{"damage":12,"enemies":"3 Sentries","floor":12,"turns":5},{"damage":2,"enemies":"Gremlin Nob","floor":14,"turns":5},{"damage":34,"enemies":"The Guardian","floor":16,"turns":17},{"damage":1,"enemies":"2 Thieves","floor":18,"turns":4},{"damage":21,"enemies":"3 Byrds","floor":19,"turns":7},{"damage":2,"enemies":"Centurion and Healer","floor":21,"turns":10},{"damage":6,"enemies":"Book of Stabbing","floor":24,"turns":6},{"damage":0,"enemies":"Snake Plant","floor":28,"turns":4},{"damage":0,"enemies":"Snecko","floor":30,"turns":3},{"damage":0,"enemies":"Gremlin Leader","floor":31,"turns":5},{"damage":22,"enemies":"Collector","floor":33,"turns":11},{"damage":2,"enemies":"3 Darklings","floor":35,"turns":5},{"damage":0,"enemies":"3 Shapes","floor":36,"turns":5},{"damage":0,"enemies":"3 Darklings","floor":38,"turns":3},{"damage":0,"enemies":"Spire Growth","floor":39,"turns":3},{"damage":12,"enemies":"Reptomancer","floor":40,"turns":4},{"damage":0,"enemies":"Maw","floor":41,"turns":6},{"damage":4,"enemies":"Giant Head","floor":42,"turns":6},{"damage":0,"enemies":"Reptomancer","floor":45,"turns":5},{"damage":0,"enemies":"3 Darklings","floor":46,"turns":4},{"damage":0,"enemies":"2 Orb Walkers","floor":47,"turns":3},{"damage":0,"enemies":"Donu and Deca","floor":50,"turns":16},{"damage":112,"enemies":"Time Eater","floor":51,"turns":19}],"green_key_taken_log":45,"seed_played":"3043503918794982861","neow_bonus_log":{"cardsObtained":["Choke","All Out Attack"],"cardsUpgraded":[],"cardsRemoved":[],"cardsTransformed":["Strike_G","Defend_G"],"relicsObtained":[],"maxHpGained":0,"goldGained":0,"damageTaken":0,"goldLost":99,"maxHpLost":0},"potions_obtained":[{"floor":2,"key":"DuplicationPotion"},{"floor":3,"key":"BlessingOfTheForge"},{"floor":10,"key":"Poison Potion"},{"floor":12,"key":"ColorlessPotion"},{"floor":21,"key":"EntropicBrew"},{"floor":33,"key":"Regen Potion"},{"floor":39,"key":"Dexterity Potion"},{"floor":46,"key":"Fire Potion"}],"is_trial":false,"path_per_floor":["M","M","M","M","M","R","E","M","T","?","R","E","R","E","R","B",null,"M","M","$","M","?","R","E","?","T","R","M","$","M","E","R","B",null,"M","M","$","M","M","E","M","E","T","?","E","M","?","$","R","B","B"],"character_chosen":"THE_SILENT","basemod:card_modifiers":[null,null,null,null,null,null,null,null,null,null,null,null,null,null,null,null,null,null,null,null,null,null,null,null,null,null,null,null,null,null,null,null,null,null,null],"items_purchased":["Membership Card","Terror","Orichalcum","Explosive Potion","Apotheosis","Doppelganger","Chemical X","AttackPotion","Orrery","Blur"],"campfire_rested":2,"item_purchase_floors":[20,20,20,20,29,29,37,37,48,48],"current_hp_per_floor":[59,56,56,41,40,40,36,38,38,7,26,16,35,35,35,28,57,58,39,39,39,39,39,35,35,35,35,45,45,54,66,66,61,65,66,66,66,66,66,66,66,72,72,72,75,77,79,85,85,85,0],"gold":126,"neow_bonus":"TRANSFORM_TWO_CARDS","is_prod":false,"is_daily":false,"rewards_skipped":[{"floor":4,"relics":[],"potions":["PowerPotion"]},{"floor":24,"relics":[],"potions":["AttackPotion"]},{"floor":30,"relics":[],"potions":["Strength Potion"]},{"floor":35,"relics":[],"potions":["Poison Potion"]},{"floor":36,"relics":[],"potions":["SkillPotion"]}],"chose_seed":false,"campfire_upgraded":5,"win_rate":0,"floor_exit_playtime":[72,131,183,295,348,360,452,486,492,607,611,716,722,779,784,1021,1035,1105,1253,1288,1417,1432,1441,1543,1556,1561,1571,1655,1680,1723,1838,1844,2106,2119,2248,2375,8147,8235,8337,8505,8680,8908,8911,8914,9111,9251,9341,9381,9385,10368],"timestamp":1694724785,"blue_key_relic_skipped_log":{"floor":43,"relicID":"Bottled Tornado"},"path_taken":["M","M","M","M","M","R","E","?","T","?","R","E","R","E","R","BOSS","M","M","$","M","?","R","E","?","T","R","M","$","M","E","R","BOSS","M","M","$","M","M","E","M","E","T","?","E","M","?","?","R","BOSS","BOSS"],"build_version":"2022-12-18","purchased_purges":3,"victory":false,"max_hp_per_floor":[66,66,66,66,66,66,66,66,66,66,66,66,66,66,66,66,66,66,66,66,66,66,66,66,66,66,66,66,66,66,66,66,66,66,66,66,66,66,66,66,66,73,73,73,75,77,79,85,85,85,85],"relic_stats":{"Singing Bowl":12,"counters":[31,193],"CeramicFish":198,"Letter Opener":[585],"Orichalcum":[6],"Dream Catcher":0,"Ornamental Fan":[144],"Pantograph":25,"Bottled Lightning":"Calculated Gamble","Membership Card":656,"Chemical X":[19],"obtain_stats":[{"Singing Bowl":45,"CeramicFish":10,"Letter Opener":26,"Orichalcum":20,"Blood Vial":7,"Du-Vu Doll":47,"Anchor":24,"Dream Catcher":31,"Ornamental Fan":40,"Pantograph":14,"Strawberry":42,"Orrery":48,"Philosopher\u0027s Stone":17,"Fusion Hammer":34,"Bottled Lightning":9,"Membership Card":20,"Chemical X":37,"InkBottle":12,"Ring of the Snake":0},{"Singing Bowl":27,"CeramicFish":8,"Letter Opener":15,"Orichalcum":13,"Blood Vial":6,"Du-Vu Doll":29,"Anchor":15,"Dream Catcher":18,"Ornamental Fan":24,"Pantograph":10,"Strawberry":26,"Orrery":29,"Philosopher\u0027s Stone":11,"Fusion Hammer":19,"Bottled Lightning":7,"Membership Card":13,"Chemical X":21,"InkBottle":9,"Ring of the Snake":0},{"Singing Bowl":151,"CeramicFish":37,"Letter Opener":91,"Orichalcum":75,"Blood Vial":27,"Du-Vu Doll":158,"Anchor":91,"Dream Catcher":103,"Ornamental Fan":134,"Pantograph":47,"Strawberry":146,"Orrery":158,"Philosopher\u0027s Stone":64,"Fusion Hammer":114,"Bottled Lightning":29,"Membership Card":75,"Chemical X":124,"InkBottle":42,"Ring of the Snake":0}],"InkBottle":[92],"Ring of the Snake":[64]},"card_choices":[{"not_picked":["Deflect","Dagger Spray","Eviscerate"],"picked":"SKIP","floor":1},{"not_picked":["Distraction","Quick Slash"],"picked":"Dagger Throw","floor":2},{"not_picked":["Dodge and Roll","Bane"],"picked":"Dash","floor":3},{"not_picked":["Bane","Backflip"],"picked":"Endless Agony","floor":4},{"not_picked":["Blur","All Out Attack"],"picked":"Wraith Form v2","floor":5},{"not_picked":["Cloak And Dagger","Poisoned Stab"],"picked":"Calculated Gamble","floor":7},{"not_picked":["Blade Dance","Sucker Punch"],"picked":"Footwork","floor":8},{"not_picked":["Riddle With Holes","Masterful Stab"],"picked":"Prepared","floor":10},{"not_picked":["Flechettes","Crippling Poison","Heel Hook"],"picked":"SKIP","floor":12},{"not_picked":["Cloak And Dagger","Caltrops"],"picked":"After Image","floor":14},{"not_picked":["Corpse Explosion","Storm of Steel"],"picked":"Adrenaline","floor":16},{"not_picked":["Finisher","Quick Slash"],"picked":"Footwork+1","floor":18},{"not_picked":["Deadly Poison","Finisher","Underhanded Strike"],"picked":"SKIP","floor":19},{"not_picked":["Bane+1","Setup"],"picked":"Cloak And Dagger+1","floor":21},{"not_picked":["Catalyst","Unload","Poisoned Stab+1"],"picked":"SKIP","floor":24},{"not_picked":["Finisher","Sucker Punch"],"picked":"Backflip","floor":28},{"not_picked":["Predator","Dagger Spray"],"picked":"Well Laid Plans+1","floor":30},{"not_picked":["Sucker Punch","Deadly Poison+1"],"picked":"Backflip","floor":31},{"not_picked":["Bullet Time","Glass Knife"],"picked":"Doppelganger","floor":33},{"not_picked":["Underhanded Strike","Choke"],"picked":"Acrobatics","floor":35},{"not_picked":["Underhanded Strike+1","Deadly Poison","Dagger Spray"],"picked":"SKIP","floor":36},{"not_picked":["Infinite Blades+1","Distraction+1","Eviscerate"],"picked":"SKIP","floor":38},{"not_picked":["Cloak And Dagger","Underhanded Strike+1","Infinite Blades"],"picked":"SKIP","floor":39},{"not_picked":["Cloak And Dagger","Underhanded Strike+1","Infinite Blades"],"picked":"SKIP","floor":39},{"not_picked":["Distraction","Caltrops"],"picked":"Flechettes+1","floor":40},{"not_picked":["Riddle With Holes","Deadly Poison+1","Deflect"],"picked":"SKIP","floor":41},{"not_picked":["Sucker Punch","Dash+1","Storm of Steel"],"picked":"SKIP","floor":42},{"not_picked":["Dagger Throw","Slice","Setup"],"picked":"Singing Bowl","floor":45},{"not_picked":["Cloak And Dagger","Bane+1","Deadly Poison+1"],"picked":"Singing Bowl","floor":46},{"not_picked":["Deadly Poison","Flying Knee","Noxious Fumes"],"picked":"Singing Bowl","floor":47},{"not_picked":["Grand Finale","Dodge and Roll"],"picked":"Escape Plan","floor":48},{"not_picked":["Slice","Heel Hook"],"picked":"PiercingWail+1","floor":48},{"not_picked":["Masterful Stab","Dagger Throw","Underhanded Strike+1"],"picked":"Singing Bowl","floor":48},{"not_picked":["Masterful Stab+1","Heel Hook","Bouncing Flask+1"],"picked":"Singing Bowl","floor":48},{"not_picked":["Dagger Throw","Heel Hook","Prepared"],"picked":"Singing Bowl","floor":48}],"player_experience":1990378,"relics_obtained":[{"floor":7,"key":"Blood Vial"},{"floor":9,"key":"Bottled Lightning"},{"floor":10,"key":"CeramicFish"},{"floor":12,"key":"InkBottle"},{"floor":14,"key":"Pantograph"},{"floor":24,"key":"Anchor"},{"floor":26,"key":"Letter Opener"},{"floor":31,"key":"Dream Catcher"},{"floor":40,"key":"Ornamental Fan"},{"floor":42,"key":"Strawberry"},{"floor":45,"key":"Singing Bowl"},{"floor":47,"key":"Du-Vu Doll"}],"event_choices":[{"damage_healed":0,"gold_gain":0,"player_choice":"Searched \u00271\u0027 times","damage_taken":0,"max_hp_gain":0,"max_hp_loss":0,"event_name":"Dead Adventurer","floor":10,"gold_loss":0},{"damage_healed":0,"gold_gain":0,"player_choice":"Ignored","damage_taken":0,"max_hp_gain":0,"max_hp_loss":0,"event_name":"Ghosts","floor":22,"gold_loss":0},{"damage_healed":0,"gold_gain":0,"player_choice":"Became a vampire (Vial)","damage_taken":0,"max_hp_gain":0,"max_hp_loss":0,"event_name":"Vampires","floor":25,"relics_lost":["Blood Vial"],"gold_loss":0,"cards_obtained":["Bite","Bite","Bite","Bite","Bite"]},{"damage_healed":0,"gold_gain":0,"player_choice":"Ignored","damage_taken":0,"max_hp_gain":0,"max_hp_loss":0,"event_name":"Tomb of Lord Red Mask","floor":44,"gold_loss":0},{"damage_healed":0,"gold_gain":0,"player_choice":"Fight","damage_taken":0,"max_hp_gain":0,"max_hp_loss":0,"event_name":"Mysterious Sphere","floor":47,"gold_loss":0}],"is_beta":false,"boss_relics":[{"not_picked":["Ectoplasm","Busted Crown"],"picked":"Philosopher\u0027s Stone"},{"not_picked":["WristBlade","Astrolabe"],"picked":"Fusion Hammer"}],"items_purged_floors":[20,29,37],"is_endless":false,"potions_floor_spawned":[2,3,4,10,12,21,24,30,33,35,36,39,46],"killed_by":"Time Eater","ascension_level":20,"potion_discard_per_floor":[[],[],[],[],[],[],[],[],[],[],[],[],[],[],[],[],[],[],[],[],[],[],[],[],[],[],[],[],[],[],[],[],[],[],[],[],["Regen Potion"],[],["AttackPotion"],[],[],[],[],[],[],[],[],[],[],[],[]]}