{"neow_bonuses_skipped_log":["HUNDRED_GOLD","TWO_FIFTY_GOLD","BOSS_RELIC"],"neow_costs_skipped_log":["NONE","PERCENT_DAMAGE","NONE"],"potions_obtained_entropic_brew":[[],[],[],[],[],[],[],[],[],[],[],[],[],[],[],[],[],[],[],[],[],[]],"gold_per_floor":[111,130,144,155,135,164,164,183,210,222,252,264,309,321,333,422,434,457,384,8,23,23],"floor_reached":22,"playtime":787,"items_purged":["Strike_G"],"score":392,"play_id":"b702345a-28a4-484d-b335-670ad4be5bbf","local_time":"20230907011752","score_breakdown":["Floors Climbed (22): 110","Enemies Slain (8): 16","Exordium Elites Killed (2): 20","City Elites Killed (0): 0","Bosses Slain (1): 50","Ascension (20): 196"],"is_ascension_mode":true,"potions_obtained_alchemize":[[],[],[],[],[],[],[],[],[],[],[],[],[],[],[],[],[],[],[],[],[],[]],"campfire_choices":[{"floor":7.0,"key":"REST"},{"data":"Blade Dance","floor":10.0,"key":"SMITH"},{"data":"Dagger Spray","floor":12.0,"key":"SMITH"},{"floor":15,"key":"REST"}],"lesson_learned_per_floor":[[],[],[],[],[],[],[],[],[],[],[],[],[],[],[],[],[],[],[],[],[],[]],"neow_cost":"NONE","improvable_cards":{},"seed_source_timestamp":902669406156500,"shop_contents":[{"floor":20,"relics":["Akabeko","Frozen Eye"],"cards":["Flying Knee","Quick Slash","Prepared","PiercingWail","Purity","Chrysalis"],"potions":["DuplicationPotion","FearPotion"]}],"circlet_count":0,"master_deck":["AscendersBane","Defend_G","Defend_G+1","Defend_G+1","Defend_G","Defend_G","Survivor","Neutralize","Bullet Time","Quick Slash","Backflip","Blade Dance+1","Flying Knee","Dagger Spray+1","Endless Agony","Well Laid Plans","Prepared","Corpse Explosion","Deadly Poison","Grand Finale","Noxious Fumes"],"special_seed":0,"potion_use_per_floor":[[],[],[],[],[],["SteroidPotion"],[],[],[],[],["Regen Potion"],[],["Strength Potion"],[],[],["EssenceOfSteel"],[],[],[],[],["Fire Potion"],[]],"relics":["Ring of the Snake","Dream Catcher","MawBank","War Paint","Empty Cage","Nunchaku","PreservedInsect"],"potions_floor_usage":[13,16,21],"damage_taken":[{"damage":6.0,"enemies":"Jaw Worm","floor":1.0,"turns":6.0},{"damage":1.0,"enemies":"Cultist","floor":2.0,"turns":3.0},{"damage":1.0,"enemies":"Small Slimes","floor":3.0,"turns":6.0},{"damage":3.0,"enemies":"Blue Slaver","floor":4.0,"turns":4.0},{"damage":39.0,"enemies":"Gremlin Nob","floor":6.0,"turns":4.0},{"damage":0.0,"enemies":"3 Louse","floor":8.0,"turns":3.0},{"damage":0.0,"enemies":"Lots of Slimes","floor":11.0,"turns":6.0},{"damage":30,"enemies":"Lagavulin","floor":13,"turns":4},{"damage":19,"enemies":"Hexaghost","floor":16,"turns":9},{"damage":22,"enemies":"Shell Parasite","floor":18,"turns":6},{"damage":15,"enemies":"2 Thieves","floor":21,"turns":4},{"damage":19,"enemies":"Shelled Parasite and Fungi","floor":22,"turns":2}],"seed_played":"2267936364041470017","neow_bonus_log":{"cardsObtained":["Bullet Time"],"cardsUpgraded":[],"cardsRemoved":[],"cardsTransformed":["Strike_G"],"relicsObtained":[],"maxHpGained":0,"goldGained":0,"damageTaken":0,"goldLost":0,"maxHpLost":0},"potions_obtained":[{"floor":2.0,"key":"Dexterity Potion"},{"floor":3.0,"key":"SteroidPotion"},{"floor":5.0,"key":"Regen Potion"},{"floor":6.0,"key":"EssenceOfSteel"},{"floor":11.0,"key":"Strength Potion"},{"floor":21,"key":"SpeedPotion"}],"is_trial":false,"path_per_floor":["M","M","M","M","?","E","R","M","T","R","M","R","E","?","R","B",null,"M","?","$","M","M"],"character_chosen":"THE_SILENT","basemod:card_modifiers":[null,null,null,null,null,null,null,null,null,null,null,null,null,null,null,null,null,null,null,null,null],"items_purchased":["PreservedInsect","Fire Potion","Noxious Fumes"],"campfire_rested":2,"item_purchase_floors":[20,20,20],"current_hp_per_floor":[53,52,51,48,48,9,28,28,28,28,43,43,13,6,25,6,51,29,29,29,14,0],"gold":23,"neow_bonus":"TRANSFORM_CARD","is_prod":false,"is_daily":false,"rewards_skipped":[],"chose_seed":false,"campfire_upgraded":2,"win_rate":0,"floor_exit_playtime":[63,91,141,183,190,236,242,291,294,304,375,384,435,441,453,559,581,660,663,688,758],"timestamp":1694063872,"path_taken":["M","M","M","M","?","E","R","?","T","R","M","R","E","?","R","BOSS","M","?","$","M","M"],"build_version":"2022-12-18","purchased_purges":1,"victory":false,"max_hp_per_floor":[66,66,66,66,66,66,66,66,66,66,66,66,66,66,66,66,66,66,66,66,66,66],"relic_stats":{"Dream Catcher":2,"Nunchaku":[1],"counters":[12,57],"PreservedInsect":0,"War Paint":["Defend_G","Defend_G"],"MawBank":132,"obtain_stats":[{"Dream Catcher":6,"Nunchaku":19,"PreservedInsect":20,"War Paint":13,"MawBank":9,"Empty Cage":17,"Ring of the Snake":0},{"Dream Catcher":5,"Nunchaku":10,"PreservedInsect":10,"War Paint":8,"MawBank":6,"Empty Cage":9,"Ring of the Snake":0},{"Dream Catcher":23,"Nunchaku":51,"PreservedInsect":51,"War Paint":36,"MawBank":26,"Empty Cage":45,"Ring of the Snake":0}],"Ring of the Snake":[26]},"card_choices":[{"not_picked":["Sucker Punch","Backflip"],"picked":"Quick Slash","floor":1.0},{"not_picked":["Leg Sweep","Poisoned Stab"],"picked":"Backflip","floor":2.0},{"not_picked":["Wraith Form v2","Acrobatics"],"picked":"Blade Dance","floor":3.0},{"not_picked":["Acrobatics","Deadly Poison"],"picked":"Flying Knee","floor":4.0},{"not_picked":["Heel Hook","Doppelganger"],"picked":"Dagger Spray","floor":6.0},{"not_picked":["Slice","Quick Slash"],"picked":"Endless Agony","floor":7.0},{"not_picked":["Dagger Throw","All Out Attack"],"picked":"Well Laid Plans","floor":8.0},{"not_picked":["Flying Knee","Tactician"],"picked":"Prepared","floor":11.0},{"not_picked":["Dodge and Roll","Outmaneuver"],"picked":"Corpse Explosion","floor":13},{"not_picked":["Acrobatics","Caltrops"],"picked":"Deadly Poison","floor":15},{"not_picked":["Malaise","Bullet Time"],"picked":"Grand Finale","floor":16},{"not_picked":["Finisher","Bane+1","Sucker Punch"],"picked":"SKIP","floor":18},{"not_picked":["Dodge and Roll","Distraction","Bane"],"picked":"SKIP","floor":21}],"player_experience":1974873,"relics_obtained":[{"floor":6.0,"key":"Dream Catcher"},{"floor":9.0,"key":"MawBank"},{"floor":13,"key":"War Paint"}],"event_choices":[{"damage_healed":0.0,"max_hp_gain":0.0,"max_hp_loss":0.0,"gold_gain":0.0,"event_name":"The Woman in Blue","player_choice":"Bought 1 Potion","floor":5.0,"gold_loss":0.0,"damage_taken":0.0},{"cards_removed":["Strike_G"],"damage_healed":0,"gold_gain":0,"player_choice":"Card Removal","damage_taken":7,"max_hp_gain":0,"max_hp_loss":0,"event_name":"Golden Wing","floor":14,"gold_loss":0},{"damage_healed":0,"gold_gain":0,"player_choice":"Obtained Relic","damage_taken":0,"relics_obtained":["Nunchaku"],"max_hp_gain":0,"max_hp_loss":0,"event_name":"Addict","floor":19,"gold_loss":85}],"is_beta":false,"boss_relics":[{"not_picked":["Snecko Eye","WristBlade"],"picked":"Empty Cage"}],"items_purged_floors":[20],"is_endless":false,"potions_floor_spawned":[2,3,6,11,21],"killed_by":"Shelled Parasite and Fungi","ascension_level":20,"potion_discard_per_floor":[[],[],[],[],["Dexterity Potion"],[],[],[],[],[],[],[],[],[],[],[],[],[],[],[],[],[]]}