{"neow_bonuses_skipped_log":["ONE_RANDOM_RARE_CARD","TEN_PERCENT_HP_BONUS","BOSS_RELIC"],"potions_obtained_entropic_brew":[[],[],[],[],[],[],[],[],[],[],[],[],[],[],[],[],[],[],[],[],[],[],[],[]],"neow_costs_skipped_log":["NONE","NONE","NONE"],"gold_per_floor":[157,207,245,263,20,68,68,78,78,159,236,275,275,337,337,439,439,482,495,495,695,756,756,756],"floor_reached":24,"playtime":1109,"items_purged":["Defend_G"],"score":420,"play_id":"cc413b9e-13b7-467e-9e7c-6fe5b74e0f21","local_time":"20231005022004","score_breakdown":["Floors Climbed (24): 120","Enemies Slain (10): 20","Exordium Elites Killed (2): 20","City Elites Killed (0): 0","Bosses Slain (1): 50","Ascension (20): 210"],"is_ascension_mode":true,"potions_obtained_alchemize":[[],[],[],[],[],[],[],[],[],[],[],[],[],[],[],[],[],[],[],[],[],[],[],[]],"campfire_choices":[{"data":"HandOfGreed","floor":7,"key":"SMITH"},{"data":"Calculated Gamble","floor":13,"key":"SMITH"},{"data":"Acrobatics","floor":15,"key":"SMITH"},{"data":"Tactician","floor":23,"key":"SMITH"}],"lesson_learned_per_floor":[[],[],[],[],[],[],[],[],[],[],[],[],[],[],[],[],[],[],[],[],[],[],[],[]],"neow_cost":"TEN_PERCENT_HP_LOSS","improvable_cards":{},"seed_source_timestamp":1554464517809100,"shop_contents":[{"floor":5,"relics":["Mercury Hourglass","PrismaticShard"],"cards":["Riddle With Holes","Sucker Punch","Outmaneuver","Concentrate","Noxious Fumes","Jack Of All Trades","Master of Strategy"],"potions":["AttackPotion","Ancient Potion","FearPotion"]}],"circlet_count":0,"master_deck":["AscendersBane","Strike_G","Strike_G","Strike_G","Strike_G","Strike_G","Defend_G","Defend_G","Defend_G","Defend_G","Survivor","Neutralize","HandOfGreed+1","Prepared","Terror","Dagger Throw","Adrenaline","Acrobatics+1","Underhanded Strike","Calculated Gamble+1","Tactician+1","Malaise","Footwork","Prepared","PiercingWail"],"potion_use_per_floor":[[],[],[],[],[],["Regen Potion"],[],[],[],[],[],[],[],[],[],["SteroidPotion"],[],[],[],[],[],["Block Potion"],[],["Strength Potion"]],"relics":["Ring of the Snake","Orichalcum","Strawberry","WingedGreaves","Letter Opener","Odd Mushroom","Black Star"],"potions_floor_usage":[6,16,22,24],"damage_taken":[{"damage":1,"enemies":"Small Slimes","floor":1,"turns":3},{"damage":0,"enemies":"2 Louse","floor":2,"turns":3},{"damage":1,"enemies":"Cultist","floor":3,"turns":4},{"damage":3,"enemies":"Blue Slaver","floor":4,"turns":4},{"damage":21,"enemies":"Lagavulin","floor":6,"turns":8},{"damage":4,"enemies":"Red Slaver","floor":8,"turns":3},{"damage":22,"enemies":"3 Sentries","floor":10,"turns":11},{"damage":3,"enemies":"The Mushroom Lair","floor":11,"turns":5},{"damage":1,"enemies":"Looter","floor":12,"turns":3},{"damage":3,"enemies":"Exordium Wildlife","floor":14,"turns":4},{"damage":13,"enemies":"Hexaghost","floor":16,"turns":8},{"damage":2,"enemies":"Chosen","floor":18,"turns":5},{"damage":2,"enemies":"Shell Parasite","floor":19,"turns":6},{"damage":19,"enemies":"3 Cultists","floor":22,"turns":6},{"damage":35,"enemies":"Slavers","floor":24,"turns":4}],"seed_played":"3823555694999723469","neow_bonus_log":{"cardsObtained":[],"cardsUpgraded":[],"cardsRemoved":[],"cardsTransformed":[],"relicsObtained":[],"maxHpGained":0,"goldGained":0,"damageTaken":0,"goldLost":0,"maxHpLost":6},"potions_obtained":[{"floor":3,"key":"Block Potion"},{"floor":4,"key":"Regen Potion"},{"floor":12,"key":"SteroidPotion"},{"floor":16,"key":"Strength Potion"}],"is_trial":false,"path_per_floor":["M","M","M","M","$","E","R","M","T","E","?","M","R","M","R","B",null,"M","M","?","?","M","R","E"],"character_chosen":"THE_SILENT","basemod:card_modifiers":[null,null,null,null,null,null,null,null,null,null,null,null,null,null,null,null,null,null,null,null,null,null,null,null,null],"items_purchased":["Orichalcum"],"campfire_rested":0,"item_purchase_floors":[5],"current_hp_per_floor":[58,58,57,54,54,54,54,50,50,28,25,24,24,21,21,8,52,50,48,48,48,29,29,0],"gold":756,"neow_bonus":"RANDOM_COLORLESS_2","is_prod":false,"is_daily":false,"rewards_skipped":[{"floor":18,"relics":[],"potions":["PowerPotion"]}],"chose_seed":false,"campfire_upgraded":4,"win_rate":0,"floor_exit_playtime":[52,77,103,142,169,245,250,292,295,434,506,537,544,599,606,711,732,810,899,914,923,1011,1031],"timestamp":1696486804,"path_taken":["M","M","M","M","$","E","R","M","T","E","?","M","R","M","R","BOSS","M","M","?","?","M","R","E"],"build_version":"2022-12-18","purchased_purges":1,"victory":false,"max_hp_per_floor":[60,60,60,60,60,67,67,67,67,67,67,67,67,67,67,67,67,67,67,67,67,67,67,67],"relic_stats":{"counters":[15,77],"WingedGreaves":0,"Black Star":0,"Letter Opener":[150],"Orichalcum":[150],"obtain_stats":[{"Strawberry":6,"WingedGreaves":9,"Black Star":17,"Letter Opener":10,"Orichalcum":5,"Odd Mushroom":11,"Ring of the Snake":0},{"Strawberry":5,"WingedGreaves":6,"Black Star":11,"Letter Opener":7,"Orichalcum":4,"Odd Mushroom":8,"Ring of the Snake":0},{"Strawberry":22,"WingedGreaves":25,"Black Star":56,"Letter Opener":36,"Orichalcum":14,"Odd Mushroom":41,"Ring of the Snake":0}],"Ring of the Snake":[30]},"card_choices":[{"not_picked":["Transmutation","Panache"],"picked":"HandOfGreed","floor":0},{"not_picked":["Deadly Poison","Riddle With Holes","Deflect"],"picked":"SKIP","floor":1},{"not_picked":["Deadly Poison","Skewer"],"picked":"Prepared","floor":2},{"not_picked":["Cloak And Dagger","Catalyst"],"picked":"Terror","floor":3},{"not_picked":["Finisher","Quick Slash"],"picked":"Dagger Throw","floor":4},{"not_picked":["Underhanded Strike","Dash"],"picked":"Adrenaline","floor":6},{"not_picked":["Deflect","Bane"],"picked":"Acrobatics","floor":8},{"not_picked":["Cloak And Dagger","Bane","Outmaneuver"],"picked":"SKIP","floor":10},{"not_picked":["Deadly Poison","Acrobatics"],"picked":"Underhanded Strike","floor":11},{"not_picked":["Blade Dance","Infinite Blades"],"picked":"Calculated Gamble","floor":12},{"not_picked":["Deadly Poison","Tools of the Trade"],"picked":"Tactician","floor":14},{"not_picked":["Corpse Explosion","Envenom"],"picked":"Malaise","floor":16},{"not_picked":["Backflip","Flechettes"],"picked":"Footwork","floor":18},{"not_picked":["PiercingWail","Outmaneuver"],"picked":"Prepared","floor":19},{"not_picked":["Cloak And Dagger","Masterful Stab"],"picked":"PiercingWail","floor":22}],"player_experience":2021074,"relics_obtained":[{"floor":6,"key":"Strawberry"},{"floor":9,"key":"WingedGreaves"},{"floor":10,"key":"Letter Opener"},{"floor":11,"key":"Odd Mushroom"}],"event_choices":[{"damage_healed":0,"gold_gain":0,"player_choice":"Fought Mushrooms","damage_taken":0,"max_hp_gain":0,"max_hp_loss":0,"event_name":"Mushrooms","floor":11,"gold_loss":0},{"damage_healed":0,"gold_gain":0,"player_choice":"Ignored","damage_taken":0,"max_hp_gain":0,"max_hp_loss":0,"event_name":"Ghosts","floor":20,"gold_loss":0},{"damage_healed":0,"gold_gain":250,"player_choice":"Bet on Owner","damage_taken":0,"max_hp_gain":0,"max_hp_loss":0,"event_name":"The Joust","floor":21,"gold_loss":50}],"is_beta":false,"boss_relics":[{"not_picked":["Velvet Choker","Snecko Eye"],"picked":"Black Star"}],"items_purged_floors":[5],"is_endless":false,"potions_floor_spawned":[3,4,12,16,18],"killed_by":"Slavers","ascension_level":20,"potion_discard_per_floor":[[],[],[],[],[],[],[],[],[],[],[],[],[],[],[],[],[],[],[],[],[],[],[],[]]}