{"neow_bonuses_skipped_log":["THREE_ENEMY_KILL","THREE_RARE_CARDS","BOSS_RELIC"],"potions_obtained_entropic_brew":[[],[],[],[],[],[],[],[],[],[],[]],"neow_costs_skipped_log":["NONE","CURSE","NONE"],"gold_per_floor":[116,15,15,32,47,47,76,88,179,170,182],"floor_reached":11,"playtime":427,"items_purged":["Defend_G"],"score":146,"play_id":"88b98057-7c6b-433c-afc6-a13c2f4f9e16","local_time":"20231005002702","score_breakdown":["Floors Climbed (11): 55","Enemies Slain (4): 8","Exordium Elites Killed (1): 10","Bosses Slain (0): 0","Ascension (20): 73"],"is_ascension_mode":true,"potions_obtained_alchemize":[[],[],[],[],[],[],[],[],[],[],[]],"campfire_choices":[{"data":"Dash","floor":6,"key":"SMITH"},{"data":"Envenom","floor":8,"key":"SMITH"}],"lesson_learned_per_floor":[[],[],[],[],[],[],[],[],[],[],[]],"neow_cost":"NONE","improvable_cards":{},"seed_source_timestamp":0,"shop_contents":[{"floor":2,"relics":["Eternal Feather","Ninja Scroll","Cauldron"],"cards":["Finisher","Eviscerate","Acrobatics","Accuracy","Dramatic Entrance","Transmutation"],"potions":["LiquidMemories","Ancient Potion","SteroidPotion"]}],"circlet_count":0,"master_deck":["AscendersBane","Strike_G","Strike_G","Strike_G","Strike_G","Strike_G","Defend_G","Defend_G","Defend_G","Defend_G","Survivor","Neutralize","Swift Strike","Catalyst","Backflip","Decay","Dash+1","Terror","Envenom+1","Bane"],"special_seed":0,"potion_use_per_floor":[[],[],[],[],[],[],["Fire Potion"],[],[],[],[]],"relics":["Ring of the Snake","MawBank","Letter Opener"],"potions_floor_usage":[7],"damage_taken":[{"damage":0,"enemies":"Small Slimes","floor":1,"turns":5},{"damage":3,"enemies":"Cultist","floor":4,"turns":4},{"damage":6,"enemies":"Jaw Worm","floor":5,"turns":4},{"damage":13,"enemies":"Lagavulin","floor":7,"turns":8},{"damage":10,"enemies":"Exordium Thugs","floor":10,"turns":4},{"damage":15,"enemies":"Large Slime","floor":11,"turns":5}],"seed_played":"2194418143174905190","neow_bonus_log":{"cardsObtained":[],"cardsUpgraded":[],"cardsRemoved":[],"cardsTransformed":[],"relicsObtained":[],"maxHpGained":0,"goldGained":0,"damageTaken":0,"goldLost":0,"maxHpLost":0},"potions_obtained":[{"floor":5,"key":"Fire Potion"},{"floor":7,"key":"Poison Potion"}],"is_trial":false,"path_per_floor":["M","$","?","M","M","R","E","R","T","M","M"],"character_chosen":"THE_SILENT","basemod:card_modifiers":[null,null,null,null,null,null,null,null,null,null,null,null,null,null,null,null,null,null,null,null],"items_purchased":["Backflip"],"campfire_rested":0,"item_purchase_floors":[2],"current_hp_per_floor":[59,59,59,56,50,50,37,37,37,27,12],"gold":182,"neow_bonus":"RANDOM_COLORLESS","is_prod":false,"is_daily":false,"rewards_skipped":[],"chose_seed":false,"campfire_upgraded":2,"win_rate":0,"floor_exit_playtime":[77,116,128,160,203,214,286,293,295,372],"timestamp":1696480022,"path_taken":["M","$","?","M","M","R","E","R","T","M","?"],"build_version":"2022-12-18","purchased_purges":1,"victory":false,"max_hp_per_floor":[66,66,66,66,66,66,66,66,66,66,66],"relic_stats":{"counters":[6,30],"Letter Opener":[15],"MawBank":48,"obtain_stats":[{"Letter Opener":9,"MawBank":7,"Ring of the Snake":0},{"Letter Opener":4,"MawBank":4,"Ring of the Snake":0},{"Letter Opener":21,"MawBank":21,"Ring of the Snake":0}],"Ring of the Snake":[12]},"card_choices":[{"not_picked":["Blind","Enlightenment"],"picked":"Swift Strike","floor":0},{"not_picked":["Dodge and Roll","Deflect"],"picked":"Catalyst","floor":1},{"not_picked":["Deflect","Flying Knee"],"picked":"Dash","floor":4},{"not_picked":["Prepared","Underhanded Strike"],"picked":"Terror","floor":5},{"not_picked":["Bane","Prepared"],"picked":"Envenom","floor":7},{"not_picked":["Backstab","Dagger Throw"],"picked":"Bane","floor":10}],"player_experience":2015011,"relics_obtained":[{"floor":7,"key":"MawBank"},{"floor":9,"key":"Letter Opener"}],"event_choices":[{"damage_healed":0,"gold_gain":0,"player_choice":"Cursed","damage_taken":0,"max_hp_gain":0,"max_hp_loss":0,"event_name":"Wheel of Change","floor":3,"gold_loss":0,"cards_obtained":["Decay"]}],"is_beta":false,"boss_relics":[],"items_purged_floors":[2],"is_endless":false,"potions_floor_spawned":[5,7],"killed_by":"Large Slime","ascension_level":20,"potion_discard_per_floor":[[],[],[],[],[],[],[],[],[],[],[]]}