{"neow_bonuses_skipped_log":["UPGRADE_CARD","ONE_RARE_RELIC","BOSS_RELIC"],"potions_obtained_entropic_brew":[[],[],[],[],[],[],[],[],[],[],[],[],[],[],[],[],[],[]],"neow_costs_skipped_log":["NONE","PERCENT_DAMAGE","NONE"],"gold_per_floor":[112,126,51,51,61,61,79,79,79,95,121,121,121,154,154,230,230,230],"floor_reached":18,"playtime":907,"items_purged":[],"score":390,"play_id":"a06aa98b-845e-4e2d-ba6e-94cac96f9a3d","local_time":"20231005023521","score_breakdown":["Floors Climbed (18): 90","Enemies Slain (5): 10","Exordium Elites Killed (2): 20","City Elites Killed (0): 0","Bosses Slain (1): 50","Champion (1): 25","Ascension (20): 195"],"is_ascension_mode":true,"potions_obtained_alchemize":[[],[],[],[],[],[],[],[],[],[],[],[],[],[],[],[],[],[]],"campfire_choices":[{"data":"Grand Finale","floor":6,"key":"SMITH"},{"floor":8,"key":"REST"},{"floor":12,"key":"REST"},{"data":"Acrobatics","floor":15,"key":"SMITH"}],"lesson_learned_per_floor":[[],[],[],[],[],[],[],[],[],[],[],[],[],[],[],[],[],[]],"neow_cost":"NONE","improvable_cards":{},"seed_source_timestamp":1555583126273800,"shop_contents":[],"circlet_count":0,"master_deck":["AscendersBane","Strike_G+1","Defend_G","Defend_G","Defend_G","Defend_G","Defend_G","Survivor","Neutralize","Tools of the Trade+1","Catalyst","Grand Finale+1","Acrobatics+1","Backflip","Leg Sweep","Doppelganger","Choke+1","Predator+1","Predator+1"],"potion_use_per_floor":[[],[],[],[],[],[],["Block Potion","GamblersBrew"],[],[],[],[],[],[],[],[],["Poison Potion","SneckoOil"],[],[]],"relics":["Ring of the Snake","Art of War","Gambling Chip","Lantern","Astrolabe"],"potions_floor_usage":[7,7,16,16],"damage_taken":[{"damage":0,"enemies":"2 Louse","floor":1,"turns":6},{"damage":0,"enemies":"Jaw Worm","floor":2,"turns":7},{"damage":1,"enemies":"Small Slimes","floor":5,"turns":4},{"damage":6,"enemies":"Exordium Thugs","floor":7,"turns":2},{"damage":3,"enemies":"Blue Slaver","floor":10,"turns":6},{"damage":22,"enemies":"3 Sentries","floor":11,"turns":5},{"damage":0,"enemies":"Gremlin Nob","floor":14,"turns":3},{"damage":16,"enemies":"The Guardian","floor":16,"turns":15},{"damage":54,"enemies":"3 Byrds","floor":18,"turns":7}],"seed_played":"1685172244533163498","neow_bonus_log":{"cardsObtained":[],"cardsUpgraded":[],"cardsRemoved":[],"cardsTransformed":[],"relicsObtained":[],"maxHpGained":0,"goldGained":0,"damageTaken":0,"goldLost":0,"maxHpLost":0},"potions_obtained":[{"floor":0,"key":"Block Potion"},{"floor":0,"key":"GamblersBrew"},{"floor":7,"key":"SneckoOil"},{"floor":10,"key":"Poison Potion"}],"is_trial":false,"path_per_floor":["M","M","?","?","M","R","M","R","T","M","E","R","?","E","R","B",null,"M"],"character_chosen":"THE_SILENT","basemod:card_modifiers":[null,null,null,null,null,null,null,null,null,null,null,null,null,null,null,null,null,null,null],"items_purchased":[],"campfire_rested":2,"item_purchase_floors":[],"current_hp_per_floor":[59,59,59,39,38,38,32,51,51,48,26,45,34,34,34,18,54,0],"gold":230,"neow_bonus":"THREE_SMALL_POTIONS","is_prod":false,"is_daily":false,"rewards_skipped":[{"floor":0,"relics":[],"potions":["Dexterity Potion"]},{"floor":1,"relics":[],"potions":["EssenceOfSteel"]},{"floor":2,"relics":[],"potions":["Block Potion"]}],"chose_seed":false,"campfire_upgraded":2,"win_rate":0,"floor_exit_playtime":[83,145,158,161,191,206,246,250,254,310,396,400,405,439,449,721,738],"timestamp":1696487721,"blue_key_relic_skipped_log":{"floor":9,"relicID":"Bottled Flame"},"path_taken":["M","M","?","?","M","R","M","R","T","M","E","R","?","E","R","BOSS","M"],"build_version":"2022-12-18","purchased_purges":0,"victory":false,"max_hp_per_floor":[66,66,66,66,66,66,66,66,66,66,66,66,66,66,66,66,66,66],"relic_stats":{"counters":[9,55],"Gambling Chip":[16],"Astrolabe":["Choke","Predator","Predator"],"Art of War":[5],"obtain_stats":[{"Lantern":14,"Gambling Chip":13,"Astrolabe":17,"Art of War":11,"Ring of the Snake":0},{"Lantern":7,"Gambling Chip":6,"Astrolabe":8,"Art of War":6,"Ring of the Snake":0},{"Lantern":33,"Gambling Chip":30,"Astrolabe":48,"Art of War":30,"Ring of the Snake":0}],"Ring of the Snake":[18]},"card_choices":[{"not_picked":["Outmaneuver","Bane"],"picked":"Tools of the Trade","floor":1},{"not_picked":["PiercingWail","Deflect"],"picked":"Catalyst","floor":2},{"not_picked":["Dodge and Roll","Deflect"],"picked":"Grand Finale","floor":5},{"not_picked":["Quick Slash","Accuracy"],"picked":"Acrobatics","floor":7},{"not_picked":["Acrobatics","Riddle With Holes"],"picked":"Backflip","floor":10},{"not_picked":["Poisoned Stab","Dagger Spray"],"picked":"Leg Sweep","floor":11},{"not_picked":["Dash","PiercingWail","Deflect"],"picked":"SKIP","floor":14},{"not_picked":["Bullet Time","Envenom"],"picked":"Doppelganger","floor":16}],"player_experience":2022183,"relics_obtained":[{"floor":11,"key":"Art of War"},{"floor":14,"key":"Lantern"}],"event_choices":[{"cards_removed":["Strike_G"],"damage_healed":0,"gold_gain":0,"player_choice":"Card Removal","damage_taken":0,"max_hp_gain":0,"max_hp_loss":0,"event_name":"The Cleric","floor":3,"gold_loss":75},{"damage_healed":0,"gold_gain":0,"player_choice":"Entered Light","damage_taken":20,"max_hp_gain":0,"max_hp_loss":0,"event_name":"Shining Light","floor":4,"gold_loss":0,"cards_upgraded":["Tools of the Trade","Strike_G"]},{"damage_healed":0,"gold_gain":0,"player_choice":"Success","damage_taken":11,"relics_obtained":["Gambling Chip"],"max_hp_gain":0,"max_hp_loss":0,"event_name":"Scrap Ooze","floor":13,"gold_loss":0}],"is_beta":false,"boss_relics":[{"not_picked":["SacredBark","Velvet Choker"],"picked":"Astrolabe"}],"items_purged_floors":[],"is_endless":false,"potions_floor_spawned":[1,2,7,10],"killed_by":"3 Byrds","ascension_level":20,"potion_discard_per_floor":[[],[],[],[],[],[],[],[],[],[],[],[],[],[],[],[],[],[]]}