{"neow_bonuses_skipped_log":["ONE_RANDOM_RARE_CARD","THREE_ENEMY_KILL","BOSS_RELIC"],"neow_costs_skipped_log":["NONE","NONE","NONE"],"potions_obtained_entropic_brew":[[],[],[],[],[],[],[],[],[],[],[],[],[],[],[],[],[],[],[],[],[],[],[],[],[],[],[],[],[],[]],"gold_per_floor":[363,375,375,140,140,140,151,151,151,167,180,180,190,223,223,302,302,315,332,332,332,16,16,26,26,26,26,58,58,58],"floor_reached":30,"playtime":1168,"items_purged":["Defend_G"],"score":496,"play_id":"27dd80e9-65e3-41ea-aaba-12c9ef002f11","local_time":"20231001114719","score_breakdown":["Floors Climbed (30): 150","Enemies Slain (9): 18","Exordium Elites Killed (1): 10","City Elites Killed (1): 20","Bosses Slain (1): 50","Ascension (20): 248"],"is_ascension_mode":true,"potions_obtained_alchemize":[[],[],[],[],[],[],[],[],[],[],[],[],[],[],[],[],[],[],[],[],[],[],[],[],[],[],[],[],[],[]],"campfire_choices":[{"data":"Blade Dance","floor":6.0,"key":"SMITH"},{"data":"Quick Slash","floor":8.0,"key":"SMITH"},{"data":"Cloak And Dagger","floor":12.0,"key":"SMITH"},{"data":"Crippling Poison","floor":15.0,"key":"SMITH"},{"data":"Apotheosis","floor":23.0,"key":"SMITH"},{"floor":25.0,"key":"REST"},{"data":"Calculated Gamble","floor":27.0,"key":"SMITH"}],"lesson_learned_per_floor":[[],[],[],[],[],[],[],[],[],[],[],[],[],[],[],[],[],[],[],[],[],[],[],[],[],[],[],[],[],[]],"neow_cost":"PERCENT_DAMAGE","improvable_cards":{},"seed_source_timestamp":1242801622541100,"shop_contents":[{"floor":4,"relics":["Strawberry","Lee\u0027s Waffle"],"cards":["Masterful Stab","Flying Knee","Tactician","Deadly Poison","Caltrops","Enlightenment","HandOfGreed"],"potions":["Poison Potion","PowerPotion","PowerPotion"]},{"floor":22,"relics":["Du-Vu Doll","Sundial","Chemical X"],"cards":["Dagger Spray","Bane","Deflect","Swift Strike"],"potions":["GamblersBrew","GamblersBrew","Explosive Potion"]},{"floor":29,"relics":["Orichalcum","Gremlin Horn","HandDrill"],"cards":["Slice","Skewer","Acrobatics","Blur","Noxious Fumes","Blind","Apotheosis"],"potions":["Fruit Juice","Weak Potion","Poison Potion"]}],"circlet_count":0,"master_deck":["AscendersBane","Strike_G","Strike_G","Strike_G","Strike_G","Strike_G","Defend_G","Defend_G","Defend_G","Survivor","Neutralize","Quick Slash+1","Blade Dance+1","Cloak And Dagger+1","Crippling Poison+1","Calculated Gamble+1","Die Die Die","Leg Sweep","Blur+1","Accuracy","Apotheosis+1","Backflip","Footwork","Cloak And Dagger","Doubt","Wraith Form v2"],"special_seed":0,"potion_use_per_floor":[[],[],[],[],[],[],[],[],[],[],[],[],[],["EssenceOfSteel"],[],["SteroidPotion","Explosive Potion"],[],[],[],[],[],[],[],[],[],[],[],["FearPotion"],[],["FearPotion"]],"relics":["Ring of the Snake","Nunchaku","Eternal Feather","Unceasing Top","StrikeDummy","Cursed Key","Thread and Needle"],"potions_floor_usage":[28,30],"damage_taken":[{"damage":0.0,"enemies":"2 Louse","floor":1.0,"turns":2.0},{"damage":4.0,"enemies":"Cultist","floor":2.0,"turns":5.0},{"damage":0.0,"enemies":"Jaw Worm","floor":7.0,"turns":4.0},{"damage":0.0,"enemies":"3 Louse","floor":10.0,"turns":3.0},{"damage":4.0,"enemies":"Exordium Wildlife","floor":11.0,"turns":5.0},{"damage":1.0,"enemies":"Large Slime","floor":13.0,"turns":5.0},{"damage":20.0,"enemies":"Lagavulin","floor":14.0,"turns":6.0},{"damage":35.0,"enemies":"Slime Boss","floor":16.0,"turns":10.0},{"damage":14.0,"enemies":"Shell Parasite","floor":18.0,"turns":4.0},{"damage":0.0,"enemies":"Chosen","floor":19.0,"turns":3.0},{"damage":38.0,"enemies":"Snecko","floor":24.0,"turns":6.0},{"damage":14,"enemies":"Slavers","floor":28,"turns":3},{"damage":46,"enemies":"Gremlin Leader","floor":30,"turns":8}],"seed_played":"-1481668834246124704","neow_bonus_log":{"cardsObtained":[],"cardsUpgraded":[],"cardsRemoved":[],"cardsTransformed":[],"relicsObtained":[],"maxHpGained":0,"goldGained":250,"damageTaken":15,"goldLost":0,"maxHpLost":0},"potions_obtained":[{"floor":1.0,"key":"Explosive Potion"},{"floor":11.0,"key":"EssenceOfSteel"},{"floor":14.0,"key":"SteroidPotion"},{"floor":19.0,"key":"Dexterity Potion"},{"floor":24.0,"key":"FearPotion"},{"floor":28,"key":"FearPotion"}],"is_trial":false,"path_per_floor":["M","M","?","$","T","R","M","R","T","M","M","R","M","E","R","B",null,"M","M","?","?","$","R","M","R","T","R","E","$","E"],"character_chosen":"THE_SILENT","basemod:card_modifiers":[null,null,null,null,null,null,null,null,null,null,null,null,null,null,null,null,null,null,null,null,null,null,null,null,null,null],"items_purchased":["Nunchaku","Apotheosis","Backflip","Footwork"],"campfire_rested":1,"item_purchase_floors":[4,22,22,22],"current_hp_per_floor":[44,40,40,40,40,46,46,52,52,52,48,54,53,33,42,7,51,37,37,37,37,37,49,11,42,42,57,43,43,0],"gold":58,"neow_bonus":"TWO_FIFTY_GOLD","is_prod":false,"is_daily":false,"rewards_skipped":[],"chose_seed":false,"campfire_upgraded":6,"win_rate":0,"floor_exit_playtime":[135,170,174,224,226,233,280,286,288,347,402,407,461,523,530,679,705,765,797,804,813,840,847,922,926,932,939,992,1001],"timestamp":1696175239,"blue_key_relic_skipped_log":{"floor":26,"relicID":"Centennial Puzzle"},"path_taken":["M","M","?","$","?","R","M","R","T","M","M","R","M","E","R","BOSS","M","M","?","?","$","R","M","R","T","R","E","?","E"],"build_version":"2022-12-18","purchased_purges":1,"victory":false,"max_hp_per_floor":[66,66,66,66,66,66,66,66,66,66,66,66,66,66,66,66,66,66,66,66,66,66,66,66,66,66,66,66,66,66],"relic_stats":{"Nunchaku":[19],"counters":[13,64],"Eternal Feather":66,"Cursed Key":1,"obtain_stats":[{"Nunchaku":4,"Eternal Feather":5,"Thread and Needle":28,"StrikeDummy":14,"Cursed Key":17,"Unceasing Top":9,"Ring of the Snake":0},{"Nunchaku":2,"Eternal Feather":2,"Thread and Needle":12,"StrikeDummy":7,"Cursed Key":8,"Unceasing Top":3,"Ring of the Snake":0},{"Nunchaku":7,"Eternal Feather":7,"Thread and Needle":56,"StrikeDummy":30,"Cursed Key":40,"Unceasing Top":11,"Ring of the Snake":0}],"Unceasing Top":[4],"Ring of the Snake":[26]},"card_choices":[{"not_picked":["Deadly Poison","Flying Knee"],"picked":"Quick Slash","floor":1.0},{"not_picked":["Dodge and Roll","Bullet Time"],"picked":"Blade Dance","floor":2.0},{"not_picked":["Expertise","Dagger Throw","Prepared"],"picked":"SKIP","floor":7.0},{"not_picked":["Expertise","Dagger Throw","Prepared"],"picked":"SKIP","floor":7.0},{"not_picked":["Reflex","Poisoned Stab","Dagger Throw"],"picked":"SKIP","floor":10.0},{"not_picked":["Dagger Throw","Underhanded Strike"],"picked":"Cloak And Dagger","floor":11.0},{"not_picked":["Dagger Throw","Eviscerate"],"picked":"Crippling Poison","floor":13.0},{"not_picked":["PiercingWail","Quick Slash"],"picked":"Calculated Gamble","floor":14.0},{"not_picked":["Grand Finale","Venomology"],"picked":"Die Die Die","floor":16.0},{"not_picked":["Flying Knee","Outmaneuver"],"picked":"Leg Sweep","floor":18.0},{"not_picked":["Deadly Poison","Deflect"],"picked":"Blur+1","floor":19.0},{"not_picked":["Slice","Poisoned Stab","Leg Sweep","Quick Slash","Well Laid Plans","Underhanded Strike","PiercingWail","All Out Attack","Tactician","Deadly Poison","Flying Knee","Venomology","Blade Dance","Backflip","Prepared","Dodge and Roll","Dagger Spray","Endless Agony","Choke"],"picked":"Accuracy","floor":21.0},{"not_picked":["Dagger Spray","Flying Knee","Cloak And Dagger"],"picked":"SKIP","floor":24.0},{"not_picked":["Dagger Spray","Flying Knee"],"picked":"Cloak And Dagger","floor":24.0},{"not_picked":["Cloak And Dagger","Prepared"],"picked":"Wraith Form v2","floor":28}],"player_experience":2013520,"relics_obtained":[{"floor":5.0,"key":"Eternal Feather"},{"floor":9.0,"key":"Unceasing Top"},{"floor":14.0,"key":"StrikeDummy"},{"floor":28,"key":"Thread and Needle"}],"event_choices":[{"cards_removed":["Defend_G"],"damage_healed":0.0,"max_hp_gain":0.0,"max_hp_loss":0.0,"gold_gain":0.0,"event_name":"Purifier","player_choice":"Purged","floor":3.0,"gold_loss":0.0,"damage_taken":0.0},{"damage_healed":0.0,"max_hp_gain":0.0,"max_hp_loss":0.0,"gold_gain":0.0,"event_name":"Cursed Tome","player_choice":"Ignored","floor":20.0,"gold_loss":0.0,"damage_taken":0.0},{"damage_healed":0.0,"max_hp_gain":0.0,"max_hp_loss":0.0,"gold_gain":0.0,"event_name":"The Library","player_choice":"Read","floor":21.0,"gold_loss":0.0,"damage_taken":0.0,"cards_obtained":["Accuracy"]}],"is_beta":false,"boss_relics":[{"not_picked":["Fusion Hammer","Snecko Eye"],"picked":"Cursed Key"}],"items_purged_floors":[4],"is_endless":false,"potions_floor_spawned":[1,11,14,19,24,28],"killed_by":"Gremlin Leader","ascension_level":20,"potion_discard_per_floor":[[],[],[],[],[],[],[],[],[],[],[],[],[],[],[],[],[],[],[],[],[],[],[],[],[],[],[],[],[],[]]}