{"neow_bonuses_skipped_log":["REMOVE_CARD","HUNDRED_GOLD","BOSS_RELIC"],"potions_obtained_entropic_brew":[[],[],[],[],[],[],[],[],[],[],[],[],[],[],[],[],[],[],[],[],[]],"neow_costs_skipped_log":["NONE","NONE","NONE"],"gold_per_floor":[109,128,147,147,72,72,85,150,150,160,187,202,202,162,162,234,234,213,226,226,226],"floor_reached":21,"playtime":1032,"items_purged":["Strike_G"],"score":362,"play_id":"7b12b751-2740-4e0f-ae01-5d8ce8bd5d80","local_time":"20231005015232","score_breakdown":["Floors Climbed (21): 105","Enemies Slain (8): 16","Exordium Elites Killed (1): 10","City Elites Killed (0): 0","Bosses Slain (1): 50","Ascension (20): 181"],"is_ascension_mode":true,"potions_obtained_alchemize":[[],[],[],[],[],[],[],[],[],[],[],[],[],[],[],[],[],[],[],[],[]],"campfire_choices":[{"data":"Tools of the Trade","floor":6,"key":"SMITH"},{"data":"Cloak And Dagger","floor":13,"key":"SMITH"},{"data":"Accuracy","floor":15,"key":"SMITH"}],"lesson_learned_per_floor":[[],[],[],[],[],[],[],[],[],[],[],[],[],[],[],[],[],[],[],[],[]],"neow_cost":"TEN_PERCENT_HP_LOSS","improvable_cards":{},"seed_source_timestamp":1552889485303000,"shop_contents":[{"floor":5,"relics":["Tough Bandages","Boot","PrismaticShard"],"cards":["Underhanded Strike","Flying Knee","Leg Sweep","Expertise","Accuracy","Panacea","Chrysalis"],"potions":["GhostInAJar","SmokeBomb","Weak Potion"]}],"circlet_count":0,"master_deck":["AscendersBane","Strike_G","Strike_G","Defend_G","Defend_G","Defend_G","Defend_G","Survivor","Neutralize","Deflect","Tools of the Trade+1","Blade Dance","Tactician","Skewer+1","Accuracy+1","Cloak And Dagger+1","Backflip","Leg Sweep","Envenom","Noxious Fumes+1","Well Laid Plans","Distraction"],"potion_use_per_floor":[[],[],[],[],[],[],[],["Ancient Potion"],[],[],["FearPotion"],[],[],[],[],["LiquidMemories"],[],[],[],[],[]],"relics":["Ring of the Snake","Meat on the Bone","InkBottle","Orichalcum","HoveringKite"],"potions_floor_usage":[8,11,16],"damage_taken":[{"damage":8,"enemies":"Cultist","floor":1,"turns":6},{"damage":6,"enemies":"2 Louse","floor":2,"turns":3},{"damage":0,"enemies":"Small Slimes","floor":3,"turns":4},{"damage":10,"enemies":"Gremlin Gang","floor":7,"turns":5},{"damage":11,"enemies":"Gremlin Nob","floor":8,"turns":3},{"damage":0,"enemies":"2 Fungi Beasts","floor":10,"turns":4},{"damage":8,"enemies":"Gremlin Nob","floor":11,"turns":3},{"damage":14,"enemies":"Large Slime","floor":12,"turns":6},{"damage":5,"enemies":"The Guardian","floor":16,"turns":14},{"damage":12,"enemies":"2 Thieves","floor":18,"turns":4},{"damage":4,"enemies":"Shell Parasite","floor":19,"turns":7},{"damage":44,"enemies":"Snecko","floor":21,"turns":7}],"seed_played":"-8465161877973502245","neow_bonus_log":{"cardsObtained":["Deflect","Tools of the Trade"],"cardsUpgraded":[],"cardsRemoved":[],"cardsTransformed":["Strike_G","Defend_G"],"relicsObtained":[],"maxHpGained":0,"goldGained":0,"damageTaken":0,"goldLost":0,"maxHpLost":6},"potions_obtained":[{"floor":7,"key":"Ancient Potion"},{"floor":8,"key":"FearPotion"},{"floor":10,"key":"LiquidMemories"}],"is_trial":false,"path_per_floor":["M","M","M","?","$","R","M","?","T","M","E","M","R","?","R","B",null,"M","M","?","M"],"character_chosen":"THE_SILENT","basemod:card_modifiers":[null,null,null,null,null,null,null,null,null,null,null,null,null,null,null,null,null,null,null,null,null,null],"items_purchased":[],"campfire_rested":0,"item_purchase_floors":[],"current_hp_per_floor":[51,45,45,45,45,45,35,24,24,36,40,38,38,38,38,33,53,41,37,37,0],"gold":226,"neow_bonus":"TRANSFORM_TWO_CARDS","is_prod":false,"is_daily":false,"rewards_skipped":[],"chose_seed":false,"campfire_upgraded":3,"win_rate":0,"floor_exit_playtime":[69,102,137,142,180,188,254,311,313,379,417,535,546,554,561,751,771,837,936,940],"timestamp":1696485152,"path_taken":["M","M","M","?","?","R","M","?","T","M","E","M","R","?","R","BOSS","M","M","?","?"],"build_version":"2022-12-18","purchased_purges":1,"victory":false,"max_hp_per_floor":[60,60,60,60,60,60,60,60,60,60,60,60,60,60,60,60,60,60,60,60,60],"relic_stats":{"counters":[12,66],"HoveringKite":[9],"Orichalcum":[24],"obtain_stats":[{"HoveringKite":17,"Orichalcum":11,"InkBottle":9,"Ring of the Snake":0,"Meat on the Bone":8},{"HoveringKite":9,"Orichalcum":7,"InkBottle":5,"Ring of the Snake":0,"Meat on the Bone":5},{"HoveringKite":48,"Orichalcum":28,"InkBottle":21,"Ring of the Snake":0,"Meat on the Bone":21}],"InkBottle":[21],"Ring of the Snake":[24],"Meat on the Bone":36},"card_choices":[{"not_picked":["Dagger Spray","Backflip"],"picked":"Blade Dance","floor":1},{"not_picked":["Leg Sweep","Backflip"],"picked":"Tactician","floor":2},{"not_picked":["Caltrops","Dodge and Roll"],"picked":"Skewer","floor":3},{"not_picked":["Prepared","Concentrate"],"picked":"Accuracy","floor":7},{"not_picked":["Dagger Throw","Poisoned Stab","Cloak And Dagger"],"picked":"SKIP","floor":8},{"not_picked":["Quick Slash","Flying Knee"],"picked":"Cloak And Dagger","floor":10},{"not_picked":["Quick Slash","Bouncing Flask"],"picked":"Backflip","floor":11},{"not_picked":["Slice","Distraction"],"picked":"Leg Sweep","floor":12},{"not_picked":["Glass Knife","Bullet Time"],"picked":"Envenom","floor":16},{"not_picked":["Leg Sweep","Acrobatics"],"picked":"Noxious Fumes+1","floor":18},{"not_picked":["Dagger Spray","Blur"],"picked":"Well Laid Plans","floor":19}],"player_experience":2019515,"relics_obtained":[{"floor":8,"key":"Meat on the Bone"},{"floor":9,"key":"InkBottle"},{"floor":11,"key":"Orichalcum"}],"event_choices":[{"damage_healed":0,"gold_gain":0,"player_choice":"Upgraded","damage_taken":0,"max_hp_gain":0,"max_hp_loss":0,"event_name":"Upgrade Shrine","floor":4,"gold_loss":0,"cards_upgraded":["Skewer"]},{"damage_healed":0,"gold_gain":0,"player_choice":"Searched \u00272\u0027 times","damage_taken":0,"max_hp_gain":0,"max_hp_loss":0,"event_name":"Dead Adventurer","floor":8,"gold_loss":0},{"damage_healed":0,"gold_gain":0,"player_choice":"Left Gold","damage_taken":0,"max_hp_gain":0,"max_hp_loss":0,"event_name":"World of Goop","floor":14,"gold_loss":40},{"damage_healed":0,"gold_gain":0,"cards_transformed":["Strike_G"],"player_choice":"Transformed","damage_taken":0,"max_hp_gain":0,"max_hp_loss":0,"event_name":"Transmorgrifier","floor":20,"gold_loss":0,"cards_obtained":["Distraction"]}],"is_beta":false,"boss_relics":[{"not_picked":["Runic Dome","SacredBark"],"picked":"HoveringKite"}],"items_purged_floors":[5],"is_endless":false,"potions_floor_spawned":[7,8,10],"killed_by":"Snecko","ascension_level":20,"potion_discard_per_floor":[[],[],[],[],[],[],[],[],[],[],[],[],[],[],[],[],[],[],[],[],[]]}