{"neow_bonuses_skipped_log":["RANDOM_COLORLESS","THREE_SMALL_POTIONS","BOSS_RELIC"],"potions_obtained_entropic_brew":[[],[],[],[],[],[],[],[],[],[],[],[],[],[],[],[],[],[],[],[],[],[],[],[],[],[],[],[],[],[],[],[],[],[],[],[],[],[],[],[],[],[],[],[],[],[],[],[],[],[],[],[],[],[],[],[]],"neow_costs_skipped_log":["NONE","NONE","NONE"],"gold_per_floor":[110,125,140,120,137,137,172,192,192,221,231,259,277,296,296,370,370,340,340,351,401,53,53,64,64,118,147,164,177,177,187,187,261,261,272,292,292,305,320,355,355,383,430,461,477,477,167,186,186,186,186,186,186,18,50,50],"floor_reached":56,"playtime":4077,"items_purged":["Bite","Bite"],"score":2145,"play_id":"d5a4ef29-640b-4ef2-aa42-af07c121b834","local_time":"20231005013511","score_breakdown":["Floors Climbed (56): 280","Enemies Slain (20): 40","Exordium Elites Killed (3): 30","City Elites Killed (1): 20","Beyond Elites Killed (3): 90","Bosses Slain (4): 500","Collector (1): 25","Champion (1): 25","Perfect (1): 50","C-c-c-combo: 25","Ascension (20): 1060"],"is_ascension_mode":true,"potions_obtained_alchemize":[[],[],[],[],[],[],[],[],[],[],[],[],[],[],[],[],[],[],[],[],[],[],[],[],[],[],[],[],[],[],[],[],[],[],[],[],[],[],[],[],[],[],[],[],[],[],[],[],[],[],[],[],[],[],[],[]],"campfire_choices":[{"data":"Predator","floor":6,"key":"SMITH"},{"data":"Noxious Fumes","floor":15,"key":"SMITH"},{"data":"Apotheosis","floor":23,"key":"SMITH"},{"data":"A Thousand Cuts","floor":25,"key":"SMITH"},{"data":"Well Laid Plans","floor":32,"key":"SMITH"},{"data":"Calculated Gamble","floor":41,"key":"SMITH"},{"floor":49,"key":"RECALL"},{"data":"Acrobatics","floor":53,"key":"SMITH"}],"lesson_learned_per_floor":[[],[],[],[],[],[],[],[],[],[],[],[],[],[],[],[],[],[],[],[],[],[],[],[],[],[],[],[],[],[],[],[],[],[],[],[],[],[],[],[],[],[],[],[],[],[],[],[],[],[],[],[],[],[],[],[]],"neow_cost":"TEN_PERCENT_HP_LOSS","improvable_cards":{},"seed_source_timestamp":1548799369449500,"shop_contents":[{"floor":22,"relics":["Akabeko","Tiny Chest","Lee\u0027s Waffle"],"cards":["Eviscerate","Flying Knee","Prepared","Catalyst","Tools of the Trade","Blind"],"potions":["DistilledChaos","Ancient Potion"]},{"floor":47,"relics":["Ninja Scroll"],"cards":["Dagger Throw","Backstab","Outmaneuver","Deadly Poison","Footwork","PanicButton","HandOfGreed"],"potions":["Regen Potion","BlessingOfTheForge","ColorlessPotion"]},{"floor":54,"relics":["Gremlin Horn","Medical Kit"],"cards":["Dash","Riddle With Holes","Outmaneuver","Blur","Panacea","Transmutation"],"potions":["Block Potion","ColorlessPotion","Strength Potion"]}],"circlet_count":0,"master_deck":["AscendersBane","Defend_G","Defend_G","Defend_G","Survivor","Neutralize","After Image","Leg Sweep","Predator+1","Blade Dance","Blade Dance","After Image","Acrobatics+1","Noxious Fumes+1","Prepared","A Thousand Cuts+1","Dodge and Roll+1","Bite","Bite","Bite","Well Laid Plans+1","Apotheosis+1","Accuracy","Wraith Form v2","Backflip","Accuracy+1","Reflex+1","Calculated Gamble+1","After Image","Expertise","Acrobatics","After Image"],"potion_use_per_floor":[[],[],[],[],[],[],["Poison Potion"],[],[],["LiquidMemories"],[],["LiquidMemories"],[],["Block Potion"],[],["FearPotion"],[],[],[],[],[],[],[],[],[],[],["CunningPotion"],[],[],[],[],[],[],[],[],[],[],[],[],[],[],[],[],["Energy Potion","CunningPotion"],[],[],[],[],[],[],["Block Potion"],[],[],[],[],["FearPotion"]],"relics":["Ring of the Snake","Nunchaku","Potion Belt","Strawberry","Pantograph","Runic Dome","Art of War","Orichalcum","Coffee Dripper","Darkstone Periapt","Juzu Bracelet","Anchor","Membership Card","Happy Flower","Bag of Preparation","Blood Vial"],"potions_floor_usage":[7,10,12,14,16,27,44,44,51,56],"damage_taken":[{"damage":0,"enemies":"Cultist","floor":1,"turns":5},{"damage":0,"enemies":"2 Louse","floor":2,"turns":3},{"damage":0,"enemies":"Small Slimes","floor":3,"turns":4},{"damage":2,"enemies":"Gremlin Gang","floor":5,"turns":4},{"damage":11,"enemies":"Lagavulin","floor":7,"turns":6},{"damage":0,"enemies":"Blue Slaver","floor":8,"turns":4},{"damage":4,"enemies":"Gremlin Nob","floor":10,"turns":3},{"damage":0,"enemies":"2 Fungi Beasts","floor":11,"turns":3},{"damage":6,"enemies":"3 Sentries","floor":12,"turns":7},{"damage":0,"enemies":"Large Slime","floor":13,"turns":5},{"damage":3,"enemies":"Lots of Slimes","floor":14,"turns":4},{"damage":27,"enemies":"Slime Boss","floor":16,"turns":10},{"damage":6,"enemies":"2 Thieves","floor":18,"turns":4},{"damage":1,"enemies":"3 Byrds","floor":20,"turns":5},{"damage":18,"enemies":"3 Cultists","floor":24,"turns":5},{"damage":25,"enemies":"Gremlin Leader","floor":27,"turns":6},{"damage":6,"enemies":"Snecko","floor":28,"turns":5},{"damage":16,"enemies":"Snake Plant","floor":29,"turns":7},{"damage":12,"enemies":"Shelled Parasite and Fungi","floor":31,"turns":10},{"damage":0,"enemies":"Collector","floor":33,"turns":7},{"damage":0,"enemies":"3 Shapes","floor":35,"turns":3},{"damage":0,"enemies":"Orb Walker","floor":36,"turns":3},{"damage":13,"enemies":"3 Darklings","floor":38,"turns":5},{"damage":9,"enemies":"Sphere and 2 Shapes","floor":39,"turns":5},{"damage":23,"enemies":"Nemesis","floor":40,"turns":9},{"damage":3,"enemies":"Giant Head","floor":42,"turns":6},{"damage":0,"enemies":"Reptomancer","floor":44,"turns":3},{"damage":13,"enemies":"Jaw Worm Horde","floor":45,"turns":4},{"damage":0,"enemies":"Spire Growth","floor":48,"turns":5},{"damage":13,"enemies":"Donu and Deca","floor":50,"turns":6},{"damage":39,"enemies":"Awakened One","floor":51,"turns":15},{"damage":24,"enemies":"Shield and Spear","floor":55,"turns":11},{"damage":46,"enemies":"The Heart","floor":56,"turns":3}],"green_key_taken_log":40,"seed_played":"-6267584859873941246","neow_bonus_log":{"cardsObtained":["After Image","Leg Sweep"],"cardsUpgraded":[],"cardsRemoved":[],"cardsTransformed":["Strike_G","Defend_G"],"relicsObtained":[],"maxHpGained":0,"goldGained":0,"damageTaken":0,"goldLost":0,"maxHpLost":6},"potions_obtained":[{"floor":1,"key":"LiquidMemories"},{"floor":3,"key":"Poison Potion"},{"floor":8,"key":"LiquidMemories"},{"floor":10,"key":"FearPotion"},{"floor":13,"key":"Block Potion"},{"floor":16,"key":"SmokeBomb"},{"floor":24,"key":"CunningPotion"},{"floor":31,"key":"CunningPotion"},{"floor":33,"key":"FearPotion"},{"floor":35,"key":"Poison Potion"},{"floor":40,"key":"Block Potion"},{"floor":44,"key":"SneckoOil"}],"is_trial":false,"path_per_floor":["M","M","M","?","M","R","E","M","T","E","M","E","M","M","R","B",null,"M","?","M","?","$","R","M","R","T","E","M","M","?","M","R","B",null,"M","M","?","M","M","E","R","E","T","E","M","?","$","M","R","B","B",null,"R","$","E","B"],"character_chosen":"THE_SILENT","basemod:card_modifiers":[null,null,null,null,null,null,null,null,null,null,null,null,null,null,null,null,null,null,null,null,null,null,null,null,null,null,null,null,null,null,null,null],"items_purchased":["Apotheosis","Energy Potion","Membership Card","Happy Flower","After Image","Bag of Preparation"],"campfire_rested":0,"item_purchase_floors":[22,22,47,47,54,54],"current_hp_per_floor":[59,59,59,59,57,57,46,46,46,49,49,43,43,40,40,38,60,54,46,46,46,46,46,34,34,34,27,32,31,31,46,46,46,46,46,46,46,45,39,33,33,46,46,46,45,45,45,46,46,46,46,46,46,46,46,0],"gold":50,"neow_bonus":"TRANSFORM_TWO_CARDS","is_prod":false,"is_daily":false,"rewards_skipped":[{"floor":4,"relics":[],"potions":["EssenceOfSteel"]},{"floor":42,"relics":[],"potions":["Strength Potion"]}],"chose_seed":false,"campfire_upgraded":7,"win_rate":0,"floor_exit_playtime":[79,116,158,186,255,264,328,386,388,443,481,588,654,740,753,946,970,1056,1069,1156,1159,1202,1207,1304,1320,1322,1435,1515,1656,1659,1792,1817,1951,1972,2058,2127,2147,2258,2348,2532,2538,2674,2677,2780,2885,2887,2927,3027,3030,3228,3635,3646,3663,3689,3999],"timestamp":1696484111,"blue_key_relic_skipped_log":{"floor":43,"relicID":"Whetstone"},"path_taken":["M","?","M","?","M","R","E","M","T","E","M","E","M","?","R","BOSS","M","?","M","?","$","R","M","R","T","E","M","M","?","M","R","BOSS","M","M","?","?","?","E","R","E","T","E","M","?","$","M","R","BOSS","BOSS","R","$","E","BOSS"],"build_version":"2022-12-18","purchased_purges":2,"victory":false,"max_hp_per_floor":[60,60,60,60,60,60,60,60,60,67,67,67,67,67,67,67,67,67,46,46,46,46,46,46,46,46,46,46,46,46,46,46,46,46,46,46,46,46,46,46,46,46,46,46,46,46,46,46,46,46,46,46,46,46,46,46],"relic_stats":{"Darkstone Periapt":0,"Happy Flower":[13],"counters":[33,185],"Juzu Bracelet":0,"Bag of Preparation":[4],"Orichalcum":[6],"Blood Vial":0,"Nunchaku":[57],"Pantograph":25,"Art of War":[17],"Membership Card":303,"obtain_stats":[{"Potion Belt":9,"Darkstone Periapt":40,"Happy Flower":47,"Juzu Bracelet":42,"Bag of Preparation":54,"Orichalcum":27,"Blood Vial":55,"Runic Dome":17,"Nunchaku":7,"Anchor":44,"Strawberry":10,"Pantograph":12,"Art of War":26,"Coffee Dripper":34,"Membership Card":47,"Ring of the Snake":0},{"Potion Belt":6,"Darkstone Periapt":25,"Happy Flower":28,"Juzu Bracelet":26,"Bag of Preparation":31,"Orichalcum":16,"Blood Vial":32,"Runic Dome":12,"Nunchaku":5,"Anchor":27,"Strawberry":7,"Pantograph":9,"Art of War":15,"Coffee Dripper":20,"Membership Card":28,"Ring of the Snake":0},{"Potion Belt":26,"Darkstone Periapt":132,"Happy Flower":145,"Juzu Bracelet":138,"Bag of Preparation":171,"Orichalcum":78,"Blood Vial":182,"Runic Dome":58,"Nunchaku":22,"Anchor":141,"Strawberry":29,"Pantograph":39,"Art of War":72,"Coffee Dripper":107,"Membership Card":145,"Ring of the Snake":0}],"Ring of the Snake":[66]},"card_choices":[{"not_picked":["Terror","Slice"],"picked":"Predator","floor":1},{"not_picked":["Outmaneuver","Reflex"],"picked":"Blade Dance","floor":2},{"not_picked":["Slice","Finisher"],"picked":"Blade Dance","floor":3},{"not_picked":["Tactician","Blade Dance","Bane"],"picked":"SKIP","floor":5},{"not_picked":["Flying Knee","Choke"],"picked":"After Image","floor":7},{"not_picked":["Crippling Poison","Expertise","Cloak And Dagger"],"picked":"SKIP","floor":8},{"not_picked":["Endless Agony","Dodge and Roll","Outmaneuver"],"picked":"SKIP","floor":10},{"not_picked":["Leg Sweep","Flying Knee"],"picked":"Acrobatics","floor":11},{"not_picked":["Bane","Eviscerate","Crippling Poison"],"picked":"SKIP","floor":12},{"not_picked":["Flying Knee","Die Die Die"],"picked":"Noxious Fumes","floor":13},{"not_picked":["Footwork","PiercingWail"],"picked":"Prepared","floor":14},{"not_picked":["Malaise","Burst"],"picked":"A Thousand Cuts","floor":16},{"not_picked":["Prepared","Deadly Poison"],"picked":"Dodge and Roll+1","floor":18},{"not_picked":["Flying Knee","Eviscerate+1"],"picked":"Well Laid Plans","floor":20},{"not_picked":["Cloak And Dagger","Endless Agony","Choke"],"picked":"SKIP","floor":24},{"not_picked":["Burst","Expertise"],"picked":"Accuracy","floor":27},{"not_picked":["Cloak And Dagger","Outmaneuver","Dagger Spray"],"picked":"SKIP","floor":28},{"not_picked":["Outmaneuver+1","Infinite Blades","Dagger Throw"],"picked":"SKIP","floor":29},{"not_picked":["Quick Slash","Outmaneuver","Bane"],"picked":"SKIP","floor":31},{"not_picked":["Storm of Steel","Glass Knife"],"picked":"Wraith Form v2","floor":33},{"not_picked":["Distraction","Dodge and Roll+1"],"picked":"Backflip","floor":35},{"not_picked":["Calculated Gamble","Noxious Fumes"],"picked":"Accuracy+1","floor":36},{"not_picked":["Eviscerate+1","Crippling Poison"],"picked":"Reflex+1","floor":38},{"not_picked":["Choke","PiercingWail+1","Infinite Blades"],"picked":"SKIP","floor":39},{"not_picked":["Reflex","Flechettes"],"picked":"Calculated Gamble","floor":40},{"not_picked":["Poisoned Stab","Underhanded Strike"],"picked":"After Image","floor":42},{"not_picked":["Deadly Poison","Expertise","Backstab"],"picked":"SKIP","floor":44},{"not_picked":["Deadly Poison","Backstab"],"picked":"Expertise","floor":44},{"not_picked":["Flechettes+1","Outmaneuver+1","Sucker Punch"],"picked":"SKIP","floor":45},{"not_picked":["Prepared","PiercingWail+1"],"picked":"Acrobatics","floor":48},{"not_picked":["Backstab","Crippling Poison+1","Dagger Throw"],"picked":"SKIP","floor":55}],"player_experience":2015438,"relics_obtained":[{"floor":7,"key":"Nunchaku"},{"floor":9,"key":"Potion Belt"},{"floor":10,"key":"Strawberry"},{"floor":12,"key":"Pantograph"},{"floor":26,"key":"Art of War"},{"floor":27,"key":"Orichalcum"},{"floor":40,"key":"Darkstone Periapt"},{"floor":42,"key":"Juzu Bracelet"},{"floor":44,"key":"Anchor"},{"floor":55,"key":"Blood Vial"}],"event_choices":[{"damage_healed":0,"gold_gain":0,"player_choice":"Bought 1 Potion","damage_taken":0,"max_hp_gain":0,"max_hp_loss":0,"event_name":"The Woman in Blue","floor":4,"gold_loss":0},{"damage_healed":0,"gold_gain":0,"player_choice":"Became a vampire","damage_taken":0,"max_hp_gain":0,"max_hp_loss":21,"event_name":"Vampires","floor":19,"gold_loss":0,"cards_obtained":["Bite","Bite","Bite","Bite","Bite"]},{"damage_healed":0,"gold_gain":50,"player_choice":"Stole From Cult","damage_taken":0,"max_hp_gain":0,"max_hp_loss":0,"event_name":"Nest","floor":21,"gold_loss":0},{"damage_healed":0,"gold_gain":0,"player_choice":"Ignored","damage_taken":0,"max_hp_gain":0,"max_hp_loss":0,"event_name":"The Mausoleum","floor":30,"gold_loss":0},{"cards_removed":["Defend_G"],"damage_healed":0,"gold_gain":0,"player_choice":"Offered Basic","damage_taken":0,"max_hp_gain":0,"max_hp_loss":0,"event_name":"Bonfire Elementals","floor":37,"gold_loss":0},{"damage_healed":0,"gold_gain":0,"player_choice":"Ignored","damage_taken":0,"max_hp_gain":0,"max_hp_loss":0,"event_name":"Tomb of Lord Red Mask","floor":46,"gold_loss":0}],"is_beta":false,"boss_relics":[{"not_picked":["Ring of the Serpent","SacredBark"],"picked":"Runic Dome"},{"not_picked":["Philosopher\u0027s Stone","Velvet Choker"],"picked":"Coffee Dripper"}],"items_purged_floors":[22,47],"is_endless":false,"potions_floor_spawned":[1,3,8,10,13,16,24,31,33,35,40,42,44],"killed_by":"The Heart","ascension_level":20,"potion_discard_per_floor":[[],[],[],[],[],[],[],[],[],[],[],[],[],[],[],[],[],[],[],[],[],[],[],[],[],[],[],[],[],[],[],[],[],[],["SmokeBomb"],[],[],[],[],["Poison Potion"],[],[],[],[],[],[],[],[],[],[],[],[],[],[],[],[]]}