{"neow_bonuses_skipped_log":["REMOVE_CARD","TEN_PERCENT_HP_BONUS","BOSS_RELIC"],"potions_obtained_entropic_brew":[[],[],[],[],[],[],[],[],[],[],[],[],[],[],[],[]],"neow_costs_skipped_log":["NONE","NONE","NONE"],"gold_per_floor":[110,54,54,72,147,147,177,177,177,177,245,277,277,294,294,294],"floor_reached":16,"playtime":444,"items_purged":[],"score":216,"play_id":"8bb63934-b826-4744-8e66-296425f115ec","local_time":"20231005024253","score_breakdown":["Floors Climbed (16): 80","Enemies Slain (4): 8","Exordium Elites Killed (2): 20","Bosses Slain (0): 0","Ascension (20): 108"],"is_ascension_mode":true,"potions_obtained_alchemize":[[],[],[],[],[],[],[],[],[],[],[],[],[],[],[],[]],"campfire_choices":[{"data":"Dash","floor":6,"key":"SMITH"},{"data":"All Out Attack","floor":8,"key":"SMITH"},{"data":"Footwork","floor":13,"key":"SMITH"},{"floor":15,"key":"REST"}],"lesson_learned_per_floor":[[],[],[],[],[],[],[],[],[],[],[],[],[],[],[],[]],"neow_cost":"TEN_PERCENT_HP_LOSS","improvable_cards":{},"seed_source_timestamp":1556498810976700,"shop_contents":[{"floor":2,"relics":["Mango","Shovel","HandDrill"],"cards":["Poisoned Stab","Choke","Deflect","Outmaneuver","Caltrops","Trip","Mayhem"],"potions":["GamblersBrew","SkillPotion"]}],"circlet_count":0,"master_deck":["AscendersBane","Strike_G","Strike_G","Strike_G","Strike_G","Defend_G","Defend_G","Defend_G","Defend_G","Survivor","Neutralize","Escape Plan","Dash+1","Blade Dance","Dagger Throw","All Out Attack+1","Footwork+1","Prepared"],"potion_use_per_floor":[[],[],[],[],[],[],["PowerPotion"],[],[],[],[],["PowerPotion"],[],[],[],["Explosive Potion"]],"relics":["Ring of the Snake","The Courier","InkBottle","SsserpentHead","Bronze Scales"],"potions_floor_usage":[7,12,16],"damage_taken":[{"damage":0,"enemies":"Cultist","floor":1,"turns":4},{"damage":1,"enemies":"Small Slimes","floor":4,"turns":4},{"damage":24,"enemies":"Gremlin Nob","floor":7,"turns":4},{"damage":0,"enemies":"Jaw Worm","floor":11,"turns":2},{"damage":9,"enemies":"Lagavulin","floor":12,"turns":6},{"damage":0,"enemies":"Blue Slaver","floor":14,"turns":4},{"damage":39,"enemies":"Slime Boss","floor":16,"turns":10}],"seed_played":"1107956142913289711","neow_bonus_log":{"cardsObtained":["Escape Plan","Dash"],"cardsUpgraded":[],"cardsRemoved":[],"cardsTransformed":["Defend_G","Strike_G"],"relicsObtained":[],"maxHpGained":0,"goldGained":0,"damageTaken":0,"goldLost":0,"maxHpLost":6},"potions_obtained":[{"floor":11,"key":"PowerPotion"},{"floor":12,"key":"Explosive Potion"}],"is_trial":false,"path_per_floor":["M","$","?","M","?","R","E","R","T","?","M","E","R","M","R","B"],"character_chosen":"THE_SILENT","basemod:card_modifiers":[null,null,null,null,null,null,null,null,null,null,null,null,null,null,null,null,null,null],"items_purchased":["PowerPotion"],"campfire_rested":1,"item_purchase_floors":[2],"current_hp_per_floor":[59,59,64,63,52,52,28,28,28,28,28,19,19,19,38,0],"gold":294,"neow_bonus":"TRANSFORM_TWO_CARDS","is_prod":false,"is_daily":false,"rewards_skipped":[],"chose_seed":false,"campfire_upgraded":3,"win_rate":0,"floor_exit_playtime":[58,75,78,110,113,119,168,173,175,181,200,262,269,307,310],"timestamp":1696488173,"path_taken":["M","$","?","M","?","R","E","R","T","?","?","E","R","M","R","BOSS"],"build_version":"2022-12-18","purchased_purges":0,"victory":false,"max_hp_per_floor":[60,60,65,65,65,65,65,65,65,65,65,65,65,65,65,65],"relic_stats":{"SsserpentHead":50,"counters":[7,34],"Bronze Scales":[21],"The Courier":0,"obtain_stats":[{"SsserpentHead":10,"Bronze Scales":12,"The Courier":7,"InkBottle":9,"Ring of the Snake":0},{"SsserpentHead":3,"Bronze Scales":5,"The Courier":3,"InkBottle":3,"Ring of the Snake":0},{"SsserpentHead":12,"Bronze Scales":20,"The Courier":12,"InkBottle":12,"Ring of the Snake":0}],"InkBottle":[8],"Ring of the Snake":[14]},"card_choices":[{"not_picked":["Slice","Quick Slash"],"picked":"Blade Dance","floor":1},{"not_picked":["Reflex","Skewer"],"picked":"Dagger Throw","floor":4},{"not_picked":["Predator","Dodge and Roll"],"picked":"All Out Attack","floor":7},{"not_picked":["Sucker Punch","Dash","Dodge and Roll"],"picked":"SKIP","floor":11},{"not_picked":["Underhanded Strike","Finisher"],"picked":"Footwork","floor":12},{"not_picked":["Noxious Fumes","Predator"],"picked":"Prepared","floor":14}],"player_experience":2023090,"relics_obtained":[{"floor":7,"key":"The Courier"},{"floor":9,"key":"InkBottle"},{"floor":12,"key":"Bronze Scales"}],"event_choices":[{"damage_healed":0,"gold_gain":0,"player_choice":"Donut","damage_taken":0,"max_hp_gain":5,"max_hp_loss":0,"event_name":"Big Fish","floor":3,"gold_loss":0},{"damage_healed":0,"gold_gain":75,"player_choice":"Gather Gold","damage_taken":11,"max_hp_gain":0,"max_hp_loss":0,"event_name":"World of Goop","floor":5,"gold_loss":0},{"damage_healed":0,"gold_gain":0,"player_choice":"Trade","damage_taken":0,"relics_obtained":["SsserpentHead"],"max_hp_gain":0,"max_hp_loss":0,"event_name":"FaceTrader","floor":10,"gold_loss":0}],"is_beta":false,"boss_relics":[],"items_purged_floors":[],"is_endless":false,"potions_floor_spawned":[11,12],"killed_by":"Slime Boss","ascension_level":20,"potion_discard_per_floor":[[],[],[],[],[],[],[],[],[],[],[],[],[],[],[],[]]}