{"neow_bonuses_skipped_log":["ONE_RANDOM_RARE_CARD","THREE_SMALL_POTIONS","BOSS_RELIC"],"neow_costs_skipped_log":["NONE","NONE","NONE"],"potions_obtained_entropic_brew":[[],[],[],[],[],[],[],[],[],[],[],[],[],[],[],[]],"gold_per_floor":[369,158,158,58,76,76,110,110,110,110,127,137,165,181,181,181],"floor_reached":16,"playtime":397,"items_purged":["Parasite","Defend_G"],"score":270,"play_id":"bf106274-e953-47e4-a7fc-485ca5606de1","local_time":"20231024212310","score_breakdown":["Floors Climbed (16): 80","Enemies Slain (5): 10","Exordium Elites Killed (2): 20","Bosses Slain (0): 0","Champion (1): 25","Ascension (20): 135"],"is_ascension_mode":true,"potions_obtained_alchemize":[[],[],[],[],[],[],[],[],[],[],[],[],[],[],[],[]],"campfire_choices":[{"data":"Glass Knife","floor":6,"key":"SMITH"},{"data":"Dagger Spray","floor":8,"key":"SMITH"},{"data":"Storm of Steel","floor":15,"key":"SMITH"}],"lesson_learned_per_floor":[[],[],[],[],[],[],[],[],[],[],[],[],[],[],[],[]],"neow_cost":"CURSE","improvable_cards":{},"seed_source_timestamp":3265340131179000,"shop_contents":[{"floor":2,"relics":["Question Card","CeramicFish","Strange Spoon"],"cards":["Finisher","Slice","Deadly Poison","Infinite Blades","Madness","Transmutation"],"potions":["DuplicationPotion","Ancient Potion"]},{"floor":4,"relics":["Lantern","TungstenRod","Lee\u0027s Waffle"],"cards":["Sucker Punch","Finisher","Acrobatics","Escape Plan","Caltrops","Finesse","The Bomb"],"potions":["LiquidBronze","Weak Potion","Dexterity Potion"]}],"circlet_count":0,"master_deck":["AscendersBane","Strike_G","Strike_G","Strike_G","Strike_G","Defend_G","Defend_G","Defend_G","Defend_G","Survivor","Neutralize","Quick Slash","Blade Dance","Glass Knife+1","Dagger Spray+1","Prepared","Acrobatics","Storm of Steel+1"],"potion_use_per_floor":[[],[],[],[],[],[],[],[],[],[],[],[],["DistilledChaos"],[],[],["EssenceOfSteel"]],"relics":["Ring of the Snake","StoneCalendar","Du-Vu Doll","MealTicket","Nunchaku"],"potions_floor_usage":[13,16],"damage_taken":[{"damage":0,"enemies":"2 Louse","floor":1,"turns":4},{"damage":1,"enemies":"Cultist","floor":5,"turns":3},{"damage":8,"enemies":"Gremlin Nob","floor":7,"turns":3},{"damage":0,"enemies":"Jaw Worm","floor":11,"turns":2},{"damage":1,"enemies":"Large Slime","floor":12,"turns":4},{"damage":0,"enemies":"3 Sentries","floor":13,"turns":4},{"damage":0,"enemies":"2 Fungi Beasts","floor":14,"turns":2},{"damage":43,"enemies":"Hexaghost","floor":16,"turns":9}],"seed_played":"-57495825926181232","neow_bonus_log":{"cardsObtained":["Parasite"],"cardsUpgraded":[],"cardsRemoved":[],"cardsTransformed":[],"relicsObtained":[],"maxHpGained":0,"goldGained":250,"damageTaken":0,"goldLost":0,"maxHpLost":0},"potions_obtained":[{"floor":5,"key":"DistilledChaos"},{"floor":7,"key":"Energy Potion"},{"floor":13,"key":"EssenceOfSteel"}],"is_trial":false,"path_per_floor":["M","$","?","$","M","R","E","R","T","?","M","M","E","M","R","B"],"character_chosen":"THE_SILENT","basemod:card_modifiers":[null,null,null,null,null,null,null,null,null,null,null,null,null,null,null,null,null,null],"items_purchased":["Blade Dance","DistilledChaos"],"campfire_rested":0,"item_purchase_floors":[2,2],"current_hp_per_floor":[59,59,59,59,58,58,50,50,50,43,43,42,42,42,42,0],"gold":181,"neow_bonus":"TWO_FIFTY_GOLD","is_prod":false,"is_daily":false,"rewards_skipped":[],"chose_seed":false,"campfire_upgraded":3,"win_rate":0,"floor_exit_playtime":[38,57,62,99,123,128,155,160,163,175,193,230,278,301,311],"timestamp":1698196990,"path_taken":["M","$","?","?","M","R","E","R","T","?","M","?","E","M","R","BOSS"],"build_version":"2022-12-18","purchased_purges":2,"victory":false,"max_hp_per_floor":[66,63,63,63,63,63,63,63,63,63,63,63,63,63,63,63],"relic_stats":{"Nunchaku":[3],"counters":[8,31],"StoneCalendar":[52],"MealTicket":0,"obtain_stats":[{"Du-Vu Doll":7,"Nunchaku":13,"StoneCalendar":3,"MealTicket":9,"Ring of the Snake":0},{"Du-Vu Doll":3,"Nunchaku":6,"StoneCalendar":1,"MealTicket":3,"Ring of the Snake":0},{"Du-Vu Doll":10,"Nunchaku":20,"StoneCalendar":4,"MealTicket":10,"Ring of the Snake":0}],"Ring of the Snake":[16]},"card_choices":[{"not_picked":["Flechettes","PiercingWail"],"picked":"Quick Slash","floor":1},{"not_picked":["Acrobatics","Backflip"],"picked":"Glass Knife","floor":5},{"not_picked":["Dagger Throw","Calculated Gamble"],"picked":"Dagger Spray","floor":7},{"not_picked":["Deflect","Outmaneuver"],"picked":"Prepared","floor":11},{"not_picked":["Concentrate","Caltrops"],"picked":"Acrobatics","floor":12},{"not_picked":["Prepared","Outmaneuver"],"picked":"Storm of Steel","floor":13},{"not_picked":["Slice","Heel Hook","Prepared"],"picked":"SKIP","floor":14}],"player_experience":2193421,"relics_obtained":[{"floor":7,"key":"Du-Vu Doll"},{"floor":9,"key":"MealTicket"},{"floor":13,"key":"Nunchaku"}],"event_choices":[{"damage_healed":0,"gold_gain":0,"player_choice":"Gave Potion","damage_taken":0,"relics_obtained":["StoneCalendar"],"max_hp_gain":0,"max_hp_loss":0,"event_name":"WeMeetAgain","floor":3,"gold_loss":0},{"cards_removed":["Strike_G"],"damage_healed":0,"gold_gain":0,"player_choice":"Card Removal","damage_taken":7,"max_hp_gain":0,"max_hp_loss":0,"event_name":"Golden Wing","floor":10,"gold_loss":0}],"is_beta":false,"boss_relics":[],"items_purged_floors":[2,4],"is_endless":false,"potions_floor_spawned":[5,7,13],"killed_by":"Hexaghost","ascension_level":20,"potion_discard_per_floor":[[],[],[],[],[],[],[],[],[],[],[],[],[],[],[],[]]}