{"neow_bonuses_skipped_log":["THREE_ENEMY_KILL","THREE_RARE_CARDS","BOSS_RELIC"],"neow_costs_skipped_log":["NONE","CURSE","NONE"],"potions_obtained_entropic_brew":[[],[],[],[],[],[],[],[],[],[],[],[],[]],"gold_per_floor":[115,131,131,206,218,218,218,218,244,113,127,156,156],"floor_reached":13,"playtime":409,"items_purged":["Strike_G"],"score":166,"play_id":"3c56a8f7-9257-4757-9898-b6d40dfddd90","local_time":"20231104232507","score_breakdown":["Floors Climbed (13): 65","Enemies Slain (4): 8","Exordium Elites Killed (1): 10","Bosses Slain (0): 0","Ascension (20): 83"],"is_ascension_mode":true,"potions_obtained_alchemize":[[],[],[],[],[],[],[],[],[],[],[],[],[]],"campfire_choices":[{"data":"Poisoned Stab","floor":6,"key":"SMITH"},{"floor":8,"key":"REST"}],"lesson_learned_per_floor":[[],[],[],[],[],[],[],[],[],[],[],[],[]],"neow_cost":"NONE","improvable_cards":{},"seed_source_timestamp":4223035715482900,"shop_contents":[{"floor":10,"relics":["Dream Catcher","Kunai","Frozen Eye"],"cards":["Masterful Stab","Sucker Punch","Terror","Acrobatics","Accuracy","Swift Strike","Sadistic Nature"],"potions":["ColorlessPotion","Explosive Potion"]}],"circlet_count":0,"master_deck":["AscendersBane","Strike_G","Strike_G","Strike_G","Strike_G","Defend_G","Defend_G","Defend_G+1","Defend_G","Defend_G","Survivor+1","Neutralize","Eviscerate","Catalyst","Poisoned Stab+1","Acrobatics","Crippling Poison","Blur"],"potion_use_per_floor":[[],[],[],[],[],[],[],[],[],[],["Fire Potion"],["PowerPotion","Strength Potion"],[]],"relics":["Ring of the Snake","Tiny Chest","Ancient Tea Set","Pear"],"potions_floor_usage":[11,12,12],"damage_taken":[{"damage":4,"enemies":"Jaw Worm","floor":1,"turns":4},{"damage":6,"enemies":"2 Louse","floor":2,"turns":3},{"damage":2,"enemies":"Small Slimes","floor":5,"turns":4},{"damage":6,"enemies":"Exordium Thugs","floor":11,"turns":5},{"damage":21,"enemies":"Lagavulin","floor":12,"turns":6},{"damage":14,"enemies":"Red Slaver","floor":13,"turns":5}],"seed_played":"5555978453816823045","neow_bonus_log":{"cardsObtained":[],"cardsUpgraded":[],"cardsRemoved":[],"cardsTransformed":[],"relicsObtained":[],"maxHpGained":0,"goldGained":0,"damageTaken":0,"goldLost":0,"maxHpLost":0},"potions_obtained":[{"floor":5,"key":"PowerPotion"},{"floor":11,"key":"Strength Potion"}],"is_trial":false,"path_per_floor":["M","M","?","?","M","R","?","R","T","$","M","E","M"],"character_chosen":"THE_SILENT","basemod:card_modifiers":[null,null,null,null,null,null,null,null,null,null,null,null,null,null,null,null,null,null],"items_purchased":["Fire Potion"],"campfire_rested":1,"item_purchase_floors":[10],"current_hp_per_floor":[55,49,44,33,31,31,11,30,30,30,24,13,0],"gold":156,"neow_bonus":"THREE_CARDS","is_prod":false,"is_daily":false,"rewards_skipped":[],"chose_seed":false,"campfire_upgraded":1,"win_rate":0,"floor_exit_playtime":[80,113,117,120,154,165,169,173,176,219,270,354],"timestamp":1699154707,"path_taken":["M","M","?","?","M","R","?","R","T","$","?","E","M"],"build_version":"2022-12-18","purchased_purges":1,"victory":false,"max_hp_per_floor":[66,66,66,66,66,66,66,66,66,66,66,76,76],"relic_stats":{"counters":[6,27],"Tiny Chest":0,"Ancient Tea Set":[0],"obtain_stats":[{"Pear":12,"Tiny Chest":3,"Ancient Tea Set":9,"Ring of the Snake":0},{"Pear":5,"Tiny Chest":2,"Ancient Tea Set":3,"Ring of the Snake":0},{"Pear":22,"Tiny Chest":7,"Ancient Tea Set":11,"Ring of the Snake":0}],"Ring of the Snake":[12]},"card_choices":[{"not_picked":["Bane","Dodge and Roll"],"picked":"Eviscerate","floor":0},{"not_picked":["Quick Slash","Heel Hook"],"picked":"Catalyst","floor":1},{"not_picked":["Accuracy","Reflex"],"picked":"Poisoned Stab","floor":2},{"not_picked":["Masterful Stab","Setup"],"picked":"Acrobatics","floor":5},{"not_picked":["Expertise","Deadly Poison"],"picked":"Crippling Poison","floor":11},{"not_picked":["Slice","Predator"],"picked":"Blur","floor":12}],"player_experience":2222180,"relics_obtained":[{"floor":9,"key":"Ancient Tea Set"},{"floor":12,"key":"Pear"}],"event_choices":[{"damage_healed":0,"gold_gain":0,"player_choice":"Success","damage_taken":5,"relics_obtained":["Tiny Chest"],"max_hp_gain":0,"max_hp_loss":0,"event_name":"Scrap Ooze","floor":3,"gold_loss":0},{"damage_healed":0,"gold_gain":75,"player_choice":"Gather Gold","damage_taken":11,"max_hp_gain":0,"max_hp_loss":0,"event_name":"World of Goop","floor":4,"gold_loss":0},{"damage_healed":0,"gold_gain":0,"player_choice":"Entered Light","damage_taken":20,"max_hp_gain":0,"max_hp_loss":0,"event_name":"Shining Light","floor":7,"gold_loss":0,"cards_upgraded":["Survivor","Defend_G"]}],"is_beta":false,"boss_relics":[],"items_purged_floors":[10],"is_endless":false,"potions_floor_spawned":[5,11],"killed_by":"Red Slaver","ascension_level":20,"potion_discard_per_floor":[[],[],[],[],[],[],[],[],[],[],[],[],[]]}