{"potions_obtained_entropic_brew":[[],[],[],[],[],[],[],[],[],[],[],[],[],[],[],[],[],[],[],[],[],[],[],[],[],[],[],[],[],[],[],[],[],[],[],[],[],[],[],[],[],[],[],[],[],[],[],[],[],[],[]],"gold_per_floor":[114,131,148,166,181,181,214,234,234,234,234,157,188,206,206,278,278,289,308,320,79,79,79,79,107,154,168,168,180,95,124,124,202,202,220,220,220,220,237,237,267,267,267,292,9,24,56,56,56,56,56],"floor_reached":51,"playtime":2638,"items_purged":["Dagger Throw"],"score":1720,"play_id":"8e6458af-2fa3-4278-8a3b-3f70bf5d8d0e","local_time":"20231123113459","daily_mods":["SealedDeck","Diverse"],"score_breakdown":["Floors Climbed (51): 255","Enemies Slain (15): 30","Exordium Elites Killed (2): 20","City Elites Killed (2): 40","Beyond Elites Killed (3): 90","Bosses Slain (3): 300","Champion (2): 50","Perfect (1): 50","Overkill: 25","Ascension (20): 860"],"is_ascension_mode":true,"potions_obtained_alchemize":[[],[],[],[],[],[],[],[],[],[],[],[],[],[],[],[],[],[],[],[],[],[],[],[],[],[],[],[],[],[],[],[],[],[],[],[],[],[],[],[],[],[],[],[],[],[],[],[],[],[],[]],"campfire_choices":[{"data":"SandsOfTime","floor":6,"key":"SMITH"},{"data":"Prostrate","floor":11,"key":"SMITH"},{"data":"Concentrate","floor":15,"key":"SMITH"},{"data":"Night Terror","floor":23,"key":"SMITH"},{"data":"Prostrate","floor":28,"key":"SMITH"},{"data":"Footwork","floor":32,"key":"SMITH"},{"data":"Calculated Gamble","floor":40,"key":"SMITH"},{"data":"Reprogram","floor":42,"key":"SMITH"},{"floor":49,"key":"RECALL"}],"lesson_learned_per_floor":[[],[],[],[],[],[],[],[],[],[],[],[],[],[],[],[],[],[],[],[],[],[],[],[],[],[],[],[],[],[],[],[],[],[],[],[],[],[],[],[],[],[],[],[],[],[],[],[],[],[],[]],"neow_cost":"","improvable_cards":{},"seed_source_timestamp":5823340043438000,"shop_contents":[{"floor":12,"relics":["Paper Crane","Bag of Preparation","Strange Spoon"],"cards":["SignatureMove","Glass Knife","Bullet Time","Infinite Blades","Panacea","The Bomb"],"potions":["Block Potion","DuplicationPotion","Strength Potion"]},{"floor":21,"relics":["Incense Burner","Sling"],"cards":["Dropkick","Dagger Throw","Reprogram","Crescendo","Accuracy","Dark Shackles","Mayhem"],"potions":["DistilledChaos","Weak Potion","LiquidBronze"]},{"floor":45,"relics":["Toxic Egg 2","ClockworkSouvenir"],"cards":["Dagger Throw","SandsOfTime","Cloak And Dagger","Prepared","Fasting2","Purity","Secret Weapon"],"potions":["Fire Potion","Swift Potion","SkillPotion"]}],"circlet_count":0,"master_deck":["AscendersBane","CutThroughFate","Wallop","Consecrate","Acrobatics","Footwork+1","Backflip","SandsOfTime+1","Prostrate+1","Prostrate+1","Night Terror+1","Calculated Gamble+1","Concentrate+1","Hologram","Intimidate+1","Leg Sweep","Backflip","Echo Form","Madness","Madness","Reprogram+1"],"potion_use_per_floor":[[],[],[],[],[],[],[],[],[],[],[],[],[],[],[],[],[],[],[],[],[],[],[],[],[],[],["EssenceOfSteel"],[],[],[],["Regen Potion"],[],[],[],[],[],[],[],[],[],[],[],[],["Block Potion"],[],[],[],[],[],[],["Strength Potion"]],"relics":["Ring of the Snake","Mercury Hourglass","Blue Candle","StrikeDummy","Cursed Key","Omamori","Bag of Marbles","Bottled Lightning","Tiny Chest","Vajra","Coffee Dripper","Snake Skull","Gremlin Horn","Meat on the Bone","Akabeko"],"potions_floor_usage":[27,31,44,51],"damage_taken":[{"damage":0,"enemies":"Cultist","floor":1,"turns":3},{"damage":0,"enemies":"Small Slimes","floor":2,"turns":3},{"damage":0,"enemies":"Jaw Worm","floor":3,"turns":3},{"damage":4,"enemies":"3 Louse","floor":4,"turns":4},{"damage":0,"enemies":"Looter","floor":5,"turns":3},{"damage":0,"enemies":"Lagavulin","floor":7,"turns":3},{"damage":0,"enemies":"Large Slime","floor":8,"turns":3},{"damage":5,"enemies":"3 Sentries","floor":13,"turns":5},{"damage":0,"enemies":"Blue Slaver","floor":14,"turns":2},{"damage":3,"enemies":"The Guardian","floor":16,"turns":5},{"damage":0,"enemies":"Chosen","floor":18,"turns":3},{"damage":0,"enemies":"Shell Parasite","floor":19,"turns":3},{"damage":0,"enemies":"Centurion and Healer","floor":20,"turns":4},{"damage":0,"enemies":"Gremlin Leader","floor":25,"turns":3},{"damage":2,"enemies":"Chosen and Byrds","floor":27,"turns":3},{"damage":0,"enemies":"Snecko","floor":29,"turns":4},{"damage":39,"enemies":"Slavers","floor":31,"turns":7},{"damage":0,"enemies":"Champ","floor":33,"turns":5},{"damage":0,"enemies":"3 Darklings","floor":35,"turns":3},{"damage":1,"enemies":"Orb Walker","floor":39,"turns":4},{"damage":8,"enemies":"Giant Head","floor":41,"turns":5},{"damage":14,"enemies":"Reptomancer","floor":44,"turns":5},{"damage":0,"enemies":"Spire Growth","floor":46,"turns":6},{"damage":21,"enemies":"Nemesis","floor":47,"turns":5},{"damage":17,"enemies":"Donu and Deca","floor":50,"turns":6},{"damage":21,"enemies":"Awakened One","floor":51,"turns":3}],"green_key_taken_log":44,"seed_played":"9077518920218174461","potions_obtained":[{"floor":2,"key":"Strength Potion"},{"floor":7,"key":"EssenceOfSteel"},{"floor":27,"key":"Regen Potion"},{"floor":35,"key":"Block Potion"}],"is_trial":true,"path_per_floor":["M","M","M","M","M","R","E","M","T","?","R","$","E","M","R","B",null,"M","M","M","$","?","R","?","E","T","M","R","M","?","E","R","B",null,"M","?","?","T","M","R","E","R","T","E","$","M","E","T","R","B","B"],"character_chosen":"THE_SILENT","basemod:card_modifiers":[null,null,null,null,null,null,null,null,null,null,null,null,null,null,null,null,null,null,null,null,null],"items_purchased":["Calculated Gamble","Omamori","Meat on the Bone"],"campfire_rested":0,"item_purchase_floors":[12,21,45],"current_hp_per_floor":[59,59,59,55,55,55,55,55,55,46,46,46,41,41,41,38,59,59,59,59,59,59,59,59,59,59,57,57,57,57,33,33,33,58,58,58,46,46,45,45,37,37,37,23,23,35,26,26,26,21,0],"gold":56,"neow_bonus":"","is_prod":false,"is_daily":false,"rewards_skipped":[{"floor":13,"relics":[],"potions":["SteroidPotion"]},{"floor":18,"relics":[],"potions":["SneckoOil"]},{"floor":29,"relics":[],"potions":["EssenceOfSteel"]},{"floor":41,"relics":[],"potions":["SmokeBomb"]}],"chose_seed":false,"campfire_upgraded":8,"win_rate":0,"floor_exit_playtime":[186,224,265,327,367,377,428,473,476,489,497,523,634,667,673,805,832,893,959,1059,1084,1087,1096,1101,1247,1250,1318,1325,1436,1440,1581,1591,1693,1708,1799,1802,1817,1820,1896,1905,2035,2042,2045,2167,2180,2308,2395,2398,2401,2570],"timestamp":1700757299,"blue_key_relic_skipped_log":{"floor":26,"relicID":"MealTicket"},"path_taken":["M","M","M","?","M","R","E","M","T","?","R","$","E","?","R","BOSS","M","M","M","$","?","R","?","E","T","M","R","M","?","E","R","BOSS","M","?","?","?","M","R","E","R","T","E","$","M","E","?","R","BOSS","BOSS"],"build_version":"2022-12-18","purchased_purges":1,"victory":false,"max_hp_per_floor":[66,66,66,66,66,66,66,66,66,66,66,66,66,66,66,66,66,66,66,66,66,66,66,66,66,66,66,66,66,66,66,66,66,66,66,66,66,66,66,66,66,66,66,66,66,66,66,66,66,66,66],"relic_stats":{"Gremlin Horn":[2,2],"counters":[26,103],"Blue Candle":[0],"Tiny Chest":1,"Snake Skull":[0],"Omamori":2,"Bottled Lightning":"Acrobatics","Cursed Key":1,"obtain_stats":[{"Gremlin Horn":44,"Blue Candle":9,"Vajra":31,"Snake Skull":41,"Omamori":21,"Cursed Key":17,"Akabeko":47,"Mercury Hourglass":7,"Tiny Chest":30,"Bag of Marbles":24,"Coffee Dripper":34,"Bottled Lightning":25,"StrikeDummy":13,"Ring of the Snake":0,"Meat on the Bone":45},{"Gremlin Horn":22,"Blue Candle":7,"Vajra":17,"Snake Skull":21,"Omamori":13,"Cursed Key":10,"Akabeko":24,"Mercury Hourglass":6,"Tiny Chest":16,"Bag of Marbles":13,"Coffee Dripper":18,"Bottled Lightning":14,"StrikeDummy":8,"Ring of the Snake":0,"Meat on the Bone":22},{"Gremlin Horn":83,"Blue Candle":22,"Vajra":61,"Snake Skull":78,"Omamori":44,"Cursed Key":34,"Akabeko":94,"Mercury Hourglass":19,"Tiny Chest":54,"Bag of Marbles":44,"Coffee Dripper":66,"Bottled Lightning":47,"StrikeDummy":27,"Ring of the Snake":0,"Meat on the Bone":83}],"Ring of the Snake":[52],"Mercury Hourglass":[317],"Meat on the Bone":36},"card_choices":[{"not_picked":["Bane","Reinforced Body","Backflip"],"picked":"SKIP","floor":1},{"not_picked":["FollowUp","Finisher","Clash"],"picked":"SKIP","floor":2},{"not_picked":["Sucker Punch","Deflect"],"picked":"Night Terror","floor":3},{"not_picked":["Conserve Battery","SashWhip","All Out Attack"],"picked":"SKIP","floor":4},{"not_picked":["Darkness","Perfected Strike","Tempest"],"picked":"SKIP","floor":5},{"not_picked":["CrushJoints","Steam Power","JustLucky"],"picked":"SKIP","floor":7},{"not_picked":["Thunderclap","Dash","Finisher"],"picked":"SKIP","floor":8},{"not_picked":["Tempest","Flex","WreathOfFlame"],"picked":"SKIP","floor":13},{"not_picked":["PathToVictory","Quick Slash"],"picked":"Concentrate","floor":14},{"not_picked":["Biased Cognition","Judgement","Ragnarok"],"picked":"SKIP","floor":16},{"not_picked":["Leg Sweep","Shrug It Off"],"picked":"Hologram","floor":18},{"not_picked":["Masterful Stab","BowlingBash","ClearTheMind"],"picked":"SKIP","floor":19},{"not_picked":["Hello World","Feel No Pain","Outmaneuver"],"picked":"SKIP","floor":20},{"not_picked":["Halt","SandsOfTime"],"picked":"Intimidate+1","floor":25},{"not_picked":["Study","Conserve Battery","Malaise"],"picked":"SKIP","floor":27},{"not_picked":["Deadly Poison","PiercingWail"],"picked":"Leg Sweep","floor":29},{"not_picked":["Clash+1","Swivel"],"picked":"Backflip","floor":31},{"not_picked":["ConjureBlade","Machine Learning"],"picked":"Echo Form","floor":33},{"not_picked":["Disarm","Rip and Tear","MentalFortress"],"picked":"SKIP","floor":35},{"not_picked":["Ball Lightning+1","Rampage"],"picked":"Reprogram","floor":39},{"not_picked":["Corpse Explosion","Rip and Tear","Redo"],"picked":"SKIP","floor":41},{"not_picked":["SignatureMove","Malaise","Adaptation"],"picked":"SKIP","floor":44},{"not_picked":["Quick Slash","Protect","PathToVictory+1"],"picked":"SKIP","floor":46},{"not_picked":["Ball Lightning","Perfected Strike","Prostrate"],"picked":"SKIP","floor":47}],"player_experience":2343755,"relics_obtained":[{"floor":7,"key":"Mercury Hourglass"},{"floor":9,"key":"Blue Candle"},{"floor":13,"key":"StrikeDummy"},{"floor":25,"key":"Bottled Lightning"},{"floor":31,"key":"Vajra"},{"floor":41,"key":"Snake Skull"},{"floor":44,"key":"Gremlin Horn"},{"floor":47,"key":"Akabeko"}],"event_choices":[{"damage_healed":0,"gold_gain":0,"player_choice":"Damaged","damage_taken":9,"max_hp_gain":0,"max_hp_loss":0,"event_name":"Wheel of Change","floor":10,"gold_loss":0},{"damage_healed":0,"gold_gain":0,"player_choice":"Ignored","damage_taken":0,"max_hp_gain":0,"max_hp_loss":0,"event_name":"Vampires","floor":22,"gold_loss":0},{"damage_healed":0,"gold_gain":0,"player_choice":"Opened","damage_taken":0,"relics_obtained":["Bag of Marbles"],"max_hp_gain":0,"max_hp_loss":0,"event_name":"The Mausoleum","floor":24,"gold_loss":0,"cards_obtained":["Writhe"]},{"damage_healed":0,"gold_gain":0,"player_choice":"Obtained Relic","damage_taken":0,"relics_obtained":["Tiny Chest"],"max_hp_gain":0,"max_hp_loss":0,"event_name":"Addict","floor":30,"gold_loss":85},{"damage_healed":0,"gold_gain":0,"player_choice":"Ignored","damage_taken":0,"max_hp_gain":0,"max_hp_loss":0,"event_name":"Tomb of Lord Red Mask","floor":36,"gold_loss":0},{"damage_healed":0,"gold_gain":0,"player_choice":"Embrace Madness","damage_taken":12,"max_hp_gain":0,"max_hp_loss":0,"event_name":"Winding Halls","floor":37,"gold_loss":0,"cards_obtained":["Madness","Madness"]}],"is_beta":false,"boss_relics":[{"not_picked":["Runic Dome","Black Star"],"picked":"Cursed Key"},{"not_picked":["Philosopher\u0027s Stone","Calling Bell"],"picked":"Coffee Dripper"}],"items_purged_floors":[21],"is_endless":false,"potions_floor_spawned":[2,7,13,18,27,29,35,41],"killed_by":"Awakened One","ascension_level":20,"potion_discard_per_floor":[[],[],[],[],[],[],[],[],[],[],[],[],[],[],[],[],[],[],[],[],[],[],[],[],[],[],[],[],[],[],[],[],[],[],[],[],[],[],[],[],[],[],[],[],[],[],[],[],[],[],[]]}