{"neow_bonuses_skipped_log":["HUNDRED_GOLD","RANDOM_COLORLESS_2","BOSS_RELIC"],"potions_obtained_entropic_brew":[[],[],[],[],[],[],[],[],[],[],[],[],[],[],[],[],[],[],[],[],[],[],[]],"neow_costs_skipped_log":["NONE","CURSE","NONE"],"gold_per_floor":[110,110,120,132,147,147,180,192,231,262,286,323,345,386,398,486,498,528,540,552,578,590,602],"floor_reached":23,"playtime":751,"items_purged":[],"score":426,"play_id":"f085cdc7-aacf-4103-8457-32532eab3edf","local_time":"20231128183452","score_breakdown":["Floors Climbed (23): 115","Enemies Slain (9): 18","Exordium Elites Killed (3): 30","City Elites Killed (0): 0","Bosses Slain (1): 50","Ascension (20): 213"],"is_ascension_mode":true,"potions_obtained_alchemize":[[],[],[],[],[],[],[],[],[],[],[],[],[],[],[],[],[],[],[],[],[],[],[]],"campfire_choices":[{"data":"Masterful Stab","floor":6.0,"key":"SMITH"},{"data":"Bouncing Flask","floor":8.0,"key":"SMITH"},{"data":"Neutralize","floor":15.0,"key":"SMITH"}],"lesson_learned_per_floor":[[],[],[],[],[],[],[],[],[],[],[],[],[],[],[],[],[],[],[],[],[],[],[]],"neow_cost":"NONE","improvable_cards":{},"seed_source_timestamp":0,"shop_contents":[{"floor":20,"relics":["Tiny Chest","TungstenRod","Cauldron"],"cards":["Endless Agony","Underhanded Strike","Concentrate","Backflip","Caltrops","Enlightenment","Transmutation"],"potions":["SkillPotion","EssenceOfSteel","Fruit Juice"]}],"circlet_count":0,"master_deck":["AscendersBane","Strike_G","Strike_G","Strike_G","Strike_G","Strike_G","Defend_G","Defend_G","Defend_G","Defend_G","Survivor","Neutralize+1","All Out Attack+1","Masterful Stab+1","Backflip","Quick Slash","Bouncing Flask+1","Dagger Throw","Backflip","Grand Finale","Deflect+1"],"special_seed":0,"potion_use_per_floor":[[],[],[],[],[],[],["SteroidPotion"],[],[],[],["Regen Potion"],["SkillPotion"],[],["FearPotion"],[],["Regen Potion"],[],[],[],[],[],[],[]],"relics":["Ring of the Snake","MawBank","Dream Catcher","Art of War","Akabeko","Fusion Hammer"],"potions_floor_usage":[16],"damage_taken":[{"damage":0.0,"enemies":"2 Louse","floor":1.0,"turns":3.0},{"damage":0.0,"enemies":"Small Slimes","floor":3.0,"turns":2.0},{"damage":0.0,"enemies":"Cultist","floor":4.0,"turns":3.0},{"damage":0.0,"enemies":"Looter","floor":5.0,"turns":2.0},{"damage":6.0,"enemies":"Gremlin Nob","floor":7.0,"turns":3.0},{"damage":1.0,"enemies":"Exordium Wildlife","floor":10.0,"turns":3.0},{"damage":7.0,"enemies":"Red Slaver","floor":11.0,"turns":3.0},{"damage":10.0,"enemies":"Lagavulin","floor":12.0,"turns":6.0},{"damage":0.0,"enemies":"2 Fungi Beasts","floor":13.0,"turns":4.0},{"damage":6.0,"enemies":"Gremlin Nob","floor":14.0,"turns":3.0},{"damage":39,"enemies":"Slime Boss","floor":16,"turns":9},{"damage":14,"enemies":"2 Thieves","floor":18,"turns":4},{"damage":13,"enemies":"Spheric Guardian","floor":21,"turns":4},{"damage":21,"enemies":"Book of Stabbing","floor":23,"turns":3}],"seed_played":"4246305468686362994","neow_bonus_log":{"cardsObtained":["All Out Attack"],"cardsUpgraded":[],"cardsRemoved":[],"cardsTransformed":["Defend_G"],"relicsObtained":[],"maxHpGained":0,"goldGained":0,"damageTaken":0,"goldLost":0,"maxHpLost":0},"potions_obtained":[{"floor":4.0,"key":"SteroidPotion"},{"floor":5.0,"key":"SkillPotion"},{"floor":10.0,"key":"Regen Potion"},{"floor":12.0,"key":"FearPotion"},{"floor":14.0,"key":"Regen Potion"},{"floor":21,"key":"Fire Potion"}],"is_trial":false,"path_per_floor":["M","?","M","M","M","R","E","R","T","M","M","E","M","E","R","B",null,"M","?","$","M","?","E"],"character_chosen":"THE_SILENT","basemod:card_modifiers":[null,null,null,null,null,null,null,null,null,null,null,null,null,null,null,null,null,null,null,null,null],"items_purchased":[],"campfire_rested":0,"item_purchase_floors":[],"current_hp_per_floor":[59,59,59,59,59,59,53,53,53,52,57,47,47,41,41,17,54,40,31,31,18,18,0],"gold":602,"neow_bonus":"TRANSFORM_CARD","is_prod":false,"is_daily":false,"rewards_skipped":[],"chose_seed":false,"campfire_upgraded":3,"win_rate":0,"floor_exit_playtime":[63,72,92,118,140,145,172,179,182,207,247,330,376,407,414,542,560,626,640,668,711,714],"timestamp":1701214492,"path_taken":["M","?","M","M","M","R","E","R","T","M","M","E","M","E","R","BOSS","M","?","$","?","?","E"],"build_version":"2022-12-18","purchased_purges":0,"victory":false,"max_hp_per_floor":[66,66,66,66,66,66,66,66,66,66,66,66,66,66,66,66,66,66,66,66,66,66,66],"relic_stats":{"Dream Catcher":0,"counters":[14,52],"Art of War":[2],"MawBank":192,"obtain_stats":[{"Dream Catcher":9,"Fusion Hammer":17,"Art of War":12,"MawBank":7,"Akabeko":14,"Ring of the Snake":0},{"Dream Catcher":5,"Fusion Hammer":11,"Art of War":8,"MawBank":5,"Akabeko":10,"Ring of the Snake":0},{"Dream Catcher":13,"Fusion Hammer":41,"Art of War":25,"MawBank":13,"Akabeko":32,"Ring of the Snake":0}],"Ring of the Snake":[28]},"card_choices":[{"not_picked":["Slice","Cloak And Dagger"],"picked":"Masterful Stab","floor":1.0},{"not_picked":["PiercingWail","Storm of Steel"],"picked":"Backflip","floor":3.0},{"not_picked":["Sucker Punch","Prepared","Skewer"],"picked":"SKIP","floor":4.0},{"not_picked":["Blur","Distraction"],"picked":"Quick Slash","floor":5.0},{"not_picked":["Flying Knee","Skewer"],"picked":"Bouncing Flask","floor":7.0},{"not_picked":["Sucker Punch","Outmaneuver"],"picked":"Dagger Throw","floor":10.0},{"not_picked":["Underhanded Strike","All Out Attack","Eviscerate"],"picked":"SKIP","floor":11.0},{"not_picked":["Prepared","Unload"],"picked":"Backflip","floor":12.0},{"not_picked":["Backflip","Dodge and Roll","Poisoned Stab"],"picked":"SKIP","floor":13.0},{"not_picked":["Dagger Spray","Finisher","Infinite Blades"],"picked":"SKIP","floor":14.0},{"not_picked":["Storm of Steel","A Thousand Cuts"],"picked":"Grand Finale","floor":16},{"not_picked":["Deflect","Quick Slash+1","Underhanded Strike"],"picked":"SKIP","floor":18},{"not_picked":["Infinite Blades","Concentrate"],"picked":"Deflect+1","floor":21}],"player_experience":2369563,"relics_obtained":[{"floor":7.0,"key":"MawBank"},{"floor":9.0,"key":"Dream Catcher"},{"floor":12.0,"key":"Art of War"},{"floor":14.0,"key":"Akabeko"}],"event_choices":[{"damage_healed":0.0,"max_hp_gain":0.0,"max_hp_loss":0.0,"gold_gain":0.0,"event_name":"Living Wall","player_choice":"Grow","floor":2.0,"gold_loss":0.0,"damage_taken":0.0,"cards_upgraded":["All Out Attack"]},{"damage_healed":0,"gold_gain":0,"player_choice":"Damaged","damage_taken":9,"max_hp_gain":0,"max_hp_loss":0,"event_name":"Wheel of Change","floor":19,"gold_loss":0},{"damage_healed":0,"gold_gain":0,"player_choice":"Ignored","damage_taken":0,"max_hp_gain":0,"max_hp_loss":0,"event_name":"The Mausoleum","floor":22,"gold_loss":0}],"is_beta":false,"boss_relics":[{"not_picked":["Sozu","Busted Crown"],"picked":"Fusion Hammer"}],"items_purged_floors":[],"is_endless":false,"potions_floor_spawned":[4,5,10,12,14,21],"killed_by":"Book of Stabbing","ascension_level":20,"potion_discard_per_floor":[[],[],[],[],[],[],[],[],[],[],[],[],[],[],[],[],[],[],[],[],[],[],[]]}