{"neow_bonuses_skipped_log":["RANDOM_COLORLESS","THREE_RARE_CARDS","BOSS_RELIC"],"potions_obtained_entropic_brew":[[],[],[],[],[],[],[],[],[],[],[],[],[],[],[],[],[],[],[],[],[],[],[],[],[],[],[],[],[],[],[],[],[]],"neow_costs_skipped_log":["NONE","TEN_PERCENT_HP_LOSS","NONE"],"gold_per_floor":[117,129,146,146,71,71,99,99,99,114,148,148,148,162,162,236,236,252,152,162,162,179,208,208,208,208,208,220,632,664,696,708,720],"floor_reached":33,"playtime":1429,"items_purged":["Defend_G","Strike_G"],"score":550,"play_id":"5f6ff781-60ad-4978-9d28-ac265303aed4","local_time":"20240124032924","score_breakdown":["Floors Climbed (33): 165","Enemies Slain (10): 20","Exordium Elites Killed (2): 20","City Elites Killed (1): 20","Bosses Slain (1): 50","Ascension (20): 275"],"is_ascension_mode":true,"potions_obtained_alchemize":[[],[],[],[],[],[],[],[],[],[],[],[],[],[],[],[],[],[],[],[],[],[],[],[],[],[],[],[],[],[],[],[],[]],"campfire_choices":[{"data":"Predator","floor":6,"key":"SMITH"},{"data":"Tools of the Trade","floor":8,"key":"SMITH"},{"data":"Noxious Fumes","floor":12,"key":"SMITH"},{"floor":15,"key":"REST"},{"data":"Acrobatics","floor":24,"key":"SMITH"},{"data":"Adrenaline","floor":32,"key":"SMITH"}],"lesson_learned_per_floor":[[],[],[],[],[],[],[],[],[],[],[],[],[],[],[],[],[],[],[],[],[],[],[],[],[],[],[],[],[],[],[],[],[]],"neow_cost":"NONE","improvable_cards":{},"seed_source_timestamp":856249873165000,"shop_contents":[{"floor":5,"relics":["CeramicFish","Snake Skull","OrangePellets"],"cards":["Endless Agony","Bane","Escape Plan","Reflex","Accuracy","Swift Strike","Thinking Ahead"],"potions":["Block Potion","Explosive Potion","Poison Potion"]},{"floor":19,"relics":["Pantograph","Regal Pillow","Frozen Eye"],"cards":["Dash","Underhanded Strike","Blade Dance","Dodge and Roll","Caltrops","Forethought","Secret Weapon"],"potions":["BlessingOfTheForge","Energy Potion","EntropicBrew"]},{"floor":28,"relics":["Bird Faced Urn","Gremlin Horn","PrismaticShard"],"cards":["Eviscerate+1","Heel Hook+1","Doppelganger","Crippling Poison","Envenom","PanicButton","Master of Strategy"],"potions":["Poison Potion","Fire Potion","ColorlessPotion"]}],"circlet_count":0,"master_deck":["AscendersBane","Strike_G","Strike_G","Strike_G","Strike_G","Defend_G+1","Defend_G+1","Defend_G","Defend_G","Survivor","Neutralize","Slice","Predator+1","Backstab","Tools of the Trade+1","Noxious Fumes+1","Adrenaline+1","Malaise","Acrobatics+1","Eviscerate+1","Underhanded Strike+1","Outmaneuver+1","Underhanded Strike+1"],"potion_use_per_floor":[[],[],[],[],[],[],["DistilledChaos","LiquidMemories"],[],[],[],[],[],[],[],[],["CunningPotion"],[],["GhostInAJar"],[],[],[],[],["DuplicationPotion"],[],[],[],[],[],[],["GhostInAJar"],[],[],["GhostInAJar"]],"relics":["Ring of the Snake","Strawberry","Bottled Flame","Omamori","StrikeDummy","HoveringKite","MutagenicStrength","Question Card","Molten Egg 2","MawBank","Old Coin","Meat on the Bone"],"potions_floor_usage":[7,7,16,18,23,30,33],"damage_taken":[{"damage":0,"enemies":"2 Louse","floor":1,"turns":4},{"damage":0,"enemies":"Cultist","floor":2,"turns":4},{"damage":0,"enemies":"Jaw Worm","floor":3,"turns":4},{"damage":10,"enemies":"3 Sentries","floor":7,"turns":7},{"damage":3,"enemies":"Blue Slaver","floor":10,"turns":2},{"damage":26,"enemies":"Gremlin Nob","floor":11,"turns":4},{"damage":0,"enemies":"Looter","floor":14,"turns":2},{"damage":10,"enemies":"Hexaghost","floor":16,"turns":9},{"damage":0,"enemies":"Chosen","floor":18,"turns":5},{"damage":1,"enemies":"Spheric Guardian","floor":20,"turns":5},{"damage":0,"enemies":"Snecko","floor":22,"turns":5},{"damage":4,"enemies":"Book of Stabbing","floor":23,"turns":6},{"damage":13,"enemies":"Colosseum Slavers","floor":29,"turns":4},{"damage":0,"enemies":"Colosseum Nobs","floor":29,"turns":4},{"damage":1,"enemies":"Cultist and Chosen","floor":30,"turns":4},{"damage":0,"enemies":"Chosen and Byrds","floor":31,"turns":5},{"damage":66,"enemies":"Collector","floor":33,"turns":8}],"seed_played":"-6408488191647770848","neow_bonus_log":{"cardsObtained":[],"cardsUpgraded":[],"cardsRemoved":[],"cardsTransformed":[],"relicsObtained":["Strawberry"],"maxHpGained":0,"goldGained":0,"damageTaken":0,"goldLost":0,"maxHpLost":0},"potions_obtained":[{"floor":1,"key":"DistilledChaos"},{"floor":2,"key":"EssenceOfSteel"},{"floor":3,"key":"LiquidMemories"},{"floor":11,"key":"GhostInAJar"},{"floor":14,"key":"CunningPotion"},{"floor":16,"key":"GhostInAJar"},{"floor":20,"key":"DuplicationPotion"},{"floor":23,"key":"GhostInAJar"}],"is_trial":false,"path_per_floor":["M","M","M","?","$","R","E","R","T","M","E","R","?","M","R","B",null,"M","$","M","?","M","E","R","?","T","?","$","?","M","M","R","B"],"character_chosen":"THE_SILENT","basemod:card_modifiers":[null,null,null,null,null,null,null,null,null,null,null,null,null,null,null,null,null,null,null,null,null,null,null],"items_purchased":[],"campfire_rested":1,"item_purchase_floors":[],"current_hp_per_floor":[66,66,66,66,66,66,56,56,56,53,27,27,5,5,26,16,59,59,59,58,58,58,54,54,54,54,54,54,41,40,40,40,0],"gold":720,"neow_bonus":"RANDOM_COMMON_RELIC","is_prod":false,"is_daily":false,"rewards_skipped":[],"chose_seed":false,"campfire_upgraded":5,"win_rate":0,"floor_exit_playtime":[63,96,145,166,227,233,347,352,357,378,414,421,426,452,457,561,584,643,662,747,784,878,966,978,994,999,1003,1013,1150,1213,1299,1307],"timestamp":1706084964,"path_taken":["M","M","M","?","?","R","E","R","T","M","E","R","?","M","R","BOSS","M","$","M","?","M","E","R","?","T","?","$","?","M","M","R","BOSS"],"build_version":"2022-12-18","purchased_purges":2,"victory":false,"max_hp_per_floor":[73,73,73,73,73,73,73,73,73,73,73,73,73,73,73,73,73,73,73,73,73,73,73,73,73,73,73,73,73,73,73,73,73],"relic_stats":{"Bottled Flame":"Backstab","counters":[17,82],"HoveringKite":[37],"Omamori":1,"Question Card":3,"MawBank":72,"obtain_stats":[{"Bottled Flame":7,"Strawberry":0,"MutagenicStrength":21,"HoveringKite":17,"Molten Egg 2":26,"Omamori":9,"StrikeDummy":11,"Question Card":23,"MawBank":27,"Ring of the Snake":0,"Old Coin":29,"Meat on the Bone":29},{"Bottled Flame":4,"Strawberry":0,"MutagenicStrength":10,"HoveringKite":8,"Molten Egg 2":12,"Omamori":4,"StrikeDummy":6,"Question Card":12,"MawBank":12,"Ring of the Snake":0,"Old Coin":14,"Meat on the Bone":14},{"Bottled Flame":19,"Strawberry":0,"MutagenicStrength":46,"HoveringKite":36,"Molten Egg 2":57,"Omamori":19,"StrikeDummy":25,"Question Card":57,"MawBank":57,"Ring of the Snake":0,"Old Coin":65,"Meat on the Bone":65}],"Ring of the Snake":[34],"Meat on the Bone":0},"card_choices":[{"not_picked":["Catalyst","Tactician"],"picked":"Slice","floor":1},{"not_picked":["Crippling Poison","Prepared"],"picked":"Predator","floor":2},{"not_picked":["Dash","Catalyst"],"picked":"Backstab","floor":3},{"not_picked":["Dagger Spray","Dagger Throw","Bane"],"picked":"SKIP","floor":7},{"not_picked":["Choke","Quick Slash"],"picked":"Noxious Fumes","floor":10},{"not_picked":["Dodge and Roll","Dagger Spray"],"picked":"Adrenaline","floor":11},{"not_picked":["Outmaneuver","Deflect","Bane"],"picked":"SKIP","floor":14},{"not_picked":["A Thousand Cuts","Tools of the Trade"],"picked":"Malaise","floor":16},{"not_picked":["PiercingWail","Masterful Stab"],"picked":"Acrobatics","floor":18},{"not_picked":["Dash","Flying Knee","Distraction"],"picked":"SKIP","floor":20},{"not_picked":["Deflect","Poisoned Stab+1","Heel Hook+1"],"picked":"SKIP","floor":22},{"not_picked":["Bane","Infinite Blades"],"picked":"Eviscerate+1","floor":23},{"not_picked":["Quick Slash+1","Deflect","Dagger Throw+1"],"picked":"Underhanded Strike+1","floor":29},{"not_picked":["Poisoned Stab+1","All Out Attack+1","Dodge and Roll"],"picked":"Outmaneuver+1","floor":30},{"not_picked":["Poisoned Stab+1","Riddle With Holes+1","Cloak And Dagger"],"picked":"Underhanded Strike+1","floor":31}],"player_experience":2401941,"relics_obtained":[{"floor":7,"key":"Bottled Flame"},{"floor":9,"key":"Omamori"},{"floor":11,"key":"StrikeDummy"},{"floor":23,"key":"Question Card"},{"floor":26,"key":"Molten Egg 2"},{"floor":29,"key":"Old Coin"},{"floor":29,"key":"Meat on the Bone"}],"event_choices":[{"damage_healed":0,"gold_gain":0,"player_choice":"1 cards matched","damage_taken":0,"max_hp_gain":0,"max_hp_loss":0,"event_name":"Match and Keep!","floor":4,"gold_loss":0,"cards_obtained":["Tools of the Trade"]},{"damage_healed":0,"gold_gain":0,"player_choice":"Entered Light","damage_taken":22,"max_hp_gain":0,"max_hp_loss":0,"event_name":"Shining Light","floor":13,"gold_loss":0,"cards_upgraded":["Defend_G","Defend_G"]},{"damage_healed":0,"gold_gain":0,"player_choice":"Inject Mutagens","damage_taken":0,"relics_obtained":["MutagenicStrength"],"max_hp_gain":0,"max_hp_loss":0,"event_name":"Drug Dealer","floor":21,"gold_loss":0},{"damage_healed":0,"gold_gain":0,"player_choice":"Ignored","damage_taken":0,"max_hp_gain":0,"max_hp_loss":0,"event_name":"Ghosts","floor":25,"gold_loss":0},{"damage_healed":0,"gold_gain":0,"player_choice":"Opened","damage_taken":0,"relics_obtained":["MawBank"],"max_hp_gain":0,"max_hp_loss":0,"event_name":"The Mausoleum","floor":27,"gold_loss":0,"cards_obtained":["Writhe"]},{"damage_healed":0,"gold_gain":0,"player_choice":"Fight","damage_taken":0,"max_hp_gain":0,"max_hp_loss":0,"event_name":"Colosseum","floor":29,"gold_loss":0},{"damage_healed":0,"gold_gain":0,"player_choice":"Fought Nobs","damage_taken":0,"max_hp_gain":0,"max_hp_loss":0,"event_name":"Colosseum","floor":29,"gold_loss":0}],"is_beta":false,"boss_relics":[{"not_picked":["SacredBark","Tiny House"],"picked":"HoveringKite"}],"items_purged_floors":[5,19],"is_endless":false,"potions_floor_spawned":[1,2,3,11,14,16,20,23,29],"killed_by":"Collector","ascension_level":20,"potion_discard_per_floor":[[],[],["EssenceOfSteel"],[],[],[],[],[],[],[],[],[],[],[],[],[],[],[],[],[],[],[],[],[],[],[],[],[],[],[],[],[],[]]}