{"neow_bonuses_skipped_log":["REMOVE_CARD","THREE_RARE_CARDS","BOSS_RELIC"],"neow_costs_skipped_log":["NONE","NO_GOLD","NONE"],"potions_obtained_entropic_brew":[[],[],[],[],[],[],[],[],[],[],[],[],[],[],[],[],[],[],[],[],[],[],[],[],[],[],[],[]],"gold_per_floor":[110,3,23,41,91,91,118,118,194,205,268,279,279,319,319,403,430,441,356,30,53,74,74,111,120,120,120,120],"floor_reached":28,"playtime":1673,"items_purged":["Strike_G"],"score":592,"play_id":"261fbc92-451c-4448-9051-5a542a593769","local_time":"20240608214359","score_breakdown":["Floors Climbed (28): 140","Enemies Slain (8): 16","Exordium Elites Killed (2): 20","City Elites Killed (1): 20","Bosses Slain (1): 50","Perfect (1): 50","Ascension (20): 296"],"is_ascension_mode":true,"potions_obtained_alchemize":[[],[],[],[],[],[],[],[],[],[],[],[],[],[],[],[],[],[],[],[],[],[],[],[],[],[],[],[]],"campfire_choices":[{"data":"Bouncing Flask","floor":6.0,"key":"SMITH"},{"data":"Deadly Poison","floor":8.0,"key":"SMITH"},{"floor":13,"key":"REST"},{"data":"Prepared","floor":15,"key":"SMITH"},{"data":"Wraith Form v2","floor":23,"key":"SMITH"},{"floor":27,"key":"REST"}],"lesson_learned_per_floor":[[],[],[],[],[],[],[],[],[],[],[],[],[],[],[],[],[],[],[],[],[],[],[],[],[],[],[],[]],"neow_cost":"NONE","improvable_cards":{},"seed_source_timestamp":1973636703232200,"shop_contents":[{"floor":2,"relics":["Darkstone Periapt","Whetstone","Membership Card"],"cards":["Flechettes","Blur","Accuracy","Good Instincts","Magnetism"],"potions":["AttackPotion","Explosive Potion","Dexterity Potion"]},{"floor":20,"relics":["Dream Catcher","Dead Branch"],"cards":["Dagger Spray","Masterful Stab","Acrobatics","Infinite Blades","Discovery","The Bomb"],"potions":["DuplicationPotion","Ancient Potion","SteroidPotion"]}],"circlet_count":0,"master_deck":["AscendersBane","Strike_G","Defend_G","Defend_G","Defend_G","Defend_G","Defend_G","Survivor","Neutralize","Bouncing Flask+1","Backflip","Bane","Endless Agony","Predator","Deadly Poison+1","Prepared+1","Leg Sweep","Calculated Gamble","Backflip","Wraith Form v2+1","Night Terror+1","Choke+1","After Image+1","Catalyst","Noxious Fumes","Backflip","Prepared","Decay"],"special_seed":0,"potion_use_per_floor":[[],[],[],[],[],[],["ColorlessPotion"],[],[],[],["ColorlessPotion"],[],[],["SpeedPotion"],[],[],[],["CunningPotion"],[],[],[],["Regen Potion"],[],["Energy Potion"],[],[],[],[]],"relics":["Ring of the Snake","Juzu Bracelet","PreservedInsect","Sundial","Blood Vial","CeramicFish","Astrolabe","InkBottle","OrangePellets","Anchor","Bronze Scales"],"potions_floor_usage":[11,14,18,22,24],"damage_taken":[{"damage":6.0,"enemies":"Small Slimes","floor":1.0,"turns":4.0},{"damage":1.0,"enemies":"Cultist","floor":3.0,"turns":4.0},{"damage":2.0,"enemies":"2 Louse","floor":4.0,"turns":4.0},{"damage":7.0,"enemies":"Lagavulin","floor":7.0,"turns":5.0},{"damage":8.0,"enemies":"Blue Slaver","floor":10.0,"turns":3.0},{"damage":14,"enemies":"Gremlin Nob","floor":11,"turns":3},{"damage":0,"enemies":"Looter","floor":12,"turns":3},{"damage":12,"enemies":"3 Sentries","floor":14,"turns":6},{"damage":0,"enemies":"The Guardian","floor":16,"turns":8},{"damage":8,"enemies":"3 Byrds","floor":18,"turns":10},{"damage":4,"enemies":"Chosen","floor":21,"turns":6},{"damage":12,"enemies":"Snecko","floor":22,"turns":7},{"damage":45,"enemies":"Slavers","floor":24,"turns":11},{"damage":39,"enemies":"Colosseum Slavers","floor":28,"turns":5}],"seed_played":"-3033418319824167924","neow_bonus_log":{"cardsObtained":[],"cardsUpgraded":[],"cardsRemoved":[],"cardsTransformed":[],"relicsObtained":["Juzu Bracelet"],"maxHpGained":0,"goldGained":0,"damageTaken":0,"goldLost":0,"maxHpLost":0},"potions_obtained":[{"floor":1.0,"key":"ColorlessPotion"},{"floor":4.0,"key":"ColorlessPotion"},{"floor":12,"key":"SpeedPotion"},{"floor":14,"key":"CunningPotion"},{"floor":16,"key":"FearPotion"},{"floor":18,"key":"Energy Potion"},{"floor":21,"key":"Regen Potion"}],"is_trial":false,"path_per_floor":["M","$","M","M","?","R","E","R","T","M","?","M","R","E","R","B",null,"M","?","$","M","M","R","E","?","T","R","?"],"character_chosen":"THE_SILENT","basemod:card_modifiers":[null,null,null,null,null,null,null,null,null,null,null,null,null,null,null,null,null,null,null,null,null,null,null,null,null,null,null,null],"items_purchased":["Backflip","Bane","Catalyst","OrangePellets"],"campfire_rested":2,"item_purchase_floors":[2,2,20,20],"current_hp_per_floor":[53,53,52,50,44,44,37,37,37,29,15,17,36,26,26,28,57,51,51,51,49,54,54,11,11,11,30,0],"gold":120,"neow_bonus":"RANDOM_COMMON_RELIC","is_prod":false,"is_daily":false,"rewards_skipped":[],"chose_seed":false,"campfire_upgraded":4,"win_rate":0,"floor_exit_playtime":[120,165,206,264,270,284,380,394,397,445,527,560,564,653,663,757,807,1028,1031,1060,1152,1273,1279,1578,1583,1585,1588],"timestamp":1717897439,"path_taken":["M","$","M","M","?","R","E","R","T","M","?","M","R","E","R","BOSS","M","?","$","M","M","R","E","?","T","R","?"],"build_version":"2022-12-18","purchased_purges":1,"victory":false,"max_hp_per_floor":[66,66,66,66,66,66,66,66,66,66,66,66,66,66,66,66,66,66,66,66,66,66,66,66,66,66,66,66],"relic_stats":{"Blood Vial":16,"OrangePellets":[7],"counters":[14,79],"Sundial":[8],"CeramicFish":90,"Astrolabe":["Night Terror","Choke","After Image"],"Bronze Scales":[24],"PreservedInsect":97,"Juzu Bracelet":1,"obtain_stats":[{"Blood Vial":11,"OrangePellets":20,"Anchor":24,"Sundial":9,"CeramicFish":14,"Astrolabe":17,"Bronze Scales":26,"PreservedInsect":7,"Juzu Bracelet":0,"InkBottle":19,"Ring of the Snake":0},{"Blood Vial":6,"OrangePellets":10,"Anchor":13,"Sundial":4,"CeramicFish":8,"Astrolabe":9,"Bronze Scales":13,"PreservedInsect":4,"Juzu Bracelet":0,"InkBottle":10,"Ring of the Snake":0},{"Blood Vial":23,"OrangePellets":50,"Anchor":74,"Sundial":17,"CeramicFish":32,"Astrolabe":40,"Bronze Scales":74,"PreservedInsect":17,"Juzu Bracelet":0,"InkBottle":50,"Ring of the Snake":0}],"InkBottle":[8],"Ring of the Snake":[29]},"card_choices":[{"not_picked":["Riddle With Holes","Quick Slash"],"picked":"Bouncing Flask","floor":1.0},{"not_picked":["Concentrate","Heel Hook"],"picked":"Endless Agony","floor":3.0},{"not_picked":["Deflect","Cloak And Dagger"],"picked":"Predator","floor":4.0},{"not_picked":["Outmaneuver","Slice"],"picked":"Deadly Poison","floor":7.0},{"not_picked":["Caltrops","Underhanded Strike","Prepared"],"picked":"SKIP","floor":10.0},{"not_picked":["Caltrops","Underhanded Strike"],"picked":"Prepared","floor":10.0},{"not_picked":["Sucker Punch","Terror"],"picked":"Leg Sweep","floor":11},{"not_picked":["Quick Slash","Underhanded Strike"],"picked":"Calculated Gamble","floor":12},{"not_picked":["Sucker Punch","Finisher"],"picked":"Backflip","floor":14},{"not_picked":["Die Die Die","Grand Finale"],"picked":"Wraith Form v2","floor":16},{"not_picked":["Underhanded Strike","Cloak And Dagger","Deflect"],"picked":"SKIP","floor":18},{"not_picked":["Underhanded Strike+1","Masterful Stab"],"picked":"Noxious Fumes","floor":21},{"not_picked":["Deadly Poison","Acrobatics"],"picked":"Backflip","floor":22},{"not_picked":["Blur","Crippling Poison"],"picked":"Prepared","floor":24}],"player_experience":2422847,"relics_obtained":[{"floor":7.0,"key":"PreservedInsect"},{"floor":9.0,"key":"Sundial"},{"floor":11,"key":"Blood Vial"},{"floor":14,"key":"CeramicFish"},{"floor":24,"key":"Anchor"},{"floor":26,"key":"Bronze Scales"}],"event_choices":[{"damage_healed":0.0,"max_hp_gain":0.0,"max_hp_loss":0.0,"gold_gain":50.0,"event_name":"FaceTrader","player_choice":"Touch","floor":5.0,"gold_loss":0.0,"damage_taken":6.0},{"damage_healed":0,"gold_gain":30,"player_choice":"Searched \u00272\u0027 times","damage_taken":0,"max_hp_gain":0,"max_hp_loss":0,"event_name":"Dead Adventurer","floor":11,"gold_loss":0},{"damage_healed":0,"gold_gain":0,"player_choice":"Obtained Relic","damage_taken":0,"relics_obtained":["InkBottle"],"max_hp_gain":0,"max_hp_loss":0,"event_name":"Addict","floor":19,"gold_loss":85},{"damage_healed":0,"gold_gain":0,"player_choice":"Smashed Altar","damage_taken":0,"max_hp_gain":0,"max_hp_loss":0,"event_name":"Forgotten Altar","floor":25,"gold_loss":0,"cards_obtained":["Decay"]},{"damage_healed":0,"gold_gain":0,"player_choice":"Fight","damage_taken":0,"max_hp_gain":0,"max_hp_loss":0,"event_name":"Colosseum","floor":28,"gold_loss":0}],"is_beta":false,"boss_relics":[{"not_picked":["HoveringKite","Ectoplasm"],"picked":"Astrolabe"}],"items_purged_floors":[20],"is_endless":false,"potions_floor_spawned":[1,4,12,14,16,18,21],"killed_by":"Colosseum Slavers","ascension_level":20,"potion_discard_per_floor":[[],[],[],[],[],[],[],[],[],[],[],[],[],[],[],[],[],[],[],[],["FearPotion"],[],[],[],[],[],[],[]]}