{"neow_bonuses_skipped_log":["THREE_CARDS","THREE_ENEMY_KILL","BOSS_RELIC"],"potions_obtained_entropic_brew":[[],[],[],[],[],[],[],[],[],[],[],[],[],[]],"neow_costs_skipped_log":["NONE","NONE","NONE"],"gold_per_floor":[113,126,137,137,155,155,175,190,190,190,201,227,227,227],"floor_reached":14,"playtime":615,"items_purged":[],"score":188,"play_id":"9522a0d3-b150-431b-84a1-5e9f01e7410b","local_time":"20240609182425","score_breakdown":["Floors Climbed (14): 70","Enemies Slain (7): 14","Exordium Elites Killed (1): 10","Bosses Slain (0): 0","Ascension (20): 94"],"is_ascension_mode":true,"potions_obtained_alchemize":[[],[],[],[],[],[],[],[],[],[],[],[],[],[]],"campfire_choices":[{"data":"Flying Knee","floor":6,"key":"SMITH"},{"floor":13,"key":"REST"}],"lesson_learned_per_floor":[[],[],[],[],[],[],[],[],[],[],[],[],[],[]],"neow_cost":"TEN_PERCENT_HP_LOSS","improvable_cards":{},"seed_source_timestamp":2049137260092100,"shop_contents":[],"circlet_count":0,"master_deck":["AscendersBane","Strike_G","Strike_G","Strike_G","Strike_G","Strike_G","Defend_G","Defend_G","Defend_G","Defend_G","Defend_G","Survivor","Neutralize","Master of Strategy","Leg Sweep","Flying Knee+1","After Image","Calculated Gamble","Well Laid Plans","Backstab+1","Sucker Punch"],"potion_use_per_floor":[[],[],[],[],[],[],[],["Fire Potion"],[],[],[],["SteroidPotion"],[],[]],"relics":["Ring of the Snake","Omamori","Snake Skull","Tiny Chest"],"potions_floor_usage":[8,12],"damage_taken":[{"damage":4,"enemies":"Cultist","floor":1,"turns":5},{"damage":0,"enemies":"Jaw Worm","floor":2,"turns":9},{"damage":0,"enemies":"2 Louse","floor":3,"turns":3},{"damage":1,"enemies":"Blue Slaver","floor":5,"turns":7},{"damage":0,"enemies":"Red Slaver","floor":7,"turns":8},{"damage":1,"enemies":"2 Fungi Beasts","floor":8,"turns":3},{"damage":0,"enemies":"3 Louse","floor":11,"turns":3},{"damage":9,"enemies":"3 Sentries","floor":12,"turns":11},{"damage":24,"enemies":"Lagavulin","floor":14,"turns":11}],"seed_played":"-3003743866406810415","neow_bonus_log":{"cardsObtained":[],"cardsUpgraded":[],"cardsRemoved":[],"cardsTransformed":[],"relicsObtained":[],"maxHpGained":0,"goldGained":0,"damageTaken":0,"goldLost":0,"maxHpLost":6},"potions_obtained":[{"floor":2,"key":"SteroidPotion"},{"floor":3,"key":"AttackPotion"},{"floor":5,"key":"Fire Potion"}],"is_trial":false,"path_per_floor":["M","M","M","?","M","R","M","M","T","?","M","E","R","E"],"character_chosen":"THE_SILENT","basemod:card_modifiers":[null,null,null,null,null,null,null,null,null,null,null,null,null,null,null,null,null,null,null,null,null],"items_purchased":[],"campfire_rested":1,"item_purchase_floors":[],"current_hp_per_floor":[55,55,55,37,36,36,36,35,35,35,35,26,44,20],"gold":227,"neow_bonus":"RANDOM_COLORLESS_2","is_prod":false,"is_daily":false,"rewards_skipped":[],"chose_seed":false,"campfire_upgraded":1,"win_rate":0,"floor_exit_playtime":[51,113,143,148,204,228,293,325,328,344,382,505,508],"timestamp":1717971865,"path_taken":["M","M","M","?","M","R","M","M","T","?","?","E","R","E"],"build_version":"2022-12-18","purchased_purges":0,"victory":false,"max_hp_per_floor":[60,60,60,60,60,60,60,60,60,60,60,60,60,60],"relic_stats":{"counters":[9,60],"Tiny Chest":0,"Snake Skull":[0],"Omamori":0,"obtain_stats":[{"Tiny Chest":12,"Snake Skull":9,"Omamori":4,"Ring of the Snake":0},{"Tiny Chest":8,"Snake Skull":6,"Omamori":3,"Ring of the Snake":0},{"Tiny Chest":49,"Snake Skull":35,"Omamori":17,"Ring of the Snake":0}],"Ring of the Snake":[18]},"card_choices":[{"not_picked":["Thinking Ahead","Magnetism"],"picked":"Master of Strategy","floor":0},{"not_picked":["Eviscerate","PiercingWail"],"picked":"Leg Sweep","floor":1},{"not_picked":["PiercingWail","Leg Sweep"],"picked":"Flying Knee","floor":2},{"not_picked":["Dagger Spray","Leg Sweep"],"picked":"After Image","floor":3},{"not_picked":["PiercingWail","Underhanded Strike"],"picked":"Calculated Gamble","floor":5},{"not_picked":["Poisoned Stab","Acrobatics"],"picked":"Well Laid Plans","floor":7},{"not_picked":["Prepared","Poisoned Stab"],"picked":"Backstab","floor":8},{"not_picked":["Deflect","Outmaneuver"],"picked":"Sucker Punch","floor":11},{"not_picked":["Backstab","Slice","Bane"],"picked":"SKIP","floor":12}],"player_experience":2429272,"relics_obtained":[{"floor":9,"key":"Snake Skull"},{"floor":12,"key":"Tiny Chest"}],"event_choices":[{"damage_healed":0,"gold_gain":0,"player_choice":"Success","damage_taken":18,"relics_obtained":["Omamori"],"max_hp_gain":0,"max_hp_loss":0,"event_name":"Scrap Ooze","floor":4,"gold_loss":0},{"damage_healed":0,"gold_gain":0,"player_choice":"Forge","damage_taken":0,"max_hp_gain":0,"max_hp_loss":0,"event_name":"Accursed Blacksmith","floor":10,"gold_loss":0,"cards_upgraded":["Backstab"]}],"is_beta":false,"boss_relics":[],"items_purged_floors":[],"is_endless":false,"potions_floor_spawned":[2,3,5],"killed_by":"Lagavulin","ascension_level":20,"potion_discard_per_floor":[[],[],[],[],["AttackPotion"],[],[],[],[],[],[],[],[],[]]}