{"neow_bonuses_skipped_log":["REMOVE_CARD","TWENTY_PERCENT_HP_BONUS","BOSS_RELIC"],"potions_obtained_entropic_brew":[[],[],[],[],[],[],[],[],[],[],[],[],[],[],[],[]],"neow_costs_skipped_log":["NONE","NO_GOLD","NONE"],"gold_per_floor":[119,119,143,36,51,86,100,100,126,144,144,179,179,212,212,212],"floor_reached":16,"playtime":556,"items_purged":[],"score":236,"play_id":"f43a44af-5f7a-4d9e-96e6-9f9f09649ab8","local_time":"20240615212803","score_breakdown":["Floors Climbed (16): 80","Enemies Slain (4): 8","Exordium Elites Killed (3): 30","Bosses Slain (0): 0","Ascension (20): 118"],"is_ascension_mode":true,"potions_obtained_alchemize":[[],[],[],[],[],[],[],[],[],[],[],[],[],[],[],[]],"campfire_choices":[{"data":"Poisoned Stab","floor":8,"key":"SMITH"},{"data":"Crippling Poison","floor":11,"key":"SMITH"},{"data":"Glass Knife","floor":15,"key":"SMITH"}],"lesson_learned_per_floor":[[],[],[],[],[],[],[],[],[],[],[],[],[],[],[],[]],"neow_cost":"NONE","improvable_cards":{},"seed_source_timestamp":318845285781800,"shop_contents":[{"floor":4,"relics":["Oddly Smooth Stone","CeramicFish","Toolbox"],"cards":["Prepared","PiercingWail","Well Laid Plans","Deep Breath","Magnetism"],"potions":["ColorlessPotion","Energy Potion","Regen Potion"]}],"circlet_count":0,"master_deck":["AscendersBane","Strike_G","Strike_G","Strike_G","Strike_G","Strike_G","Defend_G","Defend_G","Defend_G+1","Defend_G","Defend_G+1","Survivor","Neutralize","Backflip","Predator","Poisoned Stab+1","Poisoned Stab","Crippling Poison+1","Corpse Explosion","PiercingWail","Glass Knife+1"],"potion_use_per_floor":[[],[],[],[],[],["SpeedPotion"],[],[],[],[],[],["AttackPotion"],[],[],[],[]],"relics":["Ring of the Snake","Anchor","Eternal Feather","Centennial Puzzle","Gambling Chip","War Paint","Regal Pillow","MealTicket"],"potions_floor_usage":[6,12],"damage_taken":[{"damage":1,"enemies":"Small Slimes","floor":1,"turns":4},{"damage":0,"enemies":"Jaw Worm","floor":5,"turns":3},{"damage":25,"enemies":"Lagavulin","floor":6,"turns":8},{"damage":0,"enemies":"Cultist","floor":7,"turns":3},{"damage":0,"enemies":"Looter","floor":10,"turns":3},{"damage":8,"enemies":"Gremlin Nob","floor":12,"turns":3},{"damage":6,"enemies":"3 Sentries","floor":14,"turns":3},{"damage":65,"enemies":"Slime Boss","floor":16,"turns":7}],"seed_played":"-368815203077567218","neow_bonus_log":{"cardsObtained":[],"cardsUpgraded":[],"cardsRemoved":[],"cardsTransformed":[],"relicsObtained":["Anchor"],"maxHpGained":0,"goldGained":0,"damageTaken":0,"goldLost":0,"maxHpLost":0},"potions_obtained":[{"floor":1,"key":"SpeedPotion"},{"floor":5,"key":"LiquidBronze"},{"floor":7,"key":"SkillPotion"},{"floor":10,"key":"AttackPotion"}],"is_trial":false,"path_per_floor":["M","?","T","$","M","E","M","R","T","M","R","E","?","E","R","B"],"character_chosen":"THE_SILENT","basemod:card_modifiers":[null,null,null,null,null,null,null,null,null,null,null,null,null,null,null,null,null,null,null,null,null],"items_purchased":["Predator","Poisoned Stab"],"campfire_rested":0,"item_purchase_floors":[4,4],"current_hp_per_floor":[58,47,47,47,47,22,22,31,31,31,40,32,54,48,60,0],"gold":212,"neow_bonus":"RANDOM_COMMON_RELIC","is_prod":false,"is_daily":false,"rewards_skipped":[],"chose_seed":false,"campfire_upgraded":3,"win_rate":0,"floor_exit_playtime":[51,55,59,69,106,204,244,259,262,302,312,360,363,421,427],"timestamp":1718501283,"path_taken":["M","?","?","$","?","E","M","R","T","M","R","E","?","E","R","BOSS"],"build_version":"2022-12-18","purchased_purges":0,"victory":false,"max_hp_per_floor":[66,66,66,66,66,66,66,66,66,66,66,66,66,66,66,66],"relic_stats":{"Centennial Puzzle":[12],"Regal Pillow":0,"counters":[8,34],"Gambling Chip":[14],"Eternal Feather":30,"MealTicket":0,"War Paint":["Defend_G","Defend_G"],"obtain_stats":[{"Anchor":0,"Centennial Puzzle":3,"Regal Pillow":12,"Gambling Chip":6,"Eternal Feather":2,"MealTicket":14,"War Paint":9,"Ring of the Snake":0},{"Anchor":0,"Centennial Puzzle":1,"Regal Pillow":6,"Gambling Chip":3,"Eternal Feather":1,"MealTicket":7,"War Paint":4,"Ring of the Snake":0},{"Anchor":0,"Centennial Puzzle":4,"Regal Pillow":24,"Gambling Chip":15,"Eternal Feather":4,"MealTicket":27,"War Paint":18,"Ring of the Snake":0}],"Ring of the Snake":[16]},"card_choices":[{"not_picked":["Skewer","Dodge and Roll"],"picked":"Backflip","floor":1},{"not_picked":["Prepared","Backflip"],"picked":"Poisoned Stab","floor":5},{"not_picked":["Calculated Gamble","Poisoned Stab"],"picked":"Crippling Poison","floor":6},{"not_picked":["Backflip","Flying Knee"],"picked":"Corpse Explosion","floor":7},{"not_picked":["Poisoned Stab","Deadly Poison","Sucker Punch"],"picked":"SKIP","floor":10},{"not_picked":["Accuracy","Bane"],"picked":"PiercingWail","floor":12},{"not_picked":["Backflip","Acrobatics"],"picked":"Glass Knife","floor":14}],"player_experience":2523616,"relics_obtained":[{"floor":3,"key":"Centennial Puzzle"},{"floor":6,"key":"Gambling Chip"},{"floor":9,"key":"War Paint"},{"floor":12,"key":"Regal Pillow"},{"floor":14,"key":"MealTicket"}],"event_choices":[{"damage_healed":0,"gold_gain":0,"player_choice":"Success","damage_taken":11,"relics_obtained":["Eternal Feather"],"max_hp_gain":0,"max_hp_loss":0,"event_name":"Scrap Ooze","floor":2,"gold_loss":0},{"damage_healed":22,"gold_gain":0,"player_choice":"Banana","damage_taken":0,"max_hp_gain":0,"max_hp_loss":0,"event_name":"Big Fish","floor":13,"gold_loss":0}],"is_beta":false,"boss_relics":[],"items_purged_floors":[],"is_endless":false,"potions_floor_spawned":[1,5,7,10],"killed_by":"Slime Boss","ascension_level":20,"potion_discard_per_floor":[[],[],[],[],[],[],[],[],[],["SkillPotion"],[],[],[],[],[],[]]}