{"neow_bonuses_skipped_log":["UPGRADE_CARD","THREE_SMALL_POTIONS","BOSS_RELIC"],"neow_costs_skipped_log":["NONE","NONE","NONE"],"potions_obtained_entropic_brew":[[],[],[],[],[],[],[],[],[],[],[],[],[],[],[],[]],"gold_per_floor":[109,124,10,20,20,20,48,64,64,64,64,89,124,124,124,124],"floor_reached":16,"playtime":501,"items_purged":[],"score":220,"play_id":"c5289336-194b-48ef-bcd1-4bf857c43fe7","local_time":"20240611164606","score_breakdown":["Floors Climbed (16): 80","Enemies Slain (5): 10","Exordium Elites Killed (2): 20","Bosses Slain (0): 0","Ascension (20): 110"],"is_ascension_mode":true,"potions_obtained_alchemize":[[],[],[],[],[],[],[],[],[],[],[],[],[],[],[],[]],"campfire_choices":[{"data":"Noxious Fumes","floor":6,"key":"SMITH"},{"data":"Deadly Poison","floor":11,"key":"SMITH"},{"floor":15,"key":"REST"}],"lesson_learned_per_floor":[[],[],[],[],[],[],[],[],[],[],[],[],[],[],[],[]],"neow_cost":"TEN_PERCENT_HP_LOSS","improvable_cards":{},"seed_source_timestamp":2216152690104100,"shop_contents":[{"floor":3,"relics":["Tingsha","Letter Opener","DollysMirror"],"cards":["All Out Attack","Heel Hook","Acrobatics","Enlightenment","Panache"],"potions":["BlessingOfTheForge","Energy Potion","Strength Potion"]}],"circlet_count":0,"master_deck":["AscendersBane","Strike_G","Strike_G","Strike_G","Strike_G","Strike_G","Defend_G","Defend_G","Defend_G","Defend_G","Defend_G","Survivor","Neutralize","Grand Finale","Masterful Stab","Noxious Fumes+1","Deadly Poison+1","Well Laid Plans","Poisoned Stab","Dagger Throw","Corpse Explosion"],"potion_use_per_floor":[[],[],[],[],[],[],["Fire Potion"],[],[],[],[],[],[],[],[],[]],"relics":["Ring of the Snake","Ninja Scroll","Question Card","Golden Idol","Bag of Preparation"],"potions_floor_usage":[7],"damage_taken":[{"damage":4,"enemies":"Jaw Worm","floor":1,"turns":6},{"damage":5,"enemies":"2 Louse","floor":2,"turns":2},{"damage":7,"enemies":"Small Slimes","floor":4,"turns":3},{"damage":14,"enemies":"3 Sentries","floor":7,"turns":7},{"damage":0,"enemies":"Exordium Wildlife","floor":8,"turns":2},{"damage":0,"enemies":"Looter","floor":12,"turns":3},{"damage":27,"enemies":"Lagavulin","floor":13,"turns":5},{"damage":36,"enemies":"The Guardian","floor":16,"turns":2}],"seed_played":"-2237242205230611045","neow_bonus_log":{"cardsObtained":[],"cardsUpgraded":[],"cardsRemoved":[],"cardsTransformed":[],"relicsObtained":[],"maxHpGained":0,"goldGained":0,"damageTaken":0,"goldLost":0,"maxHpLost":6},"potions_obtained":[{"floor":1,"key":"Ancient Potion"},{"floor":4,"key":"Fire Potion"}],"is_trial":false,"path_per_floor":["M","M","$","M","?","R","E","M","T","?","R","M","E","?","R","B"],"character_chosen":"THE_SILENT","basemod:card_modifiers":[null,null,null,null,null,null,null,null,null,null,null,null,null,null,null,null,null,null,null,null,null],"items_purchased":["Deadly Poison","Well Laid Plans"],"campfire_rested":1,"item_purchase_floors":[3,3],"current_hp_per_floor":[55,50,50,43,43,43,29,29,29,29,29,29,2,2,18,0],"gold":124,"neow_bonus":"THREE_RARE_CARDS","is_prod":false,"is_daily":false,"rewards_skipped":[],"chose_seed":false,"campfire_upgraded":2,"win_rate":0,"floor_exit_playtime":[69,98,127,184,187,199,300,328,331,334,344,382,455,459,461],"timestamp":1718138766,"path_taken":["M","M","$","M","?","R","E","M","T","?","R","M","E","?","R","BOSS"],"build_version":"2022-12-18","purchased_purges":0,"victory":false,"max_hp_per_floor":[60,60,60,60,60,60,60,60,60,54,54,54,54,54,54,54],"relic_stats":{"counters":[8,30],"Golden Idol":12,"Bag of Preparation":[0],"Question Card":2,"obtain_stats":[{"Ninja Scroll":7,"Golden Idol":10,"Bag of Preparation":13,"Question Card":9,"Ring of the Snake":0},{"Ninja Scroll":4,"Golden Idol":5,"Bag of Preparation":7,"Question Card":5,"Ring of the Snake":0},{"Ninja Scroll":18,"Golden Idol":20,"Bag of Preparation":28,"Question Card":20,"Ring of the Snake":0}],"Ring of the Snake":[16]},"card_choices":[{"not_picked":["Venomology","After Image"],"picked":"Grand Finale","floor":0},{"not_picked":["Underhanded Strike","Acrobatics"],"picked":"Masterful Stab","floor":1},{"not_picked":["Cloak And Dagger","Dagger Spray"],"picked":"Noxious Fumes","floor":2},{"not_picked":["PiercingWail","Deadly Poison"],"picked":"Poisoned Stab","floor":4},{"not_picked":["Quick Slash","Outmaneuver"],"picked":"Dagger Throw","floor":7},{"not_picked":["Underhanded Strike","Slice","Flying Knee"],"picked":"SKIP","floor":8},{"not_picked":["Distraction","Quick Slash","Flying Knee"],"picked":"Corpse Explosion","floor":12},{"not_picked":["Deadly Poison","Riddle With Holes","Cloak And Dagger","Dagger Throw"],"picked":"SKIP","floor":13}],"player_experience":2465452,"relics_obtained":[{"floor":7,"key":"Ninja Scroll"},{"floor":9,"key":"Question Card"},{"floor":13,"key":"Bag of Preparation"}],"event_choices":[{"damage_healed":0,"gold_gain":0,"player_choice":"Ignored","damage_taken":0,"max_hp_gain":0,"max_hp_loss":0,"event_name":"Liars Game","floor":5,"gold_loss":0},{"damage_healed":0,"gold_gain":0,"player_choice":"Lose Max HP","damage_taken":0,"relics_obtained":["Golden Idol"],"max_hp_gain":0,"max_hp_loss":6,"event_name":"Golden Idol","floor":10,"gold_loss":0},{"damage_healed":0,"gold_gain":0,"player_choice":"Searched \u00270\u0027 times","damage_taken":0,"max_hp_gain":0,"max_hp_loss":0,"event_name":"Dead Adventurer","floor":14,"gold_loss":0}],"is_beta":false,"boss_relics":[],"items_purged_floors":[],"is_endless":false,"potions_floor_spawned":[1,4],"killed_by":"The Guardian","ascension_level":20,"potion_discard_per_floor":[[],[],[],[],[],[],[],[],[],[],[],[],[],[],[],[]]}