{"neow_bonuses_skipped_log":["REMOVE_CARD","TEN_PERCENT_HP_BONUS","BOSS_RELIC"],"potions_obtained_entropic_brew":[[],[],[],[],[],[],[],[],[],[],[]],"neow_costs_skipped_log":["NONE","NONE","NONE"],"gold_per_floor":[116,116,130,146,161,161,196,196,222,239,239],"floor_reached":11,"playtime":461,"items_purged":[],"score":150,"play_id":"ec38a3fc-39ec-4439-814c-00c76c1e384e","local_time":"20240617175405","score_breakdown":["Floors Climbed (11): 55","Enemies Slain (5): 10","Exordium Elites Killed (1): 10","Bosses Slain (0): 0","Ascension (20): 75"],"is_ascension_mode":true,"potions_obtained_alchemize":[[],[],[],[],[],[],[],[],[],[],[]],"campfire_choices":[{"data":"Glass Knife","floor":6.0,"key":"SMITH"},{"floor":8,"key":"REST"}],"lesson_learned_per_floor":[[],[],[],[],[],[],[],[],[],[],[]],"neow_cost":"PERCENT_DAMAGE","improvable_cards":{},"seed_source_timestamp":478878292090800,"shop_contents":[],"circlet_count":0,"master_deck":["AscendersBane","Strike_G","Strike_G","Strike_G","Strike_G","Defend_G","Defend_G","Defend_G","Survivor+1","Neutralize","Glass Knife+1","Reflex+1","Underhanded Strike","Noxious Fumes","Deflect","Crippling Poison","Blur"],"special_seed":0,"potion_use_per_floor":[[],[],[],[],[],[],["BlessingOfTheForge"],[],[],[],["Weak Potion"]],"relics":["Ring of the Snake","Bag of Preparation","War Paint"],"potions_floor_usage":[7,11],"damage_taken":[{"damage":0.0,"enemies":"Small Slimes","floor":1.0,"turns":3.0},{"damage":1.0,"enemies":"Cultist","floor":3.0,"turns":3.0},{"damage":2.0,"enemies":"Jaw Worm","floor":4.0,"turns":4.0},{"damage":8.0,"enemies":"2 Fungi Beasts","floor":5.0,"turns":3.0},{"damage":11,"enemies":"Lagavulin","floor":7,"turns":5},{"damage":4,"enemies":"3 Louse","floor":10,"turns":3},{"damage":54,"enemies":"Gremlin Nob","floor":11,"turns":4}],"seed_played":"4491838390750624005","neow_bonus_log":{"cardsObtained":["Glass Knife","Reflex"],"cardsUpgraded":[],"cardsRemoved":[],"cardsTransformed":["Strike_G","Defend_G"],"relicsObtained":[],"maxHpGained":0,"goldGained":0,"damageTaken":15,"goldLost":0,"maxHpLost":0},"potions_obtained":[{"floor":3.0,"key":"Weak Potion"},{"floor":5.0,"key":"BlessingOfTheForge"}],"is_trial":false,"path_per_floor":["M","?","M","M","M","R","E","R","T","M","E"],"character_chosen":"THE_SILENT","basemod:card_modifiers":[null,null,null,null,null,null,null,null,null,null,null,null,null,null,null,null,null],"items_purchased":[],"campfire_rested":1,"item_purchase_floors":[],"current_hp_per_floor":[44,44,43,41,33,33,22,41,41,37,0],"gold":239,"neow_bonus":"TRANSFORM_TWO_CARDS","is_prod":false,"is_daily":false,"rewards_skipped":[],"chose_seed":false,"campfire_upgraded":1,"win_rate":0,"floor_exit_playtime":[121,135,164,198,228,236,290,292,295,406],"timestamp":1718661245,"path_taken":["M","?","M","M","M","R","E","R","T","M","E"],"build_version":"2022-12-18","purchased_purges":0,"victory":false,"max_hp_per_floor":[66,66,66,66,66,66,66,66,66,66,66],"relic_stats":{"counters":[7,25],"Bag of Preparation":[4],"War Paint":["Reflex","Survivor"],"obtain_stats":[{"Bag of Preparation":7,"War Paint":9,"Ring of the Snake":0},{"Bag of Preparation":5,"War Paint":5,"Ring of the Snake":0},{"Bag of Preparation":18,"War Paint":18,"Ring of the Snake":0}],"Ring of the Snake":[14]},"card_choices":[{"not_picked":["Masterful Stab","Dodge and Roll"],"picked":"Underhanded Strike","floor":1.0},{"not_picked":["Bane","Outmaneuver"],"picked":"Noxious Fumes","floor":3.0},{"not_picked":["Accuracy","Masterful Stab"],"picked":"Deflect","floor":4.0},{"not_picked":["Dodge and Roll","Blur"],"picked":"Crippling Poison","floor":5.0},{"not_picked":["Deadly Poison","Finisher"],"picked":"Blur","floor":7},{"not_picked":["Deflect","Burst","Dagger Spray"],"picked":"SKIP","floor":10}],"player_experience":2527545,"relics_obtained":[{"floor":7,"key":"Bag of Preparation"},{"floor":9,"key":"War Paint"}],"event_choices":[{"cards_removed":["Defend_G"],"damage_healed":0.0,"max_hp_gain":0.0,"max_hp_loss":0.0,"gold_gain":0.0,"event_name":"Bonfire Elementals","player_choice":"Offered Basic","floor":2.0,"gold_loss":0.0,"damage_taken":0.0}],"is_beta":false,"boss_relics":[],"items_purged_floors":[],"is_endless":false,"potions_floor_spawned":[3,5],"killed_by":"Gremlin Nob","ascension_level":20,"potion_discard_per_floor":[[],[],[],[],[],[],[],[],[],[],[]]}