{"neow_bonuses_skipped_log":["RANDOM_COLORLESS","TEN_PERCENT_HP_BONUS","BOSS_RELIC"],"neow_costs_skipped_log":["NONE","NONE","NONE"],"potions_obtained_entropic_brew":[[],[],[],[],[],[],[],[],[],[],[],[],[],[],[],[],[],[],[],[],[],[],[],[],[],[],[],[],[],[],[],[],[],[],[],[],[],[],[],[],[],[],[],[],[],[],[],[],[],[],[],[],[],[],[],[],[]],"gold_per_floor":[18,36,46,62,75,75,108,108,190,190,190,218,233,244,244,320,620,632,185,195,195,209,243,243,276,352,383,418,430,453,497,509,597,609,640,701,727,42,42,42,69,85,130,162,173,206,223,223,223,223,223,223,223,6,33,33],"floor_reached":57,"playtime":6650,"items_purged":["Strike_G","Strike_G+1","Strike_G+1"],"score":3239,"play_id":"a560a0c0-066f-4c01-a773-1ec7a9354f21","local_time":"20240611120903","score_breakdown":["Floors Climbed (57): 285","Enemies Slain (16): 32","Exordium Elites Killed (2): 20","City Elites Killed (4): 80","Beyond Elites Killed (3): 90","Bosses Slain (5): 750","Money Money (1434): 25","Champion (4): 100","Perfect (2): 100","C-c-c-combo: 25","Ascension (20): 1482","Heartbreaker: 250"],"is_ascension_mode":true,"potions_obtained_alchemize":[[],[],[],[],[],[],[],[],[],[],[],["PowerPotion"],[],[],[],["Strength Potion"],[],["Fire Potion"],[],[],[],["LiquidMemories"],["ColorlessPotion"],[],["Swift Potion"],[],["Explosive Potion"],[],[],["Energy Potion"],[],[],["EssenceOfSteel"],[],["SteroidPotion"],[],["ColorlessPotion"],[],[],[],["LiquidMemories"],["ColorlessPotion"],[],["GamblersBrew"],["Block Potion"],["Strength Potion"],["SpeedPotion"],[],[],["AttackPotion"],["EssenceOfSteel"],[],[],[],["Ancient Potion"],["GamblersBrew"],[]],"campfire_choices":[{"data":"Terror","floor":6,"key":"SMITH"},{"data":"All Out Attack","floor":11,"key":"SMITH"},{"data":"Cloak And Dagger","floor":15,"key":"SMITH"},{"data":"Venomology","floor":24,"key":"SMITH"},{"data":"Well Laid Plans","floor":29,"key":"SMITH"},{"data":"After Image","floor":32,"key":"SMITH"},{"data":"Doppelganger","floor":40,"key":"SMITH"},{"floor":49,"key":"RECALL"},{"data":"Calculated Gamble","floor":53,"key":"SMITH"}],"lesson_learned_per_floor":[[],[],[],[],[],[],[],[],[],[],[],[],[],[],[],[],[],[],[],[],[],[],[],[],[],[],[],[],[],[],[],[],[],[],[],[],[],[],[],[],[],[],[],[],[],[],[],[],[],[],[],[],[],[],[],[],[]],"neow_cost":"NO_GOLD","improvable_cards":{},"seed_source_timestamp":2193257991426800,"shop_contents":[{"floor":19,"relics":["Ginger"],"cards":["Dagger Throw","Masterful Stab","Cloak And Dagger","Infinite Blades","Panacea","Master of Strategy"],"potions":["FairyPotion","ColorlessPotion","DistilledChaos"]},{"floor":38,"relics":["Blue Candle","Cauldron"],"cards":["Sucker Punch","All Out Attack","Blade Dance","Dodge and Roll","Dramatic Entrance"],"potions":["Strength Potion","Explosive Potion","LiquidMemories"]},{"floor":54,"relics":["White Beast Statue","Shuriken"],"cards":["Endless Agony","Backstab","Doppelganger","Outmaneuver","Well Laid Plans","Deep Breath","Panache"],"potions":["ColorlessPotion","FairyPotion","SpeedPotion"]}],"circlet_count":0,"master_deck":["AscendersBane","Strike_G+1","Defend_G+1","Defend_G+1","Defend_G+1","Defend_G+1","Defend_G+1","Survivor","Neutralize","After Image+1","Terror+1","All Out Attack+1","Cloak And Dagger+1","Flying Knee","Venomology+1","Dash","Cloak And Dagger","Malaise","CurseOfTheBell","Blade Dance","Well Laid Plans+1","Cloak And Dagger+1","Calculated Gamble+1","Backflip","Doppelganger+1","Leg Sweep","Apotheosis+1","Footwork","Accuracy","Blade Dance+1","Footwork"],"potion_use_per_floor":[[],[],[],["Explosive Potion"],[],[],["ColorlessPotion"],[],[],[],[],["Explosive Potion"],[],[],[],["PowerPotion"],[],["Strength Potion"],[],[],[],["Fire Potion"],["SteroidPotion"],[],["ColorlessPotion","Swift Potion"],[],["Explosive Potion"],[],[],["DistilledChaos"],[],[],["DistilledChaos","GhostInAJar"],[],[],[],["EssenceOfSteel"],[],[],[],["ColorlessPotion"],["SteroidPotion"],[],["ColorlessPotion","LiquidMemories"],[],["Block Potion"],["Strength Potion"],[],[],["DuplicationPotion"],["AttackPotion"],[],[],[],["EssenceOfSteel"],["Ancient Potion","SpeedPotion","GamblersBrew"],[]],"relics":["Ring of the Snake","Gambling Chip","Mercury Hourglass","Dead Branch","Calling Bell","Oddly Smooth Stone","Ornamental Fan","Old Coin","Lee\u0027s Waffle","PreservedInsect","Art of War","Lantern","InkBottle","MawBank","Bronze Scales","Lizard Tail","Runic Dome","Calipers","The Specimen","Smiling Mask","Toy Ornithopter","Tingsha","Medical Kit","Ice Cream"],"potions_floor_usage":[4,7,12,16,18,22,23,25,25,27,30,33,33,37,41,42,44,44,46,47,50,51,55,56,56,56],"damage_taken":[{"damage":1,"enemies":"Jaw Worm","floor":1,"turns":6},{"damage":1,"enemies":"Small Slimes","floor":2,"turns":4},{"damage":0,"enemies":"Cultist","floor":3,"turns":4},{"damage":3,"enemies":"Exordium Wildlife","floor":4,"turns":4},{"damage":11,"enemies":"Exordium Thugs","floor":5,"turns":8},{"damage":13,"enemies":"Lagavulin","floor":7,"turns":10},{"damage":7,"enemies":"3 Sentries","floor":12,"turns":5},{"damage":4,"enemies":"Looter","floor":13,"turns":3},{"damage":0,"enemies":"2 Fungi Beasts","floor":14,"turns":1},{"damage":3,"enemies":"The Guardian","floor":16,"turns":12},{"damage":24,"enemies":"3 Byrds","floor":18,"turns":5},{"damage":8,"enemies":"Spheric Guardian","floor":20,"turns":5},{"damage":2,"enemies":"3 Cultists","floor":22,"turns":5},{"damage":9,"enemies":"Book of Stabbing","floor":23,"turns":5},{"damage":5,"enemies":"Gremlin Leader","floor":25,"turns":6},{"damage":4,"enemies":"Slavers","floor":27,"turns":3},{"damage":0,"enemies":"Snecko","floor":30,"turns":2},{"damage":0,"enemies":"Gremlin Leader","floor":31,"turns":3},{"damage":0,"enemies":"Champ","floor":33,"turns":13},{"damage":0,"enemies":"3 Shapes","floor":35,"turns":4},{"damage":0,"enemies":"3 Darklings","floor":37,"turns":3},{"damage":0,"enemies":"Giant Head","floor":41,"turns":3},{"damage":0,"enemies":"Maw","floor":42,"turns":8},{"damage":0,"enemies":"Reptomancer","floor":44,"turns":6},{"damage":0,"enemies":"Jaw Worm Horde","floor":45,"turns":3},{"damage":0,"enemies":"Nemesis","floor":46,"turns":5},{"damage":0,"enemies":"Writhing Mass","floor":47,"turns":6},{"damage":16,"enemies":"Awakened One","floor":50,"turns":20},{"damage":0,"enemies":"Time Eater","floor":51,"turns":15},{"damage":38,"enemies":"Shield and Spear","floor":55,"turns":5},{"damage":11,"enemies":"The Heart","floor":56,"turns":11}],"green_key_taken_log":44,"seed_played":"8865204614246519613","neow_bonus_log":{"cardsObtained":[],"cardsUpgraded":[],"cardsRemoved":[],"cardsTransformed":[],"relicsObtained":[],"maxHpGained":0,"goldGained":0,"damageTaken":0,"goldLost":99,"maxHpLost":0},"potions_obtained":[{"floor":1,"key":"Explosive Potion"},{"floor":2,"key":"GhostInAJar"},{"floor":5,"key":"ColorlessPotion"},{"floor":7,"key":"Explosive Potion"},{"floor":22,"key":"SteroidPotion"},{"floor":27,"key":"DistilledChaos"},{"floor":31,"key":"DistilledChaos"},{"floor":47,"key":"DuplicationPotion"}],"is_trial":false,"path_per_floor":["M","M","M","M","M","R","E","?","T","?","R","E","M","M","R","B",null,"M","$","M","?","M","E","R","E","T","E","T","R","M","E","R","B",null,"M","T","M","$","?","R","E","M","T","E","M","E","M","?","R","B","B",null,"R","$","E","B",null],"character_chosen":"THE_SILENT","basemod:card_modifiers":[null,null,null,null,null,null,null,null,null,null,null,null,null,null,null,null,null,null,null,null,null,null,null,null,null,null,null,null,null,null,null],"items_purchased":["Lee\u0027s Waffle","Blade Dance","PreservedInsect","Calipers","Apotheosis","Footwork","Medical Kit"],"campfire_rested":0,"item_purchase_floors":[19,19,19,38,38,38,54],"current_hp_per_floor":[58,57,57,54,43,43,30,52,52,45,45,38,34,34,34,31,57,33,73,65,65,63,54,54,49,49,45,45,45,45,45,45,45,66,66,66,66,66,66,66,66,66,66,66,66,71,73,69,69,54,59,67,67,67,31,35],"gold":33,"neow_bonus":"THREE_RARE_CARDS","is_prod":false,"is_daily":false,"rewards_skipped":[{"floor":13,"relics":[],"potions":["Dexterity Potion"]},{"floor":42,"relics":[],"potions":["Energy Potion"]},{"floor":45,"relics":[],"potions":["Energy Potion"]},{"floor":55,"relics":[],"potions":["DistilledChaos"]}],"chose_seed":false,"campfire_upgraded":8,"win_rate":0,"floor_exit_playtime":[77,105,152,190,410,417,511,515,519,531,540,648,689,721,729,895,916,1034,1050,1164,1170,1285,1369,1377,1684,1686,1759,1763,1772,1868,1958,1971,2347,2359,2466,2469,2599,2622,2628,2635,2843,3003,3005,3222,3322,3464,3619,3623,3626,4258,4657,4669,4675,4695,4844,6650],"timestamp":1718122143,"blue_key_relic_skipped_log":{"floor":36,"relicID":"Ancient Tea Set"},"path_taken":["M","M","M","M","M","R","E","?","T","?","R","E","M","M","R","BOSS","M","$","M","?","M","E","R","E","T","E","?","R","M","E","R","BOSS","M","?","M","$","?","R","E","M","T","E","M","E","?","?","R","BOSS","BOSS","R","$","E","BOSS"],"build_version":"2022-12-18","purchased_purges":3,"victory":true,"max_hp_per_floor":[66,66,66,66,66,66,66,66,66,66,66,66,66,66,66,66,66,66,73,73,73,73,73,73,73,73,73,73,73,73,73,73,73,73,73,73,73,73,73,73,73,73,73,73,73,73,73,69,69,69,69,69,69,69,69,69],"relic_stats":{"Ice Cream":[2],"Lee\u0027s Waffle":40,"Calipers":[1103],"The Specimen":[0],"counters":[31,192],"Dead Branch":[481],"Tingsha":[282],"PreservedInsect":502,"MawBank":132,"Smiling Mask":75,"Medical Kit":[4],"Mercury Hourglass":[555],"Lizard Tail":0,"Ornamental Fan":[424],"Gambling Chip":[79],"Bronze Scales":[502],"Art of War":[8],"obtain_stats":[{"Ice Cream":55,"Lee\u0027s Waffle":19,"Lantern":25,"Calipers":38,"The Specimen":41,"Dead Branch":12,"Oddly Smooth Stone":17,"Tingsha":46,"PreservedInsect":19,"MawBank":27,"Smiling Mask":43,"Medical Kit":54,"Mercury Hourglass":9,"Old Coin":17,"Calling Bell":17,"Runic Dome":34,"Lizard Tail":31,"Ornamental Fan":17,"Gambling Chip":7,"Bronze Scales":28,"Art of War":23,"InkBottle":26,"Toy Ornithopter":44,"Ring of the Snake":0},{"Ice Cream":30,"Lee\u0027s Waffle":11,"Lantern":15,"Calipers":21,"The Specimen":22,"Dead Branch":7,"Oddly Smooth Stone":10,"Tingsha":26,"PreservedInsect":11,"MawBank":16,"Smiling Mask":23,"Medical Kit":29,"Mercury Hourglass":6,"Old Coin":10,"Calling Bell":10,"Runic Dome":19,"Lizard Tail":18,"Ornamental Fan":10,"Gambling Chip":6,"Bronze Scales":16,"Art of War":14,"InkBottle":15,"Toy Ornithopter":24,"Ring of the Snake":0},{"Ice Cream":181,"Lee\u0027s Waffle":61,"Lantern":82,"Calipers":110,"The Specimen":113,"Dead Branch":40,"Oddly Smooth Stone":56,"Tingsha":135,"PreservedInsect":61,"MawBank":85,"Smiling Mask":121,"Medical Kit":176,"Mercury Hourglass":36,"Old Coin":56,"Calling Bell":56,"Runic Dome":103,"Lizard Tail":90,"Ornamental Fan":56,"Gambling Chip":36,"Bronze Scales":85,"Art of War":76,"InkBottle":82,"Toy Ornithopter":127,"Ring of the Snake":0}],"InkBottle":[85],"Toy Ornithopter":30,"Ring of the Snake":[62]},"card_choices":[{"not_picked":["Storm of Steel","Night Terror"],"picked":"After Image","floor":0},{"not_picked":["Distraction","Caltrops","Setup"],"picked":"SKIP","floor":1},{"not_picked":["Deflect","Slice"],"picked":"Terror","floor":2},{"not_picked":["Finisher","Backstab"],"picked":"All Out Attack","floor":3},{"not_picked":["Accuracy","Setup"],"picked":"Cloak And Dagger","floor":4},{"not_picked":["Deadly Poison","PiercingWail"],"picked":"Flying Knee","floor":5},{"not_picked":["Dodge and Roll","Backflip"],"picked":"Venomology","floor":7},{"not_picked":["Bouncing Flask","Dagger Throw"],"picked":"Dash","floor":12},{"not_picked":["Terror","Bane","Cloak And Dagger"],"picked":"SKIP","floor":13},{"not_picked":["Terror","Bane"],"picked":"Cloak And Dagger","floor":13},{"not_picked":["Poisoned Stab","Expertise","Flying Knee"],"picked":"SKIP","floor":14},{"not_picked":["Storm of Steel","Phantasmal Killer"],"picked":"Malaise","floor":16},{"not_picked":["Outmaneuver","Flying Knee","Dagger Throw"],"picked":"SKIP","floor":18},{"not_picked":["Backstab","Flechettes"],"picked":"Well Laid Plans","floor":20},{"not_picked":["Bouncing Flask","Dagger Spray+1"],"picked":"Cloak And Dagger+1","floor":22},{"not_picked":["Expertise","Backstab","Choke"],"picked":"SKIP","floor":23},{"not_picked":["Choke","Grand Finale","Envenom"],"picked":"SKIP","floor":25},{"not_picked":["Reflex","Choke"],"picked":"Calculated Gamble","floor":27},{"not_picked":["Quick Slash","Slice"],"picked":"Backflip","floor":30},{"not_picked":["Endless Agony","Backflip","Finisher"],"picked":"SKIP","floor":31},{"not_picked":["Malaise","Glass Knife"],"picked":"Doppelganger","floor":33},{"not_picked":["Dodge and Roll","Backflip","All Out Attack"],"picked":"SKIP","floor":35},{"not_picked":["Sucker Punch+1","Heel Hook+1"],"picked":"Leg Sweep","floor":37},{"not_picked":["Dagger Spray","Masterful Stab"],"picked":"Accuracy","floor":41},{"not_picked":["Quick Slash+1","Flying Knee+1","Sucker Punch+1"],"picked":"SKIP","floor":42},{"not_picked":["Quick Slash","Skewer","Finisher"],"picked":"SKIP","floor":44},{"not_picked":["Flying Knee","Distraction"],"picked":"Blade Dance+1","floor":45},{"not_picked":["Setup","Backstab","Deflect"],"picked":"SKIP","floor":46},{"not_picked":["Backflip","Flying Knee","Quick Slash+1"],"picked":"SKIP","floor":47},{"not_picked":["Leg Sweep+1","Masterful Stab"],"picked":"Footwork","floor":55}],"player_experience":2443164,"relics_obtained":[{"floor":7,"key":"Gambling Chip"},{"floor":9,"key":"Mercury Hourglass"},{"floor":12,"key":"Dead Branch"},{"floor":17,"key":"Oddly Smooth Stone"},{"floor":17,"key":"Ornamental Fan"},{"floor":17,"key":"Old Coin"},{"floor":23,"key":"Art of War"},{"floor":25,"key":"Lantern"},{"floor":26,"key":"InkBottle"},{"floor":27,"key":"MawBank"},{"floor":28,"key":"Bronze Scales"},{"floor":31,"key":"Lizard Tail"},{"floor":41,"key":"The Specimen"},{"floor":43,"key":"Smiling Mask"},{"floor":44,"key":"Toy Ornithopter"},{"floor":46,"key":"Tingsha"},{"floor":55,"key":"Ice Cream"}],"event_choices":[{"damage_healed":22,"gold_gain":0,"player_choice":"Banana","damage_taken":0,"max_hp_gain":0,"max_hp_loss":0,"event_name":"Big Fish","floor":8,"gold_loss":0},{"cards_removed":["Strike_G"],"damage_healed":0,"gold_gain":0,"player_choice":"Card Removal","damage_taken":7,"max_hp_gain":0,"max_hp_loss":0,"event_name":"Golden Wing","floor":10,"gold_loss":0},{"damage_healed":0,"gold_gain":0,"player_choice":"Simplicity","damage_taken":0,"max_hp_gain":0,"max_hp_loss":0,"event_name":"Back to Basics","floor":21,"gold_loss":0,"cards_upgraded":["Strike_G","Strike_G","Strike_G","Defend_G","Defend_G","Defend_G","Defend_G","Defend_G"]},{"damage_healed":0,"gold_gain":0,"player_choice":"Upgraded","damage_taken":0,"max_hp_gain":0,"max_hp_loss":0,"event_name":"Upgrade Shrine","floor":39,"gold_loss":0,"cards_upgraded":["Apotheosis"]},{"damage_healed":0,"gold_gain":0,"player_choice":"Max HP","damage_taken":0,"max_hp_gain":0,"max_hp_loss":4,"event_name":"Winding Halls","floor":48,"gold_loss":0}],"is_beta":false,"boss_relics":[{"not_picked":["Tiny House","WristBlade"],"picked":"Calling Bell"},{"not_picked":["Sozu","SlaversCollar"],"picked":"Runic Dome"}],"items_purged_floors":[19,38,54],"is_endless":false,"potions_floor_spawned":[1,2,5,7,13,22,27,31,42,45,47,55],"ascension_level":20,"potion_discard_per_floor":[[],[],[],[],[],[],[],[],[],[],[],[],[],[],[],[],[],[],[],[],[],["LiquidMemories"],[],[],[],[],[],[],[],[],["Energy Potion"],[],[],[],[],[],[],[],[],[],[],[],[],[],[],[],["GamblersBrew"],[],[],[],[],[],[],[],[],[],[]]}