{"neow_bonuses_skipped_log":["UPGRADE_CARD","TWENTY_PERCENT_HP_BONUS","BOSS_RELIC"],"neow_costs_skipped_log":["NONE","NO_GOLD","NONE"],"potions_obtained_entropic_brew":[[],[],[],[],[],[],[],[],[],[],[],[],[],[],[],[],[],[],[],[],[],[],[],[]],"gold_per_floor":[212,230,248,78,78,78,104,104,149,149,164,164,177,177,177,254,254,273,252,17,17,33,33,33],"floor_reached":24,"playtime":4240,"items_purged":["Strike_G"],"score":492,"play_id":"8408e3f7-90c2-4d4c-b598-a9e149476bf6","local_time":"20240611163737","score_breakdown":["Floors Climbed (24): 120","Enemies Slain (8): 16","Exordium Elites Killed (1): 10","City Elites Killed (0): 0","Bosses Slain (1): 50","Perfect (1): 50","Ascension (20): 246"],"is_ascension_mode":true,"potions_obtained_alchemize":[[],[],[],[],[],[],[],[],[],[],[],[],[],[],[],[],[],[],[],[],[],[],[],[]],"campfire_choices":[{"data":"Poisoned Stab","floor":6.0,"key":"SMITH"},{"data":"Bouncing Flask","floor":8.0,"key":"SMITH"},{"data":"Sucker Punch","floor":10.0,"key":"SMITH"},{"data":"Acrobatics","floor":15.0,"key":"SMITH"},{"data":"Burst","floor":23,"key":"SMITH"}],"lesson_learned_per_floor":[[],[],[],[],[],[],[],[],[],[],[],[],[],[],[],[],[],[],[],[],[],[],[],[]],"neow_cost":"NONE","improvable_cards":{},"seed_source_timestamp":2211892240514200,"shop_contents":[{"floor":4,"relics":["Tough Bandages","Toxic Egg 2","TheAbacus"],"cards":["Flechettes","Dagger Spray","Footwork","Enlightenment","Chrysalis"],"potions":["GamblersBrew","Dexterity Potion"]},{"floor":20,"relics":["Centennial Puzzle","Bag of Preparation","HandDrill"],"cards":["Heel Hook","Deflect","Dodge and Roll","Well Laid Plans","Bandage Up","Thinking Ahead"],"potions":["Block Potion","Dexterity Potion","FearPotion"]}],"circlet_count":0,"master_deck":["AscendersBane","Strike_G","Strike_G","Strike_G","Defend_G","Defend_G","Defend_G","Defend_G","Defend_G","Survivor","Neutralize","Poisoned Stab+1","Dagger Throw","Bouncing Flask+1","Catalyst+1","Sucker Punch+1","Tactician","Acrobatics+1","Underhanded Strike","Burst+1","Footwork+1","Prepared","Grand Finale","Catalyst"],"special_seed":0,"potion_use_per_floor":[[],[],[],[],[],[],[],[],[],[],[],[],["Energy Potion"],[],[],["PowerPotion"],[],[],[],[],[],[],[],["Fire Potion","FairyPotion"]],"relics":["Ring of the Snake","Ancient Tea Set","Lantern","Runic Pyramid"],"potions_floor_usage":[24],"damage_taken":[{"damage":0.0,"enemies":"Jaw Worm","floor":1.0,"turns":5.0},{"damage":0.0,"enemies":"2 Louse","floor":2.0,"turns":4.0},{"damage":0.0,"enemies":"Cultist","floor":3.0,"turns":4.0},{"damage":33.0,"enemies":"Gremlin Nob","floor":7.0,"turns":4.0},{"damage":0.0,"enemies":"Blue Slaver","floor":11.0,"turns":1.0},{"damage":5.0,"enemies":"Gremlin Gang","floor":13.0,"turns":5.0},{"damage":0.0,"enemies":"Hexaghost","floor":16.0,"turns":7.0},{"damage":4,"enemies":"Chosen","floor":18,"turns":4},{"damage":9,"enemies":"2 Thieves","floor":19,"turns":5},{"damage":8,"enemies":"Snake Plant","floor":22,"turns":3},{"damage":57,"enemies":"Slavers","floor":24,"turns":4}],"seed_played":"8550614271001750786","neow_bonus_log":{"cardsObtained":[],"cardsUpgraded":[],"cardsRemoved":[],"cardsTransformed":[],"relicsObtained":[],"maxHpGained":0,"goldGained":100,"damageTaken":0,"goldLost":0,"maxHpLost":0},"potions_obtained":[{"floor":1.0,"key":"FairyPotion"},{"floor":13.0,"key":"PowerPotion"},{"floor":16.0,"key":"Fire Potion"}],"is_trial":false,"path_per_floor":["M","M","M","$","?","R","E","R","T","R","M","?","M","?","R","B",null,"M","M","$","?","M","R","E"],"character_chosen":"THE_SILENT","basemod:card_modifiers":[null,null,null,null,null,null,null,null,null,null,null,null,null,null,null,null,null,null,null,null,null,null,null,null],"items_purchased":["Bouncing Flask","Catalyst","Energy Potion","Grand Finale"],"campfire_rested":0,"item_purchase_floors":[4,4,4,20],"current_hp_per_floor":[59,59,59,59,59,59,26,26,26,26,26,17,12,12,12,12,53,49,40,40,40,32,32,0],"gold":33,"neow_bonus":"HUNDRED_GOLD","is_prod":false,"is_daily":false,"rewards_skipped":[{"floor":18,"relics":[],"potions":["Block Potion"]}],"chose_seed":false,"campfire_upgraded":5,"win_rate":0,"floor_exit_playtime":[264,402,510,529,3460,3479,3534,3541,3544,3566,3587,3603,3674,3681,3691,3782,3909,3955,4050,4070,4076,4117,4126],"timestamp":1718138257,"path_taken":["M","M","M","$","?","R","E","R","T","R","M","?","?","?","R","BOSS","M","?","$","?","M","R","E"],"build_version":"2022-12-18","purchased_purges":1,"victory":false,"max_hp_per_floor":[66,66,66,66,66,66,66,66,66,66,66,66,66,66,66,66,66,66,66,66,66,66,66,66],"relic_stats":{"counters":[11,46],"Ancient Tea Set":[6],"obtain_stats":[{"Lantern":9,"Ancient Tea Set":7,"Ring of the Snake":0,"Runic Pyramid":17},{"Lantern":4,"Ancient Tea Set":4,"Ring of the Snake":0,"Runic Pyramid":7},{"Lantern":17,"Ancient Tea Set":17,"Ring of the Snake":0,"Runic Pyramid":30}],"Ring of the Snake":[22]},"card_choices":[{"not_picked":["Distraction","Deflect"],"picked":"Poisoned Stab","floor":1.0},{"not_picked":["Prepared","Dodge and Roll","Outmaneuver"],"picked":"SKIP","floor":2.0},{"not_picked":["Cloak And Dagger","Deflect"],"picked":"Dagger Throw","floor":3.0},{"not_picked":["Flechettes","Heel Hook"],"picked":"Sucker Punch","floor":7.0},{"not_picked":["Dodge and Roll","Finisher"],"picked":"Tactician","floor":11.0},{"not_picked":["Flying Knee","Outmaneuver"],"picked":"Acrobatics","floor":13.0},{"not_picked":["Grand Finale","Envenom"],"picked":"Burst","floor":16.0},{"not_picked":["Tactician","Backflip"],"picked":"Footwork","floor":18},{"not_picked":["Backflip","Cloak And Dagger"],"picked":"Prepared","floor":19},{"not_picked":["Dagger Spray","Blade Dance"],"picked":"Catalyst","floor":22}],"player_experience":2461212,"relics_obtained":[{"floor":7.0,"key":"Ancient Tea Set"},{"floor":9.0,"key":"Lantern"}],"event_choices":[{"damage_healed":0.0,"max_hp_gain":0.0,"max_hp_loss":0.0,"gold_gain":0.0,"event_name":"Living Wall","player_choice":"Grow","floor":5.0,"gold_loss":0.0,"damage_taken":0.0,"cards_upgraded":["Catalyst"]},{"damage_healed":0.0,"max_hp_gain":0.0,"max_hp_loss":0.0,"gold_gain":0.0,"event_name":"Wheel of Change","player_choice":"Damaged","floor":12.0,"gold_loss":0.0,"damage_taken":9.0},{"damage_healed":0.0,"max_hp_gain":0.0,"max_hp_loss":0.0,"gold_gain":0.0,"cards_transformed":["Strike_G"],"event_name":"Transmorgrifier","player_choice":"Transformed","floor":14.0,"gold_loss":0.0,"damage_taken":0.0,"cards_obtained":["Underhanded Strike"]},{"damage_healed":0,"gold_gain":0,"player_choice":"Upgraded","damage_taken":0,"max_hp_gain":0,"max_hp_loss":0,"event_name":"Upgrade Shrine","floor":21,"gold_loss":0,"cards_upgraded":["Footwork"]}],"is_beta":false,"boss_relics":[{"not_picked":["HoveringKite","Tiny House"],"picked":"Runic Pyramid"}],"items_purged_floors":[20],"is_endless":false,"potions_floor_spawned":[1,13,16,18],"killed_by":"Slavers","ascension_level":20,"potion_discard_per_floor":[[],[],[],[],[],[],[],[],[],[],[],[],[],[],[],[],[],[],[],[],[],[],[],[]]}