{"neow_bonuses_skipped_log":["RANDOM_COLORLESS","TWENTY_PERCENT_HP_BONUS","BOSS_RELIC"],"neow_costs_skipped_log":["NONE","PERCENT_DAMAGE","NONE"],"potions_obtained_entropic_brew":[[],[],[],[],[],[],[],[],[],[],[]],"gold_per_floor":[110,128,139,139,156,187,187,187,187,187,187],"floor_reached":11,"playtime":367,"items_purged":[],"score":146,"play_id":"365ef974-f93b-45d6-aa09-c44b5efafbf5","local_time":"20240614181943","score_breakdown":["Floors Climbed (11): 55","Enemies Slain (4): 8","Exordium Elites Killed (1): 10","Bosses Slain (0): 0","Ascension (20): 73"],"is_ascension_mode":true,"potions_obtained_alchemize":[[],[],[],[],[],[],[],[],[],[],[]],"campfire_choices":[{"data":"Blade Dance","floor":7,"key":"SMITH"},{"data":"Acrobatics","floor":10,"key":"SMITH"}],"lesson_learned_per_floor":[[],[],[],[],[],[],[],[],[],[],[]],"neow_cost":"NONE","improvable_cards":{},"seed_source_timestamp":221332216420300,"shop_contents":[],"circlet_count":0,"master_deck":["AscendersBane","Strike_G","Strike_G","Strike_G","Strike_G","Strike_G","Defend_G","Defend_G","Defend_G","Defend_G","Defend_G","Survivor","Neutralize","Underhanded Strike","Acrobatics+1","Endless Agony","Blade Dance+1","Leg Sweep"],"potion_use_per_floor":[[],[],[],[],["Regen Potion"],["Fire Potion"],[],[],[],[],[]],"relics":["Ring of the Snake","Art of War","Tough Bandages","TungstenRod","Torii"],"potions_floor_usage":[5,6],"damage_taken":[{"damage":0,"enemies":"2 Louse","floor":1,"turns":4},{"damage":0,"enemies":"Small Slimes","floor":2,"turns":5},{"damage":2,"enemies":"Jaw Worm","floor":3,"turns":5},{"damage":4,"enemies":"Blue Slaver","floor":5,"turns":7},{"damage":19,"enemies":"Lagavulin","floor":6,"turns":7},{"damage":47,"enemies":"Gremlin Nob","floor":11,"turns":4}],"seed_played":"-7807223819691354732","neow_bonus_log":{"cardsObtained":[],"cardsUpgraded":[],"cardsRemoved":[],"cardsTransformed":[],"relicsObtained":["Art of War"],"maxHpGained":0,"goldGained":0,"damageTaken":0,"goldLost":0,"maxHpLost":0},"potions_obtained":[{"floor":2,"key":"Fire Potion"},{"floor":3,"key":"Regen Potion"}],"is_trial":false,"path_per_floor":["M","M","M","?","M","E","R","?","T","R","E"],"character_chosen":"THE_SILENT","basemod:card_modifiers":[null,null,null,null,null,null,null,null,null,null,null,null,null,null,null,null,null,null],"items_purchased":[],"campfire_rested":0,"item_purchase_floors":[],"current_hp_per_floor":[59,59,57,46,57,38,38,38,38,38,0],"gold":187,"neow_bonus":"RANDOM_COMMON_RELIC","is_prod":false,"is_daily":false,"rewards_skipped":[],"chose_seed":false,"campfire_upgraded":2,"win_rate":0,"floor_exit_playtime":[58,108,149,154,228,296,311,315,318,325],"timestamp":1718403583,"path_taken":["M","M","M","?","M","E","R","?","T","R","E"],"build_version":"2022-12-18","purchased_purges":0,"victory":false,"max_hp_per_floor":[66,66,66,66,66,66,66,66,66,66,66],"relic_stats":{"Tough Bandages":[30],"Torii":0,"counters":[6,32],"Art of War":[5],"obtain_stats":[{"Tough Bandages":4,"Torii":9,"Art of War":0,"TungstenRod":6,"Ring of the Snake":0},{"Tough Bandages":3,"Torii":5,"Art of War":0,"TungstenRod":5,"Ring of the Snake":0},{"Tough Bandages":14,"Torii":28,"Art of War":0,"TungstenRod":28,"Ring of the Snake":0}],"TungstenRod":2,"Ring of the Snake":[12]},"card_choices":[{"not_picked":["Prepared","Bane"],"picked":"Underhanded Strike","floor":1},{"not_picked":["Escape Plan","Flying Knee"],"picked":"Acrobatics","floor":2},{"not_picked":["Masterful Stab","Riddle With Holes"],"picked":"Endless Agony","floor":3},{"not_picked":["Concentrate","Acrobatics"],"picked":"Blade Dance","floor":5},{"not_picked":["Acrobatics","Bullet Time"],"picked":"Leg Sweep","floor":6}],"player_experience":2491687,"relics_obtained":[{"floor":6,"key":"TungstenRod"},{"floor":9,"key":"Torii"}],"event_choices":[{"damage_healed":0,"gold_gain":0,"player_choice":"Success","damage_taken":11,"relics_obtained":["Tough Bandages"],"max_hp_gain":0,"max_hp_loss":0,"event_name":"Scrap Ooze","floor":4,"gold_loss":0},{"damage_healed":0,"gold_gain":0,"player_choice":"Searched \u00270\u0027 times","damage_taken":0,"max_hp_gain":0,"max_hp_loss":0,"event_name":"Dead Adventurer","floor":8,"gold_loss":0}],"is_beta":false,"boss_relics":[],"items_purged_floors":[],"is_endless":false,"potions_floor_spawned":[2,3],"killed_by":"Gremlin Nob","ascension_level":20,"potion_discard_per_floor":[[],[],[],[],[],[],[],[],[],[],[]]}