{"neow_bonuses_skipped_log":["TRANSFORM_CARD","THREE_RARE_CARDS","BOSS_RELIC"],"neow_costs_skipped_log":["NONE","PERCENT_DAMAGE","NONE"],"potions_obtained_entropic_brew":[[],[],[],[],[],[],[],[],[],[],[],[],[],[],[],[],[],[],[],[],[],[],[],[],[],[],[],[],[],[],[],[],[],[],[],[],[],[],[],[],[],[],[],[],[],[],[],[],[],[],[],[],[],[],[],[],[]],"gold_per_floor":[218,232,232,250,266,266,295,308,308,11,11,11,46,77,89,175,187,215,247,259,9,23,51,51,101,101,101,101,113,17,37,37,111,111,129,129,79,125,150,150,179,196,196,196,210,241,255,255,255,255,255,255,255,57,88,88],"floor_reached":57,"playtime":2816,"items_purged":["Strike_G","Strike_G","Strike_G","Defend_G","Flying Knee"],"score":2655,"play_id":"3c953532-687a-47e0-8727-84ee4435a14c","local_time":"20240621015628","falling_options_log":["Malaise+1","Footwork"],"score_breakdown":["Floors Climbed (57): 285","Enemies Slain (15): 30","Exordium Elites Killed (2): 20","City Elites Killed (1): 20","Beyond Elites Killed (2): 60","Bosses Slain (5): 750","Speedster: 25","Overkill: 25","Ascension (20): 1190","Heartbreaker: 250"],"is_ascension_mode":true,"potions_obtained_alchemize":[[],[],[],[],[],[],[],[],[],[],[],[],[],[],[],[],[],[],[],[],[],[],[],[],[],[],[],[],[],[],[],[],[],[],["SpeedPotion"],[],[],[],[],[],["CunningPotion"],["Explosive Potion"],[],[],[],["ColorlessPotion"],["SteroidPotion"],[],[],["Weak Potion"],["FearPotion"],[],[],[],["Strength Potion"],["FairyPotion"],[]],"campfire_choices":[{"data":"Noxious Fumes","floor":6,"key":"SMITH"},{"floor":12,"key":"REST"},{"floor":15,"key":"REST"},{"data":"Apotheosis","floor":24,"key":"SMITH"},{"data":"Malaise","floor":28,"key":"SMITH"},{"data":"Bullet Time","floor":32,"key":"SMITH"},{"data":"Venomology","floor":40,"key":"SMITH"},{"data":"Ghostly","floor":44,"key":"SMITH"},{"floor":49,"key":"RECALL"},{"data":"Ghostly","floor":53,"key":"SMITH"}],"lesson_learned_per_floor":[[],[],[],[],[],[],[],[],[],[],[],[],[],[],[],[],[],[],[],[],[],[],[],[],[],[],[],[],[],[],[],[],[],[],[],[],[],[],[],[],[],[],[],[],[],[],[],[],[],[],[],[],[],[],[],[],[]],"neow_cost":"NONE","improvable_cards":{},"seed_source_timestamp":764668641351600,"shop_contents":[{"floor":10,"relics":["Whetstone","Regal Pillow","Akabeko"],"cards":["Flying Knee","Dagger Spray","Expertise","Outmaneuver","Noxious Fumes","Bandage Up","Secret Technique"],"potions":["ColorlessPotion","ColorlessPotion","Dexterity Potion"]},{"floor":21,"relics":["Sundial","Pocketwatch","HandDrill"],"cards":["Backstab","Eviscerate","Acrobatics","Prepared","Infinite Blades","Dark Shackles","Flash of Steel"],"potions":["Dexterity Potion","GhostInAJar","Block Potion"]},{"floor":30,"relics":["Singing Bowl","Frozen Egg 2","PrismaticShard"],"cards":["Sucker Punch","Backstab","Deadly Poison","Bouncing Flask","Accuracy","Finesse","Secret Technique"],"potions":["CultistPotion","AttackPotion","Swift Potion"]},{"floor":37,"relics":["Bag of Marbles","Mercury Hourglass","TwistedFunnel"],"cards":["Skewer","Sucker Punch","PiercingWail","Crippling Poison","Well Laid Plans","Trip","Chrysalis"],"potions":["BlessingOfTheForge","Strength Potion","AttackPotion"]},{"floor":54,"relics":["Bird Faced Urn","Tough Bandages","Kunai"],"cards":["Dagger Spray","Backstab","Expertise","Prepared","Noxious Fumes","Impatience","Violence"],"potions":["LiquidMemories","DistilledChaos","Ancient Potion"]}],"circlet_count":0,"master_deck":["AscendersBane","Defend_G+1","Defend_G","Defend_G","Survivor","Neutralize","Noxious Fumes+1","Cloak And Dagger","Wraith Form v2+1","Dash","Noxious Fumes+1","Footwork","Corpse Explosion","Backflip","Backstab","Ghostly+1","Ghostly","Ghostly+1","Apotheosis+1","Footwork","Catalyst+1","Catalyst+1","Poisoned Stab","Malaise+1","Bullet Time+1","Prepared+1","Venomology+1","Setup","Acrobatics+1","Catalyst+1","Calculated Gamble+1","PiercingWail","Caltrops+1"],"potion_use_per_floor":[[],[],[],["Regen Potion"],[],[],["PowerPotion"],[],[],[],[],[],["Strength Potion"],[],[],["LiquidBronze"],[],[],[],[],[],[],["Regen Potion"],[],[],[],[],[],[],[],["SkillPotion"],[],["DuplicationPotion"],[],[],[],[],["SpeedPotion"],[],[],["CunningPotion"],[],[],[],[],["Explosive Potion"],["EssenceOfSteel"],[],[],["SteroidPotion"],["Weak Potion"],[],[],[],["FearPotion"],["Swift Potion","Strength Potion"],[]],"relics":["Ring of the Snake","Matryoshka","Smiling Mask","The Courier","Toy Ornithopter","DollysMirror","MawBank","Runic Pyramid","Omamori","Bag of Preparation","HoveringKite","Du-Vu Doll","Oddly Smooth Stone","Ornamental Fan","Letter Opener","Lizard Tail","Strange Spoon","War Paint"],"potions_floor_usage":[4,7,13,16,23,31,33,38,41,46,47,50,51,55,56,56],"damage_taken":[{"damage":4,"enemies":"Jaw Worm","floor":1,"turns":4},{"damage":1,"enemies":"2 Louse","floor":2,"turns":5},{"damage":1,"enemies":"Cultist","floor":4,"turns":4},{"damage":2,"enemies":"2 Fungi Beasts","floor":5,"turns":4},{"damage":48,"enemies":"Gremlin Nob","floor":7,"turns":5},{"damage":6,"enemies":"3 Louse","floor":8,"turns":5},{"damage":19,"enemies":"3 Sentries","floor":13,"turns":6},{"damage":0,"enemies":"Blue Slaver","floor":14,"turns":5},{"damage":14,"enemies":"Hexaghost","floor":16,"turns":9},{"damage":18,"enemies":"Shell Parasite","floor":18,"turns":6},{"damage":3,"enemies":"Spheric Guardian","floor":19,"turns":6},{"damage":1,"enemies":"Snecko","floor":22,"turns":8},{"damage":15,"enemies":"Book of Stabbing","floor":23,"turns":9},{"damage":11,"enemies":"Centurion and Healer","floor":29,"turns":5},{"damage":6,"enemies":"Shelled Parasite and Fungi","floor":31,"turns":4},{"damage":8,"enemies":"Collector","floor":33,"turns":7},{"damage":2,"enemies":"Orb Walker","floor":35,"turns":4},{"damage":5,"enemies":"2 Orb Walkers","floor":38,"turns":6},{"damage":3,"enemies":"Nemesis","floor":41,"turns":7},{"damage":2,"enemies":"3 Darklings","floor":42,"turns":5},{"damage":0,"enemies":"4 Shapes","floor":45,"turns":2},{"damage":2,"enemies":"Reptomancer","floor":46,"turns":5},{"damage":1,"enemies":"Transient","floor":47,"turns":6},{"damage":14,"enemies":"Awakened One","floor":50,"turns":14},{"damage":2,"enemies":"Time Eater","floor":51,"turns":8},{"damage":1,"enemies":"Shield and Spear","floor":55,"turns":7},{"damage":21,"enemies":"The Heart","floor":56,"turns":7}],"green_key_taken_log":46,"seed_played":"-2006836855205545016","neow_bonus_log":{"cardsObtained":[],"cardsUpgraded":[],"cardsRemoved":[],"cardsTransformed":[],"relicsObtained":[],"maxHpGained":0,"goldGained":100,"damageTaken":0,"goldLost":0,"maxHpLost":0},"potions_obtained":[{"floor":1,"key":"Regen Potion"},{"floor":2,"key":"LiquidBronze"},{"floor":5,"key":"PowerPotion"},{"floor":14,"key":"FearPotion"},{"floor":16,"key":"DuplicationPotion"},{"floor":19,"key":"Regen Potion"},{"floor":31,"key":"BlessingOfTheForge"},{"floor":35,"key":"Swift Potion"},{"floor":46,"key":"EssenceOfSteel"}],"is_trial":false,"path_per_floor":["M","M","?","M","M","R","E","M","T","$","?","R","E","M","R","B",null,"M","M","?","$","M","E","R","?","T","?","R","M","$","M","R","B",null,"M","?","$","?","T","R","E","M","T","R","M","E","M","?","R","B","B",null,"R","$","E","B",null],"character_chosen":"THE_SILENT","basemod:card_modifiers":[null,null,null,null,null,null,null,null,null,null,null,null,null,null,null,null,null,null,null,null,null,null,null,null,null,null,null,null,null,null,null,null,null],"items_purchased":["Dash","DollysMirror","Strength Potion","Apotheosis","Footwork","SkillPotion","Strange Spoon","PiercingWail"],"campfire_rested":2,"item_purchase_floors":[10,10,10,21,21,30,54,54],"current_hp_per_floor":[55,54,49,60,58,58,10,4,4,4,4,23,9,9,28,19,54,36,33,33,33,32,32,32,32,32,32,32,21,21,20,20,17,29,27,27,27,27,27,27,29,27,27,27,27,30,33,33,33,24,27,32,32,32,32,20],"gold":88,"neow_bonus":"HUNDRED_GOLD","is_prod":false,"is_daily":false,"rewards_skipped":[{"floor":18,"relics":[],"potions":["SneckoOil"]},{"floor":55,"relics":[],"potions":["AttackPotion"]}],"chose_seed":false,"campfire_upgraded":7,"win_rate":0,"floor_exit_playtime":[71,133,137,174,220,225,277,350,354,406,413,415,481,527,529,614,628,685,742,747,765,837,942,948,955,958,965,970,1036,1061,1142,1153,1268,1302,1357,1362,1378,1471,1473,1479,1591,1702,1704,1722,1775,1896,1997,2000,2002,2278,2425,2436,2445,2482,2643,2816],"timestamp":1718949388,"blue_key_relic_skipped_log":{"floor":26,"relicID":"Blue Candle"},"path_taken":["M","M","?","M","M","R","E","M","T","$","?","R","E","M","R","BOSS","M","M","?","$","M","E","R","?","T","?","R","M","?","M","R","BOSS","M","?","$","?","?","R","E","M","T","R","M","E","?","?","R","BOSS","BOSS","R","$","E","BOSS"],"build_version":"2022-12-18","purchased_purges":5,"victory":true,"max_hp_per_floor":[66,66,66,66,66,66,66,66,66,66,66,66,66,66,66,66,66,66,66,33,33,33,33,33,33,33,33,33,33,33,33,33,33,33,33,33,33,33,33,33,33,33,33,33,33,33,33,33,33,33,33,33,33,33,33,33],"relic_stats":{"counters":[27,163],"HoveringKite":[31],"The Courier":287,"Omamori":0,"Bag of Preparation":[28],"Letter Opener":[275],"War Paint":["Defend_G","Catalyst"],"Smiling Mask":250,"MawBank":96,"Strange Spoon":[18],"Lizard Tail":0,"Matryoshka":2,"Ornamental Fan":[36],"obtain_stats":[{"HoveringKite":34,"Oddly Smooth Stone":39,"The Courier":9,"Omamori":23,"Bag of Preparation":26,"Letter Opener":43,"War Paint":55,"Smiling Mask":7,"MawBank":13,"Du-Vu Doll":38,"Strange Spoon":54,"Lizard Tail":46,"Matryoshka":3,"DollysMirror":10,"Ornamental Fan":41,"Toy Ornithopter":9,"Ring of the Snake":0,"Runic Pyramid":17},{"HoveringKite":16,"Oddly Smooth Stone":18,"The Courier":6,"Omamori":13,"Bag of Preparation":13,"Letter Opener":20,"War Paint":26,"Smiling Mask":5,"MawBank":7,"Du-Vu Doll":18,"Strange Spoon":25,"Lizard Tail":22,"Matryoshka":2,"DollysMirror":6,"Ornamental Fan":19,"Toy Ornithopter":6,"Ring of the Snake":0,"Runic Pyramid":9},{"HoveringKite":92,"Oddly Smooth Stone":102,"The Courier":27,"Omamori":76,"Bag of Preparation":76,"Letter Opener":114,"War Paint":156,"Smiling Mask":22,"MawBank":33,"Du-Vu Doll":102,"Strange Spoon":149,"Lizard Tail":121,"Matryoshka":9,"DollysMirror":27,"Ornamental Fan":109,"Toy Ornithopter":27,"Ring of the Snake":0,"Runic Pyramid":47}],"Toy Ornithopter":64,"Ring of the Snake":[54]},"card_choices":[{"not_picked":["Flechettes","Heel Hook","Prepared"],"picked":"SKIP","floor":1},{"not_picked":["Deflect","Cloak And Dagger"],"picked":"Flying Knee","floor":2},{"not_picked":["Slice","Backstab"],"picked":"Noxious Fumes","floor":4},{"not_picked":["Prepared","Dodge and Roll"],"picked":"Cloak And Dagger","floor":5},{"not_picked":["Cloak And Dagger","Acrobatics"],"picked":"Wraith Form v2","floor":7},{"not_picked":["Slice","Blur","Infinite Blades"],"picked":"SKIP","floor":8},{"not_picked":["Blade Dance","Underhanded Strike"],"picked":"Footwork","floor":13},{"not_picked":["Poisoned Stab","Bane","Dagger Throw"],"picked":"SKIP","floor":14},{"not_picked":["Malaise","Unload"],"picked":"Corpse Explosion","floor":16},{"not_picked":["Flechettes","Deadly Poison"],"picked":"Backflip","floor":18},{"not_picked":["Eviscerate","Acrobatics"],"picked":"Backstab","floor":19},{"not_picked":["Acrobatics","Footwork"],"picked":"Catalyst","floor":22},{"not_picked":["Infinite Blades","Sucker Punch"],"picked":"Catalyst+1","floor":23},{"not_picked":["Endless Agony","Reflex"],"picked":"Bullet Time","floor":29},{"not_picked":["Deadly Poison","PiercingWail"],"picked":"Prepared+1","floor":31},{"not_picked":["A Thousand Cuts","Storm of Steel"],"picked":"Venomology","floor":33},{"not_picked":["Dagger Throw","Bane+1"],"picked":"Setup","floor":35},{"not_picked":["Slice","Outmaneuver","Poisoned Stab"],"picked":"SKIP","floor":38},{"not_picked":["Deadly Poison+1","Dash","Underhanded Strike"],"picked":"SKIP","floor":41},{"not_picked":["Dodge and Roll","Reflex"],"picked":"Acrobatics+1","floor":42},{"not_picked":["Finisher","Reflex+1"],"picked":"Catalyst+1","floor":45},{"not_picked":["Predator","Adrenaline"],"picked":"Calculated Gamble+1","floor":46},{"not_picked":["Terror","Deflect","Deadly Poison"],"picked":"SKIP","floor":47},{"not_picked":["Predator","Reflex+1"],"picked":"Caltrops+1","floor":55}],"player_experience":2554431,"relics_obtained":[{"floor":7,"key":"Smiling Mask"},{"floor":9,"key":"The Courier"},{"floor":9,"key":"Toy Ornithopter"},{"floor":13,"key":"MawBank"},{"floor":23,"key":"Omamori"},{"floor":26,"key":"Bag of Preparation"},{"floor":38,"key":"Du-Vu Doll"},{"floor":39,"key":"Oddly Smooth Stone"},{"floor":41,"key":"Ornamental Fan"},{"floor":43,"key":"Letter Opener"},{"floor":46,"key":"Lizard Tail"},{"floor":55,"key":"War Paint"}],"event_choices":[{"damage_healed":0,"gold_gain":0,"player_choice":"Success","damage_taken":5,"relics_obtained":["Matryoshka"],"max_hp_gain":0,"max_hp_loss":0,"event_name":"Scrap Ooze","floor":3,"gold_loss":0},{"damage_healed":0,"gold_gain":0,"player_choice":"Forge","damage_taken":0,"max_hp_gain":0,"max_hp_loss":0,"event_name":"Accursed Blacksmith","floor":11,"gold_loss":0,"cards_upgraded":["Wraith Form v2"]},{"damage_healed":0,"gold_gain":0,"player_choice":"Became a Ghost","damage_taken":0,"max_hp_gain":0,"max_hp_loss":33,"event_name":"Ghosts","floor":20,"gold_loss":0,"cards_obtained":["Ghostly","Ghostly","Ghostly"]},{"damage_healed":0,"gold_gain":50,"player_choice":"Stole From Cult","damage_taken":0,"max_hp_gain":0,"max_hp_loss":0,"event_name":"Nest","floor":25,"gold_loss":0},{"damage_healed":0,"gold_gain":0,"cards_transformed":["Defend_G","Strike_G"],"player_choice":"Became Test Subject","damage_taken":0,"max_hp_gain":0,"max_hp_loss":0,"event_name":"Drug Dealer","floor":27,"gold_loss":0,"cards_obtained":["Poisoned Stab","Malaise"]},{"cards_removed":["Strike_G"],"damage_healed":0,"gold_gain":0,"player_choice":"Removed Attack","damage_taken":0,"max_hp_gain":0,"max_hp_loss":0,"event_name":"Falling","floor":36,"gold_loss":0},{"damage_healed":0,"gold_gain":0,"player_choice":"Fight","damage_taken":0,"max_hp_gain":0,"max_hp_loss":0,"event_name":"Mysterious Sphere","floor":38,"gold_loss":0},{"damage_healed":0,"gold_gain":0,"player_choice":"Ignored","damage_taken":0,"max_hp_gain":0,"max_hp_loss":0,"event_name":"Tomb of Lord Red Mask","floor":48,"gold_loss":0}],"is_beta":false,"boss_relics":[{"not_picked":["Coffee Dripper","Busted Crown"],"picked":"Runic Pyramid"},{"not_picked":["Tiny House","SacredBark"],"picked":"HoveringKite"}],"items_purged_floors":[10,21,30,37,54],"is_endless":false,"potions_floor_spawned":[1,2,5,14,16,18,19,31,35,46,55],"ascension_level":20,"potion_discard_per_floor":[[],[],[],[],[],[],[],[],[],[],[],[],[],[],[],[],[],[],["FearPotion"],[],[],[],[],[],[],[],[],[],[],[],[],[],[],[],["BlessingOfTheForge"],[],[],[],[],[],[],[],[],[],[],["ColorlessPotion"],[],[],[],[],[],[],[],[],[],[],[]]}