{"neow_bonuses_skipped_log":["REMOVE_CARD","TEN_PERCENT_HP_BONUS","BOSS_RELIC"],"neow_costs_skipped_log":["NONE","NONE","NONE"],"potions_obtained_entropic_brew":[[],[],[],[],[],[],[],[],[],[],[],[],[],[],[],[]],"gold_per_floor":[114,127,143,160,160,160,176,176,202,202,127,146,181,14,14,14],"floor_reached":16,"playtime":607,"items_purged":["Defend_G"],"score":204,"play_id":"a26750c2-e007-4c87-b9dc-8cc933dbf9c5","local_time":"20240611165621","score_breakdown":["Floors Climbed (16): 80","Enemies Slain (6): 12","Exordium Elites Killed (1): 10","Bosses Slain (0): 0","Ascension (20): 102"],"is_ascension_mode":true,"potions_obtained_alchemize":[[],[],[],[],[],[],[],[],[],[],[],[],[],[],[],[]],"campfire_choices":[{"data":"Noxious Fumes","floor":6,"key":"SMITH"},{"data":"Terror","floor":8,"key":"SMITH"},{"data":"Crippling Poison","floor":10,"key":"SMITH"},{"floor":15,"key":"REST"}],"lesson_learned_per_floor":[[],[],[],[],[],[],[],[],[],[],[],[],[],[],[],[]],"neow_cost":"TEN_PERCENT_HP_LOSS","improvable_cards":{},"seed_source_timestamp":2216661780655699,"shop_contents":[{"floor":11,"relics":["Vajra","Letter Opener","Frozen Eye"],"cards":["Underhanded Strike","Finisher","Prepared","Reflex","Noxious Fumes","Flash of Steel","Secret Weapon"],"potions":["Dexterity Potion","LiquidMemories","Swift Potion"]},{"floor":14,"relics":["Omamori","TheAbacus"],"cards":["Flying Knee","Skewer","Crippling Poison","Concentrate","Accuracy","Discovery","Transmutation"],"potions":["CultistPotion","Swift Potion","FairyPotion"]}],"circlet_count":0,"master_deck":["AscendersBane","Strike_G","Strike_G","Strike_G","Strike_G","Strike_G","Defend_G","Defend_G","Defend_G","Defend_G","Survivor","Neutralize","Terror+1","Noxious Fumes+1","Crippling Poison+1","Leg Sweep","Slice","Backstab"],"potion_use_per_floor":[[],[],[],[],[],[],[],[],[],[],[],["BlessingOfTheForge"],[],[],[],["SteroidPotion"]],"relics":["Ring of the Snake","Ginger","Regal Pillow","Oddly Smooth Stone","Art of War"],"potions_floor_usage":[12,16],"damage_taken":[{"damage":3,"enemies":"2 Louse","floor":1,"turns":4},{"damage":1,"enemies":"Jaw Worm","floor":2,"turns":4},{"damage":2,"enemies":"Small Slimes","floor":3,"turns":4},{"damage":5,"enemies":"Looter","floor":4,"turns":4},{"damage":7,"enemies":"Large Slime","floor":7,"turns":6},{"damage":6,"enemies":"3 Louse","floor":12,"turns":5},{"damage":11,"enemies":"Lagavulin","floor":13,"turns":8},{"damage":51,"enemies":"Slime Boss","floor":16,"turns":10}],"seed_played":"3678629957537080908","neow_bonus_log":{"cardsObtained":[],"cardsUpgraded":[],"cardsRemoved":[],"cardsTransformed":[],"relicsObtained":["Ginger"],"maxHpGained":0,"goldGained":0,"damageTaken":0,"goldLost":0,"maxHpLost":6},"potions_obtained":[{"floor":3,"key":"SteroidPotion"},{"floor":4,"key":"Swift Potion"},{"floor":7,"key":"BlessingOfTheForge"}],"is_trial":false,"path_per_floor":["M","M","M","M","?","R","M","R","T","R","$","M","E","$","R","B"],"character_chosen":"THE_SILENT","basemod:card_modifiers":[null,null,null,null,null,null,null,null,null,null,null,null,null,null,null,null,null,null],"items_purchased":["Art of War"],"campfire_rested":1,"item_purchase_floors":[14],"current_hp_per_floor":[56,55,53,48,48,48,41,41,41,41,41,35,24,24,57,6],"gold":14,"neow_bonus":"ONE_RARE_RELIC","is_prod":false,"is_daily":false,"rewards_skipped":[],"chose_seed":false,"campfire_upgraded":3,"win_rate":0,"floor_exit_playtime":[67,96,134,170,173,179,259,265,267,273,313,394,470,484,486],"timestamp":1718139381,"path_taken":["M","M","M","M","?","R","M","R","T","R","$","M","E","$","R","BOSS"],"build_version":"2022-12-18","purchased_purges":1,"victory":false,"max_hp_per_floor":[60,60,60,60,60,60,60,60,60,60,60,60,60,60,60,60],"relic_stats":{"Regal Pillow":15,"counters":[8,45],"Art of War":[2],"Ginger":[7],"obtain_stats":[{"Regal Pillow":9,"Oddly Smooth Stone":13,"Art of War":14,"Ginger":0,"Ring of the Snake":0},{"Regal Pillow":5,"Oddly Smooth Stone":7,"Art of War":7,"Ginger":0,"Ring of the Snake":0},{"Regal Pillow":22,"Oddly Smooth Stone":35,"Art of War":35,"Ginger":0,"Ring of the Snake":0}],"Ring of the Snake":[16]},"card_choices":[{"not_picked":["Poisoned Stab","Quick Slash"],"picked":"Terror","floor":1},{"not_picked":["Poisoned Stab","Expertise"],"picked":"Noxious Fumes","floor":2},{"not_picked":["Outmaneuver","PiercingWail"],"picked":"Crippling Poison","floor":3},{"not_picked":["Dagger Throw","Slice"],"picked":"Leg Sweep","floor":4},{"not_picked":["Dagger Throw","Quick Slash"],"picked":"Slice","floor":7},{"not_picked":["Poisoned Stab","Underhanded Strike","Bouncing Flask"],"picked":"SKIP","floor":12},{"not_picked":["Poisoned Stab","Underhanded Strike","Bouncing Flask"],"picked":"SKIP","floor":12},{"not_picked":["Predator","Flechettes"],"picked":"Backstab","floor":13}],"player_experience":2465953,"relics_obtained":[{"floor":9,"key":"Regal Pillow"},{"floor":13,"key":"Oddly Smooth Stone"}],"event_choices":[{"damage_healed":0,"gold_gain":0,"player_choice":"Ignored","damage_taken":0,"max_hp_gain":0,"max_hp_loss":0,"event_name":"Liars Game","floor":5,"gold_loss":0}],"is_beta":false,"boss_relics":[],"items_purged_floors":[11],"is_endless":false,"potions_floor_spawned":[3,4,7],"killed_by":"Slime Boss","ascension_level":20,"potion_discard_per_floor":[[],[],[],[],[],[],["Swift Potion"],[],[],[],[],[],[],[],[],[]]}