{"neow_bonuses_skipped_log":["REMOVE_CARD","TWENTY_PERCENT_HP_BONUS","BOSS_RELIC"],"neow_costs_skipped_log":["NONE","PERCENT_DAMAGE","NONE"],"potions_obtained_entropic_brew":[[],[],[],[],[],[],[],[],[],[],[],[],[],[],[],[],[],[],[],[]],"gold_per_floor":[111,125,125,275,291,160,160,173,220,220,248,193,203,203,203,280,280,297,309,309],"floor_reached":20,"playtime":749,"items_purged":["Doubt"],"score":348,"play_id":"a1ad58f3-ce7b-4c3b-a514-33b381647e93","local_time":"20240621005556","score_breakdown":["Floors Climbed (20): 100","Enemies Slain (7): 14","Exordium Elites Killed (1): 10","City Elites Killed (0): 0","Bosses Slain (1): 50","Ascension (20): 174"],"is_ascension_mode":true,"potions_obtained_alchemize":[[],[],[],[],[],[],[],[],[],[],[],[],[],[],[],[],[],[],[],[]],"campfire_choices":[{"data":"Cloak And Dagger","floor":7,"key":"SMITH"},{"data":"Accuracy","floor":10,"key":"SMITH"},{"floor":15,"key":"REST"}],"lesson_learned_per_floor":[[],[],[],[],[],[],[],[],[],[],[],[],[],[],[],[],[],[],[],[]],"neow_cost":"NONE","improvable_cards":{},"seed_source_timestamp":763120205579600,"shop_contents":[{"floor":6,"relics":["Orichalcum","StrikeDummy","TheAbacus"],"cards":["Finisher","Glass Knife","Distraction","PiercingWail","Forethought","Thinking Ahead"],"potions":["BlessingOfTheForge","SkillPotion","SpeedPotion"]}],"circlet_count":0,"master_deck":["AscendersBane","Strike_G","Strike_G","Strike_G","Strike_G","Strike_G","Defend_G","Defend_G","Defend_G","Defend_G","Defend_G","Survivor","Neutralize","Cloak And Dagger+1","Deadly Poison","Sucker Punch","Accuracy+1","Escape Plan","Crippling Poison+1","Bane","Burst","Noxious Fumes","Deflect"],"potion_use_per_floor":[[],[],[],[],[],[],[],["Block Potion"],[],[],["DistilledChaos"],[],[],[],[],["FearPotion"],[],[],[],[]],"relics":["Ring of the Snake","Boot","Smiling Mask","Akabeko","Bag of Preparation","Runic Pyramid"],"potions_floor_usage":[8,11,16],"damage_taken":[{"damage":5,"enemies":"Cultist","floor":1,"turns":5},{"damage":3,"enemies":"Jaw Worm","floor":2,"turns":4},{"damage":0,"enemies":"2 Louse","floor":5,"turns":3},{"damage":11,"enemies":"Exordium Thugs","floor":8,"turns":5},{"damage":15,"enemies":"3 Sentries","floor":11,"turns":10},{"damage":1,"enemies":"Blue Slaver","floor":13,"turns":4},{"damage":30,"enemies":"The Guardian","floor":16,"turns":11},{"damage":15,"enemies":"Spheric Guardian","floor":18,"turns":4},{"damage":18,"enemies":"Shell Parasite","floor":19,"turns":7},{"damage":31,"enemies":"Shelled Parasite and Fungi","floor":20,"turns":3}],"seed_played":"8416246348049585889","neow_bonus_log":{"cardsObtained":[],"cardsUpgraded":[],"cardsRemoved":[],"cardsTransformed":[],"relicsObtained":["Boot"],"maxHpGained":0,"goldGained":0,"damageTaken":0,"goldLost":0,"maxHpLost":0},"potions_obtained":[{"floor":1,"key":"DistilledChaos"},{"floor":5,"key":"Block Potion"},{"floor":8,"key":"FearPotion"}],"is_trial":false,"path_per_floor":["M","M","?","?","M","$","R","M","T","R","E","?","M","?","R","B",null,"M","M","M"],"character_chosen":"THE_SILENT","basemod:card_modifiers":[null,null,null,null,null,null,null,null,null,null,null,null,null,null,null,null,null,null,null,null,null,null,null],"items_purchased":["Accuracy"],"campfire_rested":1,"item_purchase_floors":[6],"current_hp_per_floor":[54,51,40,40,40,40,40,29,29,29,14,14,13,13,32,2,50,35,17,0],"gold":309,"neow_bonus":"RANDOM_COMMON_RELIC","is_prod":false,"is_daily":false,"rewards_skipped":[],"chose_seed":false,"campfire_upgraded":2,"win_rate":0,"floor_exit_playtime":[76,109,117,124,160,174,179,244,252,258,365,369,411,422,424,543,566,611,708],"timestamp":1718945756,"path_taken":["M","?","?","?","?","$","R","M","T","R","E","?","M","?","R","BOSS","M","M","M"],"build_version":"2022-12-18","purchased_purges":1,"victory":false,"max_hp_per_floor":[66,66,66,66,66,66,66,66,66,66,66,66,66,66,66,66,66,66,66,66],"relic_stats":{"counters":[10,56],"Bag of Preparation":[10],"Boot":[37],"Smiling Mask":25,"obtain_stats":[{"Bag of Preparation":11,"Boot":0,"Smiling Mask":3,"Akabeko":9,"Ring of the Snake":0,"Runic Pyramid":17},{"Bag of Preparation":5,"Boot":0,"Smiling Mask":2,"Akabeko":4,"Ring of the Snake":0,"Runic Pyramid":7},{"Bag of Preparation":27,"Boot":0,"Smiling Mask":9,"Akabeko":17,"Ring of the Snake":0,"Runic Pyramid":42}],"Ring of the Snake":[20]},"card_choices":[{"not_picked":["Well Laid Plans","Prepared"],"picked":"Cloak And Dagger","floor":1},{"not_picked":["Outmaneuver","Reflex"],"picked":"Deadly Poison","floor":2},{"not_picked":["Eviscerate","Prepared"],"picked":"Sucker Punch","floor":5},{"not_picked":["Dodge and Roll","Acrobatics"],"picked":"Escape Plan","floor":8},{"not_picked":["Acrobatics","Poisoned Stab"],"picked":"Crippling Poison","floor":11},{"not_picked":["Expertise","Concentrate"],"picked":"Bane","floor":13},{"not_picked":["Night Terror","Bullet Time"],"picked":"Burst","floor":16},{"not_picked":["Sucker Punch","Finisher"],"picked":"Noxious Fumes","floor":18},{"not_picked":["All Out Attack","Underhanded Strike"],"picked":"Deflect","floor":19}],"player_experience":2552914,"relics_obtained":[{"floor":9,"key":"Akabeko"},{"floor":11,"key":"Bag of Preparation"}],"event_choices":[{"damage_healed":0,"gold_gain":0,"player_choice":"Success","damage_taken":11,"relics_obtained":["Smiling Mask"],"max_hp_gain":0,"max_hp_loss":0,"event_name":"Scrap Ooze","floor":3,"gold_loss":0},{"damage_healed":0,"gold_gain":150,"player_choice":"AGREE","damage_taken":0,"max_hp_gain":0,"max_hp_loss":0,"event_name":"Liars Game","floor":4,"gold_loss":0,"cards_obtained":["Doubt"]},{"damage_healed":0,"gold_gain":0,"player_choice":"Left Gold","damage_taken":0,"max_hp_gain":0,"max_hp_loss":0,"event_name":"World of Goop","floor":12,"gold_loss":55},{"damage_healed":0,"gold_gain":0,"player_choice":"Forge","damage_taken":0,"max_hp_gain":0,"max_hp_loss":0,"event_name":"Accursed Blacksmith","floor":14,"gold_loss":0,"cards_upgraded":["Crippling Poison"]}],"is_beta":false,"boss_relics":[{"not_picked":["Tiny House","Coffee Dripper"],"picked":"Runic Pyramid"}],"items_purged_floors":[6],"is_endless":false,"potions_floor_spawned":[1,5,8],"killed_by":"Shelled Parasite and Fungi","ascension_level":20,"potion_discard_per_floor":[[],[],[],[],[],[],[],[],[],[],[],[],[],[],[],[],[],[],[],[]]}