{"neow_bonuses_skipped_log":["ONE_RANDOM_RARE_CARD","THREE_SMALL_POTIONS","BOSS_RELIC"],"neow_costs_skipped_log":["NONE","NONE","NONE"],"potions_obtained_entropic_brew":[[],[],[],[],[],[],[],[],[],[],[],[],[],[],[],[],[],[],[],[],[],[],[],[],[],[],[],[],[],[],[],[],[],[],[],[],[],[],[],[],[],[],[],[],[],[],[],[],[],["Explosive Potion","SteroidPotion","Fire Potion"]],"gold_per_floor":[111,130,145,101,251,251,93,126,198,224,224,224,257,217,217,307,307,323,323,7,32,56,95,95,130,155,194,212,231,26,26,26,119,119,133,152,168,168,168,204,224,265,291,327,358,358,374,398,398,398],"floor_reached":50,"playtime":14020,"items_purged":["Doubt","Strike_G","Defend_G"],"score":1295,"play_id":"1a5a11f3-6569-4a40-9544-1f3460ef838b","local_time":"20240611212818","score_breakdown":["Floors Climbed (50): 250","Enemies Slain (15): 30","Exordium Elites Killed (3): 30","City Elites Killed (3): 60","Beyond Elites Killed (3): 90","Bosses Slain (2): 150","Money Money (1085): 25","Champion (1): 25","Ascension (20): 635"],"is_ascension_mode":true,"potions_obtained_alchemize":[[],[],[],[],[],[],[],[],[],[],[],[],[],[],[],[],[],[],[],[],[],[],[],[],[],[],[],[],[],[],[],[],[],[],[],[],[],[],[],[],[],[],[],[],[],[],[],[],[],[]],"campfire_choices":[{"data":"Predator","floor":6.0,"key":"SMITH"},{"data":"Glass Knife","floor":11,"key":"SMITH"},{"floor":15,"key":"REST"},{"floor":24,"key":"REST"},{"data":"Malaise","floor":32,"key":"SMITH"},{"data":"Tactician","floor":46,"key":"SMITH"},{"floor":49,"key":"RECALL"}],"lesson_learned_per_floor":[[],[],[],[],[],[],[],[],[],[],[],[],[],[],[],[],[],[],[],[],[],[],[],[],[],[],[],[],[],[],[],[],[],[],[],[],[],[],[],[],[],[],[],[],[],[],[],[],[],[]],"neow_cost":"TEN_PERCENT_HP_LOSS","improvable_cards":{},"seed_source_timestamp":2219502578337099,"shop_contents":[{"floor":7,"relics":["Nunchaku","Whetstone","DollysMirror"],"cards":["Underhanded Strike","Bane","PiercingWail","Outmaneuver","Caltrops","Flash of Steel","Mayhem"],"potions":["LiquidBronze","BlessingOfTheForge"]},{"floor":20,"relics":["Ornamental Fan","Bag of Marbles"],"cards":["Die Die Die","Flying Knee","Distraction","Blade Dance","Noxious Fumes+1","Mind Blast","Chrysalis"],"potions":["LiquidBronze","SmokeBomb"]},{"floor":30,"relics":["Ancient Tea Set","Bottled Tornado","Cauldron"],"cards":["Underhanded Strike","Quick Slash","Burst","Cloak And Dagger","PanicButton","Metamorphosis"],"potions":["LiquidMemories","FearPotion","Regen Potion"]}],"circlet_count":0,"master_deck":["AscendersBane","Defend_G","Defend_G","Defend_G","Survivor","Neutralize","Quick Slash","Predator+1","Dagger Throw","Noxious Fumes","Blade Dance","Glass Knife+1","Blade Dance","Cloak And Dagger","After Image+1","Crippling Poison+1","Acrobatics+1","Masterful Stab+1","Prepared+1","Escape Plan","Malaise+1","Acrobatics","Escape Plan","PiercingWail","A Thousand Cuts+1","Envenom+1","Tactician+1","Master of Strategy","Burst","Leg Sweep+1","Cloak And Dagger+1","Backflip","Underhanded Strike+1"],"special_seed":0,"potion_use_per_floor":[[],[],[],[],[],[],[],["LiquidMemories"],[],["Block Potion"],[],[],[],["Regen Potion"],[],["BlessingOfTheForge"],[],[],[],[],[],[],["Block Potion"],[],[],[],[],[],["Regen Potion"],[],[],[],["BlessingOfTheForge","AttackPotion","GhostInAJar"],[],[],[],[],[],[],[],[],["SkillPotion"],[],[],[],[],[],[],[],["BlessingOfTheForge","EntropicBrew"]],"relics":["Ring of the Snake","CaptainsWheel","Frozen Egg 2","Omamori","Golden Idol","Regal Pillow","Astrolabe","Potion Belt","Toolbox","Blue Candle","Dream Catcher","Pen Nib","Bottled Lightning","Meat on the Bone","Coffee Dripper","Art of War","Molten Egg 2","Bronze Scales","Shovel"],"potions_floor_usage":[10,14,16,23,29,33,33,33,42,50,50],"damage_taken":[{"damage":1.0,"enemies":"Cultist","floor":1.0,"turns":4.0},{"damage":1.0,"enemies":"Jaw Worm","floor":2.0,"turns":4.0},{"damage":5.0,"enemies":"2 Louse","floor":3.0,"turns":3.0},{"damage":18.0,"enemies":"Exordium Thugs","floor":4.0,"turns":5.0},{"damage":8.0,"enemies":"Gremlin Nob","floor":8.0,"turns":3.0},{"damage":7,"enemies":"Lagavulin","floor":10,"turns":7},{"damage":11,"enemies":"Gremlin Nob","floor":13,"turns":3},{"damage":6,"enemies":"Looter","floor":14,"turns":4},{"damage":30,"enemies":"The Guardian","floor":16,"turns":13},{"damage":8,"enemies":"3 Byrds","floor":18,"turns":5},{"damage":3,"enemies":"2 Thieves","floor":21,"turns":3},{"damage":3,"enemies":"3 Cultists","floor":22,"turns":6},{"damage":11,"enemies":"Slavers","floor":23,"turns":7},{"damage":9,"enemies":"Book of Stabbing","floor":25,"turns":7},{"damage":8,"enemies":"Gremlin Leader","floor":27,"turns":9},{"damage":1,"enemies":"Snake Plant","floor":28,"turns":4},{"damage":0,"enemies":"Snecko","floor":29,"turns":4},{"damage":22,"enemies":"Champ","floor":33,"turns":12},{"damage":0,"enemies":"3 Shapes","floor":35,"turns":4},{"damage":3,"enemies":"3 Darklings","floor":36,"turns":3},{"damage":16,"enemies":"Transient","floor":37,"turns":6},{"damage":0,"enemies":"Reptomancer","floor":40,"turns":6},{"damage":1,"enemies":"Writhing Mass","floor":41,"turns":7},{"damage":20,"enemies":"Nemesis","floor":42,"turns":9},{"damage":2,"enemies":"Reptomancer","floor":44,"turns":7},{"damage":0,"enemies":"Mind Bloom Boss Battle","floor":45,"turns":5},{"damage":8,"enemies":"4 Shapes","floor":47,"turns":6},{"damage":0,"enemies":"Sphere and 2 Shapes","floor":48,"turns":4},{"damage":38,"enemies":"Awakened One","floor":50,"turns":19}],"green_key_taken_log":42,"seed_played":"-481919492877175336","neow_bonus_log":{"cardsObtained":[],"cardsUpgraded":[],"cardsRemoved":["Strike_G","Defend_G"],"cardsTransformed":[],"relicsObtained":[],"maxHpGained":0,"goldGained":0,"damageTaken":0,"goldLost":0,"maxHpLost":6},"potions_obtained":[{"floor":8,"key":"Block Potion"},{"floor":10,"key":"Regen Potion"},{"floor":13,"key":"BlessingOfTheForge"},{"floor":16,"key":"Block Potion"},{"floor":21,"key":"GhostInAJar"},{"floor":25,"key":"Regen Potion"},{"floor":27,"key":"AttackPotion"},{"floor":28,"key":"BlessingOfTheForge"},{"floor":37,"key":"SkillPotion"},{"floor":44,"key":"LiquidBronze"},{"floor":45,"key":"EntropicBrew"},{"floor":48,"key":"BlessingOfTheForge"}],"is_trial":false,"path_per_floor":["M","M","M","M","?","R","$","E","T","E","R","?","E","M","R","B",null,"M","?","$","M","M","E","R","E","T","E","M","M","$","T","R","B",null,"M","M","M","?","?","E","M","E","T","E","?","R","M","M","R","B"],"character_chosen":"THE_SILENT","basemod:card_modifiers":[null,null,null,null,null,null,null,null,null,null,null,null,null,null,null,null,null,null,null,null,null,null,null,null,null,null,null,null,null,null,null,null,null],"items_purchased":["LiquidMemories","Toolbox","Block Potion","A Thousand Cuts+1"],"campfire_rested":2,"item_purchase_floors":[7,20,20,30],"current_hp_per_floor":[58,57,52,34,34,34,34,26,26,19,19,19,8,16,47,17,45,37,37,37,34,31,20,51,42,42,34,33,45,45,45,45,35,49,49,46,30,30,30,30,29,21,21,31,31,31,35,35,35,0],"gold":398,"neow_bonus":"REMOVE_TWO","is_prod":false,"is_daily":false,"rewards_skipped":[],"chose_seed":false,"campfire_upgraded":4,"win_rate":0,"floor_exit_playtime":[57,97,165,222,228,235,257,300,303,366,374,378,409,455,6632,6790,7671,7758,7767,7801,7851,7943,11282,11284,11410,11420,11655,11717,11789,11862,11867,11891,12140,12154,12215,12284,12432,12438,12441,12722,12872,13045,13048,13190,13334,13353,13472,13558,13561],"timestamp":1718155698,"blue_key_relic_skipped_log":{"floor":43,"relicID":"Smiling Mask"},"path_taken":["M","M","M","M","?","R","$","E","T","E","R","?","E","M","R","BOSS","M","?","$","M","M","E","R","E","T","E","M","M","$","?","R","BOSS","M","M","M","?","?","E","M","E","T","E","?","R","M","?","R","BOSS"],"build_version":"2022-12-18","purchased_purges":3,"victory":false,"max_hp_per_floor":[60,60,60,60,60,60,60,60,60,60,60,54,54,54,54,54,54,54,54,54,54,54,54,54,54,54,54,54,54,54,54,54,54,54,54,54,54,54,54,54,54,54,54,54,54,54,54,54,54,54],"relic_stats":{"Regal Pillow":30,"counters":[29,179],"Golden Idol":138,"Astrolabe":["Crippling Poison","Acrobatics","Masterful Stab"],"Blue Candle":[0],"Pen Nib":[28],"Omamori":0,"Dream Catcher":0,"Shovel":0,"Bronze Scales":[120],"Art of War":[8],"Bottled Lightning":"Acrobatics","obtain_stats":[{"Potion Belt":19,"Regal Pillow":13,"Golden Idol":12,"Astrolabe":17,"Blue Candle":23,"Pen Nib":26,"Omamori":10,"Frozen Egg 2":9,"CaptainsWheel":8,"Dream Catcher":25,"Shovel":45,"Bronze Scales":44,"Toolbox":20,"Molten Egg 2":42,"Coffee Dripper":34,"Art of War":40,"Bottled Lightning":27,"Ring of the Snake":0,"Meat on the Bone":31},{"Potion Belt":10,"Regal Pillow":7,"Golden Idol":6,"Astrolabe":9,"Blue Candle":13,"Pen Nib":14,"Omamori":6,"Frozen Egg 2":5,"CaptainsWheel":5,"Dream Catcher":14,"Shovel":26,"Bronze Scales":25,"Toolbox":10,"Molten Egg 2":24,"Coffee Dripper":18,"Art of War":22,"Bottled Lightning":15,"Ring of the Snake":0,"Meat on the Bone":17},{"Potion Belt":51,"Regal Pillow":29,"Golden Idol":26,"Astrolabe":46,"Blue Candle":67,"Pen Nib":74,"Omamori":26,"Frozen Egg 2":19,"CaptainsWheel":19,"Dream Catcher":74,"Shovel":150,"Bronze Scales":145,"Toolbox":51,"Molten Egg 2":138,"Coffee Dripper":103,"Art of War":122,"Bottled Lightning":83,"Ring of the Snake":0,"Meat on the Bone":91}],"Ring of the Snake":[58],"Meat on the Bone":48},"card_choices":[{"not_picked":["Prepared","Acrobatics"],"picked":"Quick Slash","floor":1.0},{"not_picked":["Accuracy","Eviscerate"],"picked":"Predator","floor":2.0},{"not_picked":["Accuracy","Masterful Stab"],"picked":"Dagger Throw","floor":3.0},{"not_picked":["Footwork","Concentrate"],"picked":"Noxious Fumes","floor":4.0},{"not_picked":["Deflect","Dash"],"picked":"Blade Dance","floor":8},{"not_picked":["Quick Slash","Distraction"],"picked":"Glass Knife","floor":10},{"not_picked":["Underhanded Strike","Sucker Punch"],"picked":"Blade Dance","floor":13},{"not_picked":["Sucker Punch","Quick Slash"],"picked":"Cloak And Dagger","floor":14},{"not_picked":["Night Terror","Doppelganger"],"picked":"After Image+1","floor":16},{"not_picked":["Backflip","Deadly Poison"],"picked":"Prepared+1","floor":18},{"not_picked":["Distraction","Acrobatics","Dagger Throw"],"picked":"SKIP","floor":21},{"not_picked":["Poisoned Stab","Infinite Blades+1"],"picked":"Escape Plan","floor":22},{"not_picked":["Finisher","Poisoned Stab"],"picked":"Malaise","floor":23},{"not_picked":["Choke","Flying Knee","Slice"],"picked":"SKIP","floor":25},{"not_picked":["Deadly Poison","Riddle With Holes"],"picked":"Acrobatics","floor":27},{"not_picked":["Heel Hook","Bane"],"picked":"Escape Plan","floor":28},{"not_picked":["Riddle With Holes","Catalyst"],"picked":"PiercingWail","floor":29},{"not_picked":["Bullet Time","Burst"],"picked":"Envenom+1","floor":33},{"not_picked":["Flechettes","Dagger Spray","Distraction"],"picked":"SKIP","floor":35},{"not_picked":["Flying Knee","Deflect","Riddle With Holes"],"picked":"SKIP","floor":36},{"not_picked":["Noxious Fumes+1","Deflect"],"picked":"Tactician","floor":37},{"not_picked":["Dramatic Entrance","Purity"],"picked":"Master of Strategy","floor":38},{"not_picked":["Leg Sweep","Dagger Spray"],"picked":"Burst","floor":40},{"not_picked":["Dodge and Roll+1","Deadly Poison"],"picked":"Leg Sweep+1","floor":41},{"not_picked":["Glass Knife+1","Flying Knee+1","Dagger Throw+1"],"picked":"SKIP","floor":42},{"not_picked":["Distraction","Deadly Poison"],"picked":"Cloak And Dagger+1","floor":44},{"not_picked":["Heel Hook+1","Choke+1","Cloak And Dagger+1"],"picked":"SKIP","floor":45},{"not_picked":["Deflect","Bouncing Flask"],"picked":"Backflip","floor":47},{"not_picked":["Flying Knee+1","Predator+1"],"picked":"Underhanded Strike+1","floor":48}],"player_experience":2468683,"relics_obtained":[{"floor":8,"key":"CaptainsWheel"},{"floor":9,"key":"Frozen Egg 2"},{"floor":10,"key":"Omamori"},{"floor":13,"key":"Regal Pillow"},{"floor":23,"key":"Blue Candle"},{"floor":25,"key":"Dream Catcher"},{"floor":26,"key":"Pen Nib"},{"floor":27,"key":"Bottled Lightning"},{"floor":31,"key":"Meat on the Bone"},{"floor":40,"key":"Art of War"},{"floor":42,"key":"Molten Egg 2"},{"floor":44,"key":"Bronze Scales"},{"floor":45,"key":"Shovel"}],"event_choices":[{"damage_healed":0.0,"max_hp_gain":0.0,"max_hp_loss":0.0,"gold_gain":150.0,"event_name":"Liars Game","player_choice":"AGREE","floor":5.0,"gold_loss":0.0,"damage_taken":0.0,"cards_obtained":["Doubt"]},{"damage_healed":0,"gold_gain":0,"player_choice":"Lose Max HP","damage_taken":0,"relics_obtained":["Golden Idol"],"max_hp_gain":0,"max_hp_loss":6,"event_name":"Golden Idol","floor":12,"gold_loss":0},{"damage_healed":0,"gold_gain":0,"player_choice":"Gave Potion","damage_taken":0,"relics_obtained":["Potion Belt"],"max_hp_gain":0,"max_hp_loss":0,"event_name":"WeMeetAgain","floor":19,"gold_loss":0},{"damage_healed":0,"gold_gain":0,"player_choice":"Memory 1","damage_taken":0,"max_hp_gain":0,"max_hp_loss":0,"event_name":"SensoryStone","floor":38,"gold_loss":0},{"damage_healed":0,"gold_gain":0,"player_choice":"Ignored","damage_taken":0,"max_hp_gain":0,"max_hp_loss":0,"event_name":"Tomb of Lord Red Mask","floor":39,"gold_loss":0},{"damage_healed":0,"gold_gain":0,"player_choice":"Fight","damage_taken":0,"max_hp_gain":0,"max_hp_loss":0,"event_name":"MindBloom","floor":45,"gold_loss":0}],"is_beta":false,"boss_relics":[{"not_picked":["Cursed Key","WristBlade"],"picked":"Astrolabe"},{"not_picked":["Busted Crown","Sozu"],"picked":"Coffee Dripper"}],"items_purged_floors":[7,20,30],"is_endless":false,"potions_floor_spawned":[8,10,13,16,21,25,27,28,37,44,45,48],"killed_by":"Awakened One","ascension_level":20,"potion_discard_per_floor":[[],[],[],[],[],[],[],[],[],[],[],[],[],[],[],[],[],[],[],[],[],[],[],[],[],[],[],[],[],[],[],[],[],[],[],[],[],[],[],[],[],[],[],[],[],[],[],[],[],[]]}