{"neow_bonuses_skipped_log":["THREE_SMALL_POTIONS","TWENTY_PERCENT_HP_BONUS","BOSS_RELIC"],"neow_costs_skipped_log":["NONE","CURSE","NONE"],"potions_obtained_entropic_brew":[[],[],[],[],[],[],[],[],[],[],[]],"gold_per_floor":[110,120,195,175,185,185,213,213,239,277,289],"floor_reached":11,"playtime":396,"items_purged":[],"score":162,"play_id":"2ae671c6-3cef-476d-8618-fcadaecdf264","local_time":"20240611170306","score_breakdown":["Floors Climbed (11): 55","Enemies Slain (3): 6","Exordium Elites Killed (2): 20","Bosses Slain (0): 0","Ascension (20): 81"],"is_ascension_mode":true,"potions_obtained_alchemize":[[],[],[],[],[],[],[],[],[],[],[]],"campfire_choices":[{"floor":6,"key":"REST"},{"data":"Envenom","floor":8,"key":"SMITH"}],"lesson_learned_per_floor":[[],[],[],[],[],[],[],[],[],[],[]],"neow_cost":"NONE","improvable_cards":{},"seed_source_timestamp":2217276764688800,"shop_contents":[],"circlet_count":0,"master_deck":["AscendersBane","Strike_G","Strike_G","Strike_G","Strike_G","Strike_G","Defend_G","Defend_G","Defend_G","Defend_G","Defend_G","Survivor","Neutralize","Envenom+1","Dash","Dagger Spray","Poisoned Stab","Calculated Gamble","Infinite Blades"],"potion_use_per_floor":[[],[],[],[],[],[],[],[],[],["AttackPotion"],[]],"relics":["Ring of the Snake","Blood Vial","MawBank","Toy Ornithopter"],"potions_floor_usage":[10],"damage_taken":[{"damage":0,"enemies":"2 Louse","floor":1,"turns":5},{"damage":6,"enemies":"Jaw Worm","floor":2,"turns":6},{"damage":8,"enemies":"Cultist","floor":5,"turns":4},{"damage":29,"enemies":"3 Sentries","floor":7,"turns":6},{"damage":23,"enemies":"Lagavulin","floor":10,"turns":9},{"damage":7,"enemies":"Blue Slaver","floor":11,"turns":4}],"seed_played":"-5402245907196097200","neow_bonus_log":{"cardsObtained":["Envenom"],"cardsUpgraded":[],"cardsRemoved":[],"cardsTransformed":[],"relicsObtained":[],"maxHpGained":0,"goldGained":0,"damageTaken":0,"goldLost":0,"maxHpLost":0},"potions_obtained":[{"floor":4,"key":"GamblersBrew"},{"floor":7,"key":"AttackPotion"}],"is_trial":false,"path_per_floor":["M","M","?","?","M","R","E","R","T","E","M"],"character_chosen":"THE_SILENT","basemod:card_modifiers":[null,null,null,null,null,null,null,null,null,null,null,null,null,null,null,null,null,null,null],"items_purchased":[],"campfire_rested":1,"item_purchase_floors":[],"current_hp_per_floor":[59,53,42,42,34,53,24,24,24,3,0],"gold":289,"neow_bonus":"ONE_RANDOM_RARE_CARD","is_prod":false,"is_daily":false,"rewards_skipped":[],"chose_seed":false,"campfire_upgraded":1,"win_rate":0,"floor_exit_playtime":[66,114,118,123,159,164,249,259,263,348],"timestamp":1718139786,"path_taken":["M","M","?","?","M","R","E","R","T","E","?"],"build_version":"2022-12-18","purchased_purges":0,"victory":false,"max_hp_per_floor":[66,66,66,66,66,66,66,66,66,66,66],"relic_stats":{"Blood Vial":4,"counters":[6,34],"MawBank":24,"obtain_stats":[{"Blood Vial":7,"MawBank":9,"Toy Ornithopter":10,"Ring of the Snake":0},{"Blood Vial":4,"MawBank":4,"Toy Ornithopter":5,"Ring of the Snake":0},{"Blood Vial":21,"MawBank":21,"Toy Ornithopter":30,"Ring of the Snake":0}],"Toy Ornithopter":0,"Ring of the Snake":[12]},"card_choices":[{"not_picked":["Backflip","Underhanded Strike"],"picked":"Dash","floor":1},{"not_picked":["Tactician","Setup"],"picked":"Dagger Spray","floor":2},{"not_picked":["Caltrops","Flying Knee"],"picked":"Poisoned Stab","floor":5},{"not_picked":["Flechettes","Deflect"],"picked":"Calculated Gamble","floor":7},{"not_picked":["Underhanded Strike","Deadly Poison"],"picked":"Infinite Blades","floor":10}],"player_experience":2466560,"relics_obtained":[{"floor":7,"key":"Blood Vial"},{"floor":9,"key":"MawBank"},{"floor":10,"key":"Toy Ornithopter"}],"event_choices":[{"damage_healed":0,"gold_gain":75,"player_choice":"Gather Gold","damage_taken":11,"max_hp_gain":0,"max_hp_loss":0,"event_name":"World of Goop","floor":3,"gold_loss":0},{"damage_healed":0,"gold_gain":0,"player_choice":"Bought 1 Potion","damage_taken":0,"max_hp_gain":0,"max_hp_loss":0,"event_name":"The Woman in Blue","floor":4,"gold_loss":0}],"is_beta":false,"boss_relics":[],"items_purged_floors":[],"is_endless":false,"potions_floor_spawned":[7],"killed_by":"Blue Slaver","ascension_level":20,"potion_discard_per_floor":[[],[],[],[],[],[],[],[],[],[],[]]}