{"neow_bonuses_skipped_log":["TEN_PERCENT_HP_BONUS","RANDOM_COLORLESS_2","BOSS_RELIC"],"potions_obtained_entropic_brew":[[],[],[],[],[],[],[],[],[],[],[],[],[],[],[],[]],"neow_costs_skipped_log":["NONE","CURSE","NONE"],"gold_per_floor":[110,110,124,124,148,148,173,214,214,64,64,77,42,78,78,78],"floor_reached":16,"playtime":545,"items_purged":["Strike_G"],"score":220,"play_id":"793e08f3-bbfa-4cd0-8f13-858773a6abce","local_time":"20240621210836","score_breakdown":["Floors Climbed (16): 80","Enemies Slain (5): 10","Exordium Elites Killed (2): 20","Bosses Slain (0): 0","Ascension (20): 110"],"is_ascension_mode":true,"potions_obtained_alchemize":[[],[],[],[],[],[],[],[],[],[],[],[],[],[],[],[]],"campfire_choices":[{"data":"Caltrops","floor":6,"key":"SMITH"},{"data":"Noxious Fumes","floor":15,"key":"SMITH"}],"lesson_learned_per_floor":[[],[],[],[],[],[],[],[],[],[],[],[],[],[],[],[]],"neow_cost":"NONE","improvable_cards":{},"seed_source_timestamp":836085284479700,"shop_contents":[{"floor":10,"relics":["Bag of Marbles","Omamori","Sling"],"cards":["Sucker Punch","Quick Slash","PiercingWail","Backflip","Dramatic Entrance","Secret Weapon"],"potions":["Dexterity Potion","SkillPotion","Fire Potion"]}],"circlet_count":0,"master_deck":["AscendersBane","Strike_G","Strike_G","Strike_G","Defend_G","Defend_G","Defend_G","Defend_G","Survivor","Neutralize","Backflip","Backstab","Poisoned Stab","Caltrops+1","Tools of the Trade","Backflip","Noxious Fumes+1","Underhanded Strike","Cloak And Dagger","PiercingWail"],"potion_use_per_floor":[[],[],[],[],[],[],[],["FearPotion"],[],[],[],[],[],["Fruit Juice","Dexterity Potion"],[],[]],"relics":["Ring of the Snake","Golden Idol","Pear","TungstenRod","WingedGreaves"],"potions_floor_usage":[8,14,14],"damage_taken":[{"damage":0,"enemies":"Small Slimes","floor":1,"turns":7},{"damage":0,"enemies":"2 Louse","floor":3,"turns":2},{"damage":12,"enemies":"Jaw Worm","floor":5,"turns":4},{"damage":13,"enemies":"Exordium Thugs","floor":7,"turns":5},{"damage":24,"enemies":"Gremlin Nob","floor":8,"turns":3},{"damage":6,"enemies":"Lots of Slimes","floor":12,"turns":4},{"damage":13,"enemies":"3 Sentries","floor":14,"turns":9},{"damage":24,"enemies":"The Guardian","floor":16,"turns":2}],"green_key_taken_log":14,"seed_played":"-3163187600541238006","neow_bonus_log":{"cardsObtained":[],"cardsUpgraded":[],"cardsRemoved":[],"cardsTransformed":[],"relicsObtained":[],"maxHpGained":0,"goldGained":0,"damageTaken":0,"goldLost":0,"maxHpLost":0},"potions_obtained":[{"floor":1,"key":"FearPotion"},{"floor":7,"key":"Dexterity Potion"},{"floor":12,"key":"Fruit Juice"}],"is_trial":false,"path_per_floor":["M","?","M","?","M","R","M","E","T","$","?","M","?","E","R","B"],"character_chosen":"THE_SILENT","basemod:card_modifiers":[null,null,null,null,null,null,null,null,null,null,null,null,null,null,null,null,null,null,null,null],"items_purchased":["Noxious Fumes"],"campfire_rested":0,"item_purchase_floors":[10],"current_hp_per_floor":[59,59,59,52,40,40,27,13,13,13,13,7,24,16,16,0],"gold":78,"neow_bonus":"THREE_CARDS","is_prod":false,"is_daily":false,"rewards_skipped":[],"chose_seed":false,"campfire_upgraded":2,"win_rate":0,"floor_exit_playtime":[78,82,100,109,147,159,224,259,262,277,284,371,374,504,509],"timestamp":1719018516,"path_taken":["M","?","M","?","?","R","M","E","T","$","?","?","?","E","R","BOSS"],"build_version":"2022-12-18","purchased_purges":1,"victory":false,"max_hp_per_floor":[66,60,60,60,60,60,60,70,70,70,70,70,70,75,75,75],"relic_stats":{"counters":[8,36],"Golden Idol":31,"WingedGreaves":0,"obtain_stats":[{"Pear":8,"Golden Idol":2,"WingedGreaves":14,"TungstenRod":9,"Ring of the Snake":0},{"Pear":5,"Golden Idol":1,"WingedGreaves":7,"TungstenRod":5,"Ring of the Snake":0},{"Pear":21,"Golden Idol":7,"WingedGreaves":34,"TungstenRod":21,"Ring of the Snake":0}],"TungstenRod":9,"Ring of the Snake":[16]},"card_choices":[{"not_picked":["PiercingWail","Eviscerate"],"picked":"Backflip","floor":0},{"not_picked":["Sucker Punch","Poisoned Stab"],"picked":"Backstab","floor":1},{"not_picked":["Acrobatics","Dagger Spray"],"picked":"Poisoned Stab","floor":3},{"not_picked":["Quick Slash","Blur"],"picked":"Caltrops","floor":5},{"not_picked":["Deflect","Poisoned Stab"],"picked":"Tools of the Trade","floor":7},{"not_picked":["Dodge and Roll","Slice"],"picked":"Backflip","floor":8},{"not_picked":["Flying Knee","Setup"],"picked":"Cloak And Dagger","floor":12},{"not_picked":["Poisoned Stab","Bane"],"picked":"PiercingWail","floor":14}],"player_experience":2560488,"relics_obtained":[{"floor":8,"key":"Pear"},{"floor":9,"key":"TungstenRod"},{"floor":14,"key":"WingedGreaves"}],"event_choices":[{"damage_healed":0,"gold_gain":0,"player_choice":"Lose Max HP","damage_taken":0,"relics_obtained":["Golden Idol"],"max_hp_gain":0,"max_hp_loss":6,"event_name":"Golden Idol","floor":2,"gold_loss":0},{"cards_removed":["Defend_G"],"damage_healed":0,"gold_gain":0,"player_choice":"Card Removal","damage_taken":7,"max_hp_gain":0,"max_hp_loss":0,"event_name":"Golden Wing","floor":4,"gold_loss":0},{"damage_healed":0,"gold_gain":0,"cards_transformed":["Strike_G"],"player_choice":"Transformed","damage_taken":0,"max_hp_gain":0,"max_hp_loss":0,"event_name":"Transmorgrifier","floor":11,"gold_loss":0,"cards_obtained":["Underhanded Strike"]},{"damage_healed":17,"gold_gain":0,"player_choice":"Healed","damage_taken":0,"max_hp_gain":0,"max_hp_loss":0,"event_name":"The Cleric","floor":13,"gold_loss":35}],"is_beta":false,"boss_relics":[],"items_purged_floors":[10],"is_endless":false,"potions_floor_spawned":[1,7,12],"killed_by":"The Guardian","ascension_level":20,"potion_discard_per_floor":[[],[],[],[],[],[],[],[],[],[],[],[],[],[],[],[]]}