{"neow_bonuses_skipped_log":["THREE_ENEMY_KILL","RANDOM_COLORLESS_2","BOSS_RELIC"],"potions_obtained_entropic_brew":[[],[],[],[],[],[],[],[],[],[],[],[],[],[],[],[]],"neow_costs_skipped_log":["NONE","CURSE","NONE"],"gold_per_floor":[113,125,125,145,161,161,192,192,217,367,377,45,45,78,78,78],"floor_reached":16,"playtime":505,"items_purged":["Doubt"],"score":220,"play_id":"c3fd1e34-3148-4346-84a2-413a95209814","local_time":"20240621211713","score_breakdown":["Floors Climbed (16): 80","Enemies Slain (5): 10","Exordium Elites Killed (2): 20","Bosses Slain (0): 0","Ascension (20): 110"],"is_ascension_mode":true,"potions_obtained_alchemize":[[],[],[],[],[],[],[],[],[],[],[],[],[],[],[],[]],"campfire_choices":[{"data":"Blade Dance","floor":6,"key":"SMITH"},{"data":"Prepared","floor":8,"key":"SMITH"},{"data":"Sucker Punch","floor":13,"key":"SMITH"},{"data":"Footwork","floor":15,"key":"SMITH"}],"lesson_learned_per_floor":[[],[],[],[],[],[],[],[],[],[],[],[],[],[],[],[]],"neow_cost":"NONE","improvable_cards":{},"seed_source_timestamp":836641908988900,"shop_contents":[{"floor":12,"relics":["Eternal Feather","Dead Branch"],"cards":["Skewer","Unload","Prepared","Phantasmal Killer","Trip","Violence"],"potions":["SpeedPotion","GamblersBrew"]}],"circlet_count":0,"master_deck":["AscendersBane","Strike_G","Strike_G","Strike_G","Strike_G","Strike_G","Defend_G","Defend_G","Defend_G","Defend_G","Defend_G","Survivor","Neutralize+1","Sucker Punch+1","Predator+1","Blade Dance+1","Heel Hook","Prepared+1","Escape Plan","Footwork+1","PiercingWail"],"potion_use_per_floor":[[],[],[],[],[],[],["CunningPotion"],[],[],[],[],[],[],["Regen Potion","BlessingOfTheForge"],[],[]],"relics":["Ring of the Snake","Bag of Preparation","Regal Pillow","ClockworkSouvenir","Happy Flower"],"potions_floor_usage":[7,14,14],"damage_taken":[{"damage":1,"enemies":"Cultist","floor":1,"turns":4},{"damage":0,"enemies":"Small Slimes","floor":2,"turns":4},{"damage":4,"enemies":"Jaw Worm","floor":4,"turns":3},{"damage":4,"enemies":"Blue Slaver","floor":5,"turns":4},{"damage":8,"enemies":"Gremlin Nob","floor":7,"turns":3},{"damage":0,"enemies":"Red Slaver","floor":11,"turns":2},{"damage":15,"enemies":"3 Sentries","floor":14,"turns":7},{"damage":46,"enemies":"Hexaghost","floor":16,"turns":14}],"seed_played":"-2911531153424635608","neow_bonus_log":{"cardsObtained":[],"cardsUpgraded":["Neutralize"],"cardsRemoved":[],"cardsTransformed":[],"relicsObtained":[],"maxHpGained":0,"goldGained":0,"damageTaken":0,"goldLost":0,"maxHpLost":0},"potions_obtained":[{"floor":5,"key":"CunningPotion"},{"floor":7,"key":"Regen Potion"},{"floor":14,"key":"SpeedPotion"}],"is_trial":false,"path_per_floor":["M","M","?","M","M","R","E","R","T","?","M","$","R","E","R","B"],"character_chosen":"THE_SILENT","basemod:card_modifiers":[null,null,null,null,null,null,null,null,null,null,null,null,null,null,null,null,null,null,null,null,null],"items_purchased":["ClockworkSouvenir","Footwork","BlessingOfTheForge"],"campfire_rested":0,"item_purchase_floors":[12,12,12],"current_hp_per_floor":[58,58,58,54,50,50,42,42,42,42,42,42,42,42,42,0],"gold":78,"neow_bonus":"UPGRADE_CARD","is_prod":false,"is_daily":false,"rewards_skipped":[],"chose_seed":false,"campfire_upgraded":4,"win_rate":0,"floor_exit_playtime":[46,73,81,104,139,145,186,197,203,208,235,266,276,366,371],"timestamp":1719019033,"path_taken":["M","M","?","M","?","R","E","R","T","?","M","$","R","E","R","BOSS"],"build_version":"2022-12-18","purchased_purges":1,"victory":false,"max_hp_per_floor":[66,66,66,66,66,66,66,66,66,66,66,66,66,66,66,66],"relic_stats":{"Regal Pillow":0,"Happy Flower":[4],"counters":[8,41],"Bag of Preparation":[6],"obtain_stats":[{"Regal Pillow":9,"Happy Flower":14,"Bag of Preparation":7,"Ring of the Snake":0,"ClockworkSouvenir":12},{"Regal Pillow":5,"Happy Flower":7,"Bag of Preparation":5,"Ring of the Snake":0,"ClockworkSouvenir":6},{"Regal Pillow":18,"Happy Flower":27,"Bag of Preparation":18,"Ring of the Snake":0,"ClockworkSouvenir":20}],"Ring of the Snake":[16]},"card_choices":[{"not_picked":["Quick Slash","Dodge and Roll"],"picked":"Sucker Punch","floor":1},{"not_picked":["Deflect","Reflex"],"picked":"Predator","floor":2},{"not_picked":["Quick Slash","Acrobatics"],"picked":"Blade Dance","floor":4},{"not_picked":["Bane","Backflip"],"picked":"Heel Hook","floor":5},{"not_picked":["Bane","Flying Knee"],"picked":"Prepared","floor":7},{"not_picked":["PiercingWail","Expertise"],"picked":"Escape Plan","floor":11},{"not_picked":["All Out Attack","Dagger Spray"],"picked":"PiercingWail","floor":14}],"player_experience":2561033,"relics_obtained":[{"floor":7,"key":"Bag of Preparation"},{"floor":9,"key":"Regal Pillow"},{"floor":14,"key":"Happy Flower"}],"event_choices":[{"damage_healed":0,"gold_gain":0,"player_choice":"Forge","damage_taken":0,"max_hp_gain":0,"max_hp_loss":0,"event_name":"Accursed Blacksmith","floor":3,"gold_loss":0,"cards_upgraded":["Predator"]},{"damage_healed":0,"gold_gain":150,"player_choice":"AGREE","damage_taken":0,"max_hp_gain":0,"max_hp_loss":0,"event_name":"Liars Game","floor":10,"gold_loss":0,"cards_obtained":["Doubt"]}],"is_beta":false,"boss_relics":[],"items_purged_floors":[12],"is_endless":false,"potions_floor_spawned":[5,7,14],"killed_by":"Hexaghost","ascension_level":20,"potion_discard_per_floor":[[],[],[],[],[],[],[],[],[],[],[],[],[],[],[],[]]}