{"neow_bonuses_skipped_log":["RANDOM_COLORLESS","ONE_RARE_RELIC","BOSS_RELIC"],"potions_obtained_entropic_brew":[[],[],[],[],[],[],[],[],[],[],[]],"neow_costs_skipped_log":["NONE","PERCENT_DAMAGE","NONE"],"gold_per_floor":[121,113,138,150,177,189,217,260,295,318,330],"floor_reached":11,"playtime":374,"items_purged":[],"score":150,"play_id":"c2968669-da6a-4255-94e5-61860efb1e1a","local_time":"20240621204300","score_breakdown":["Floors Climbed (11): 55","Enemies Slain (5): 10","Exordium Elites Killed (1): 10","Bosses Slain (0): 0","Ascension (20): 75"],"is_ascension_mode":true,"potions_obtained_alchemize":[[],[],[],[],[],[],[],[],[],[],[]],"campfire_choices":[{"data":"Sucker Punch","floor":6,"key":"SMITH"}],"lesson_learned_per_floor":[[],[],[],[],[],[],[],[],[],[],[]],"neow_cost":"NONE","improvable_cards":{},"seed_source_timestamp":834719888745400,"shop_contents":[],"circlet_count":0,"master_deck":["AscendersBane","Strike_G","Strike_G","Strike_G","Strike_G","Strike_G","Defend_G","Defend_G","Defend_G","Defend_G","Defend_G","Survivor","Neutralize","Flying Knee","Sucker Punch+1","Calculated Gamble","Backflip","Underhanded Strike","Terror"],"potion_use_per_floor":[[],[],[],[],[],[],[],["PowerPotion"],[],["Dexterity Potion"],[]],"relics":["Ring of the Snake","MawBank","Ancient Tea Set","PreservedInsect"],"potions_floor_usage":[8,10],"damage_taken":[{"damage":11,"enemies":"Small Slimes","floor":1,"turns":5},{"damage":0,"enemies":"Cultist","floor":3,"turns":4},{"damage":4,"enemies":"Jaw Worm","floor":5,"turns":5},{"damage":1,"enemies":"2 Fungi Beasts","floor":7,"turns":3},{"damage":30,"enemies":"Gremlin Nob","floor":8,"turns":5},{"damage":22,"enemies":"Exordium Thugs","floor":10,"turns":6},{"damage":12,"enemies":"Large Slime","floor":11,"turns":6}],"seed_played":"-8819089026874623881","neow_bonus_log":{"cardsObtained":[],"cardsUpgraded":[],"cardsRemoved":[],"cardsTransformed":[],"relicsObtained":["MawBank"],"maxHpGained":0,"goldGained":0,"damageTaken":0,"goldLost":0,"maxHpLost":0},"potions_obtained":[{"floor":2,"key":"PowerPotion"},{"floor":7,"key":"Dexterity Potion"},{"floor":10,"key":"EssenceOfSteel"}],"is_trial":false,"path_per_floor":["M","?","M","?","M","R","M","E","T","M","M"],"character_chosen":"THE_SILENT","basemod:card_modifiers":[null,null,null,null,null,null,null,null,null,null,null,null,null,null,null,null,null,null,null],"items_purchased":[],"campfire_rested":0,"item_purchase_floors":[],"current_hp_per_floor":[48,48,48,66,62,62,61,31,31,9,0],"gold":330,"neow_bonus":"RANDOM_COMMON_RELIC","is_prod":false,"is_daily":false,"rewards_skipped":[],"chose_seed":false,"campfire_upgraded":1,"win_rate":0,"floor_exit_playtime":[64,72,115,119,155,161,191,241,244,312],"timestamp":1719016980,"path_taken":["M","?","?","?","M","R","M","E","T","M","M"],"build_version":"2022-12-18","purchased_purges":0,"victory":false,"max_hp_per_floor":[66,66,66,66,66,66,66,66,66,66,66],"relic_stats":{"counters":[7,34],"PreservedInsect":0,"MawBank":132,"Ancient Tea Set":[0],"obtain_stats":[{"PreservedInsect":9,"MawBank":0,"Ancient Tea Set":8,"Ring of the Snake":0},{"PreservedInsect":5,"MawBank":0,"Ancient Tea Set":5,"Ring of the Snake":0},{"PreservedInsect":22,"MawBank":0,"Ancient Tea Set":22,"Ring of the Snake":0}],"Ring of the Snake":[14]},"card_choices":[{"not_picked":["Prepared","Dodge and Roll"],"picked":"Flying Knee","floor":1},{"not_picked":["Quick Slash","Dagger Spray"],"picked":"Sucker Punch","floor":3},{"not_picked":["Flechettes","Deflect"],"picked":"Calculated Gamble","floor":5},{"not_picked":["Quick Slash","Eviscerate"],"picked":"Backflip","floor":7},{"not_picked":["Quick Slash","Skewer"],"picked":"Underhanded Strike","floor":8},{"not_picked":["Blur","Bane"],"picked":"Terror","floor":10}],"player_experience":2559278,"relics_obtained":[{"floor":8,"key":"Ancient Tea Set"},{"floor":9,"key":"PreservedInsect"}],"event_choices":[{"damage_healed":0,"gold_gain":0,"player_choice":"Bought 1 Potion","damage_taken":0,"max_hp_gain":0,"max_hp_loss":0,"event_name":"The Woman in Blue","floor":2,"gold_loss":0},{"damage_healed":22,"gold_gain":0,"player_choice":"Banana","damage_taken":0,"max_hp_gain":0,"max_hp_loss":0,"event_name":"Big Fish","floor":4,"gold_loss":0}],"is_beta":false,"boss_relics":[],"items_purged_floors":[],"is_endless":false,"potions_floor_spawned":[7,10],"killed_by":"Large Slime","ascension_level":20,"potion_discard_per_floor":[[],[],[],[],[],[],[],[],[],[],[]]}