{"neow_bonuses_skipped_log":["THREE_CARDS","THREE_SMALL_POTIONS","BOSS_RELIC"],"neow_costs_skipped_log":["NONE","NONE","NONE"],"potions_obtained_entropic_brew":[[],[],[],[],[],[],[],[],[],[],[],[],[],[],[],[],[],[],[],[],[],[],[],[],[],[],[],[],[],[],[],[],[],[],[],[],[],[],[],[],[],[],[],[],[],[],[],[],[],[],[],[],[],[],[],[],[]],"gold_per_floor":[11,11,31,45,62,62,89,89,89,89,101,112,122,155,155,227,227,245,255,255,255,273,273,72,107,107,32,32,32,58,72,72,144,144,159,184,184,184,194,222,222,547,547,547,162,162,174,194,194,194,194,194,194,13,47,47],"floor_reached":57,"playtime":4973,"items_purged":["Strike_G","Storm of Steel+1","Blade Dance"],"score":2845,"play_id":"1f943b48-fc3f-483e-88fd-a0cb9c1c5fe3","local_time":"20240628220431","falling_options_log":["Terror","After Image"],"score_breakdown":["Floors Climbed (57): 285","Enemies Slain (15): 30","Exordium Elites Killed (2): 20","City Elites Killed (2): 40","Beyond Elites Killed (2): 60","Bosses Slain (5): 750","Well Fed: 25","Champion (3): 75","C-c-c-combo: 25","Ascension (20): 1285","Heartbreaker: 250"],"is_ascension_mode":true,"potions_obtained_alchemize":[[],[],[],[],[],[],[],[],[],[],[],[],[],[],[],[],[],[],[],[],[],[],[],[],[],[],[],[],[],[],[],[],[],[],[],[],[],[],[],[],[],[],[],[],[],[],[],[],[],[],[],[],[],[],[],[],[]],"campfire_choices":[{"data":"Predator","floor":6,"key":"SMITH"},{"data":"Acrobatics","floor":10,"key":"SMITH"},{"data":"Prepared","floor":15,"key":"SMITH"},{"data":"Malaise","floor":23,"key":"SMITH"},{"data":"Well Laid Plans","floor":28,"key":"SMITH"},{"data":"Footwork","floor":32,"key":"SMITH"},{"data":"Acrobatics","floor":44,"key":"SMITH"},{"data":"Tactician","floor":46,"key":"SMITH"},{"floor":49,"key":"RECALL"},{"data":"Calculated Gamble","floor":53,"key":"SMITH"}],"lesson_learned_per_floor":[[],[],[],[],[],[],[],[],[],[],[],[],[],[],[],[],[],[],[],[],[],[],[],[],[],[],[],[],[],[],[],[],[],[],[],[],[],[],[],[],[],[],[],[],[],[],[],[],[],[],[],[],[],[],[],[],[]],"neow_cost":"NO_GOLD","improvable_cards":{},"seed_source_timestamp":1439795566399100,"shop_contents":[{"floor":24,"relics":["Bag of Preparation","The Specimen"],"cards":["Flying Knee+1","Dagger Spray+1","Prepared","Cloak And Dagger","Panacea","Mayhem"],"potions":["LiquidMemories","Weak Potion","PowerPotion"]},{"floor":27,"relics":["Mercury Hourglass","White Beast Statue","ClockworkSouvenir"],"cards":["Riddle With Holes+1","Endless Agony+1","Cloak And Dagger","Distraction","Envenom","Dark Shackles","Secret Weapon"],"potions":["BlessingOfTheForge","Block Potion","BlessingOfTheForge"]},{"floor":45,"relics":["Bottled Tornado","StrikeDummy"],"cards":["Flying Knee+1","Quick Slash+1","Well Laid Plans","Blind","Panache"],"potions":["FearPotion","SkillPotion","CunningPotion"]},{"floor":54,"relics":["Snake Skull","Ginger","PrismaticShard"],"cards":["Bane+1","Heel Hook+1","Escape Plan","Terror","Infinite Blades","Deep Breath","Violence"],"potions":["Fire Potion","Fire Potion"]}],"circlet_count":0,"master_deck":["AscendersBane","Survivor","Neutralize","Underhanded Strike","Backflip","Backflip","Acrobatics+1","Prepared+1","Masterful Stab+1","Malaise+1","Backflip+1","Eviscerate+1","Dagger Throw+1","Concentrate+1","Well Laid Plans+1","Footwork+1","Terror","After Image","Doppelganger","Setup","Bullet Time","Eviscerate+1","Predator+1","Deflect+1","Acrobatics+1","Adrenaline","Acrobatics","Tactician+1","Calculated Gamble+1","Bouncing Flask","Bouncing Flask+1"],"potion_use_per_floor":[[],[],[],[],[],[],[],[],[],[],[],[],[],["AttackPotion"],[],["PowerPotion"],[],[],["Fire Potion"],[],[],[],[],[],["DistilledChaos"],[],[],[],[],[],[],[],["Block Potion","Block Potion"],[],[],[],[],[],[],[],[],["Energy Potion"],[],[],[],[],[],[],[],[],[],[],[],[],["Block Potion"],["Weak Potion"],[]],"relics":["Ring of the Snake","Incense Burner","Paper Crane","InkBottle","Molten Egg 2","Astrolabe","Chemical X","Pocketwatch","Lantern","Strawberry","Pandora\u0027s Box","Mango","Pen Nib","Old Coin","OrangePellets","Art of War"],"potions_floor_usage":[14,16,19,25,33,33,42,55,56],"damage_taken":[{"damage":3,"enemies":"Small Slimes","floor":1,"turns":5},{"damage":1,"enemies":"Jaw Worm","floor":3,"turns":4},{"damage":6,"enemies":"2 Louse","floor":4,"turns":7},{"damage":0,"enemies":"Large Slime","floor":5,"turns":5},{"damage":7,"enemies":"Gremlin Nob","floor":7,"turns":4},{"damage":0,"enemies":"Exordium Wildlife","floor":11,"turns":3},{"damage":1,"enemies":"2 Fungi Beasts","floor":12,"turns":4},{"damage":0,"enemies":"Red Slaver","floor":13,"turns":2},{"damage":1,"enemies":"3 Sentries","floor":14,"turns":5},{"damage":14,"enemies":"The Guardian","floor":16,"turns":12},{"damage":0,"enemies":"Spheric Guardian","floor":18,"turns":4},{"damage":0,"enemies":"3 Byrds","floor":19,"turns":4},{"damage":0,"enemies":"Centurion and Healer","floor":22,"turns":4},{"damage":1,"enemies":"Slavers","floor":25,"turns":7},{"damage":0,"enemies":"Book of Stabbing","floor":30,"turns":5},{"damage":0,"enemies":"Snecko","floor":31,"turns":6},{"damage":15,"enemies":"Champ","floor":33,"turns":13},{"damage":0,"enemies":"3 Darklings","floor":35,"turns":3},{"damage":0,"enemies":"Mind Bloom Boss Battle","floor":36,"turns":4},{"damage":0,"enemies":"3 Shapes","floor":39,"turns":5},{"damage":2,"enemies":"Nemesis","floor":40,"turns":7},{"damage":0,"enemies":"Reptomancer","floor":42,"turns":4},{"damage":0,"enemies":"Spire Growth","floor":47,"turns":4},{"damage":0,"enemies":"Transient","floor":48,"turns":6},{"damage":20,"enemies":"Awakened One","floor":50,"turns":15},{"damage":18,"enemies":"Time Eater","floor":51,"turns":13},{"damage":0,"enemies":"Shield and Spear","floor":55,"turns":7},{"damage":32,"enemies":"The Heart","floor":56,"turns":9}],"green_key_taken_log":30,"seed_played":"-4700618915437520822","neow_bonus_log":{"cardsObtained":[],"cardsUpgraded":[],"cardsRemoved":[],"cardsTransformed":[],"relicsObtained":["Incense Burner"],"maxHpGained":0,"goldGained":0,"damageTaken":0,"goldLost":99,"maxHpLost":0},"potions_obtained":[{"floor":1,"key":"PowerPotion"},{"floor":5,"key":"EssenceOfSteel"},{"floor":13,"key":"AttackPotion"},{"floor":14,"key":"Fire Potion"},{"floor":16,"key":"DistilledChaos"},{"floor":25,"key":"Block Potion"},{"floor":31,"key":"Block Potion"},{"floor":33,"key":"Weak Potion"},{"floor":39,"key":"Energy Potion"}],"is_trial":false,"path_per_floor":["M","?","M","M","M","R","E","?","T","R","M","M","M","E","R","B",null,"M","M","?","?","M","R","$","E","T","$","R","?","E","M","R","B",null,"M","?","?","?","M","E","?","E","T","R","$","R","M","M","R","B","B",null,"R","$","E","B",null],"character_chosen":"THE_SILENT","basemod:card_modifiers":[null,null,null,null,null,null,null,null,null,null,null,null,null,null,null,null,null,null,null,null,null,null,null,null,null,null,null,null,null,null,null],"items_purchased":["Chemical X","Well Laid Plans","Tactician","Calculated Gamble","OrangePellets","Block Potion"],"campfire_rested":0,"item_purchase_floors":[24,24,45,45,45,54],"current_hp_per_floor":[56,56,55,49,49,49,42,42,42,42,42,41,41,40,40,26,56,56,56,56,56,56,56,56,55,55,55,55,55,62,62,62,47,67,67,81,81,81,81,79,79,79,79,79,79,79,79,79,79,59,41,76,76,76,76,44],"gold":47,"neow_bonus":"ONE_RARE_RELIC","is_prod":false,"is_daily":false,"rewards_skipped":[{"floor":7,"relics":[],"potions":["SneckoOil"]},{"floor":40,"relics":[],"potions":["FearPotion"]}],"chose_seed":false,"campfire_upgraded":9,"win_rate":0,"floor_exit_playtime":[65,75,121,191,237,249,288,303,305,313,361,422,469,578,585,784,816,887,982,987,993,1065,1071,1087,1246,1248,1264,1270,1279,1384,1498,1504,1882,1919,2059,2173,2187,2190,2331,2519,2537,2714,2716,2728,2760,2771,2918,3200,3204,3962,4368,4381,4388,4422,4671,4973],"timestamp":1719626671,"blue_key_relic_skipped_log":{"floor":43,"relicID":"Darkstone Periapt"},"path_taken":["M","?","M","M","M","R","E","?","T","R","M","M","M","E","R","BOSS","M","M","?","?","M","R","$","E","T","?","R","?","E","?","R","BOSS","M","?","?","?","?","E","?","E","T","R","?","R","M","M","R","BOSS","BOSS","R","$","E","BOSS"],"build_version":"2022-12-18","purchased_purges":3,"victory":true,"max_hp_per_floor":[66,66,66,66,66,66,66,66,66,66,66,66,66,66,66,66,66,66,66,66,66,66,66,66,66,66,66,66,66,73,73,73,73,73,73,87,87,87,87,87,87,87,87,87,87,87,87,87,87,87,87,87,87,87,87,87],"relic_stats":{"OrangePellets":[4],"counters":[28,171],"Astrolabe":["Backflip","Storm of Steel","Eviscerate"],"Pandora\u0027s Box":["Doppelganger","Setup","Bullet Time","Eviscerate","Predator"],"Pen Nib":[18],"Art of War":[2],"Chemical X":[27],"obtain_stats":[{"Lantern":26,"Astrolabe":17,"Mango":36,"Pen Nib":40,"Incense Burner":0,"Paper Crane":7,"Old Coin":42,"OrangePellets":45,"Strawberry":30,"Molten Egg 2":14,"Pandora\u0027s Box":34,"Art of War":55,"Chemical X":24,"InkBottle":9,"Ring of the Snake":0,"Pocketwatch":25},{"Lantern":14,"Astrolabe":10,"Mango":19,"Pen Nib":21,"Incense Burner":0,"Paper Crane":5,"Old Coin":22,"OrangePellets":22,"Strawberry":15,"Molten Egg 2":9,"Pandora\u0027s Box":17,"Art of War":27,"Chemical X":13,"InkBottle":5,"Ring of the Snake":0,"Pocketwatch":14},{"Lantern":70,"Astrolabe":51,"Mango":101,"Pen Nib":113,"Incense Burner":0,"Paper Crane":25,"Old Coin":117,"OrangePellets":117,"Strawberry":75,"Molten Egg 2":39,"Pandora\u0027s Box":94,"Art of War":162,"Chemical X":63,"InkBottle":25,"Ring of the Snake":0,"Pocketwatch":70}],"InkBottle":[102],"Ring of the Snake":[56],"Pocketwatch":[42]},"card_choices":[{"not_picked":["Eviscerate","Deadly Poison"],"picked":"Underhanded Strike","floor":1},{"not_picked":["Underhanded Strike","Crippling Poison"],"picked":"Predator","floor":3},{"not_picked":["Choke","Quick Slash"],"picked":"Blade Dance","floor":4},{"not_picked":["Night Terror","Prepared"],"picked":"Backflip","floor":5},{"not_picked":["Prepared","Quick Slash"],"picked":"Acrobatics","floor":7},{"not_picked":["Skewer","Dagger Spray","Dodge and Roll"],"picked":"SKIP","floor":11},{"not_picked":["Dagger Spray","Dagger Throw","Flying Knee"],"picked":"SKIP","floor":12},{"not_picked":["Eviscerate","Dodge and Roll"],"picked":"Prepared","floor":13},{"not_picked":["Riddle With Holes+1","Quick Slash+1"],"picked":"Masterful Stab+1","floor":14},{"not_picked":["Doppelganger","Envenom"],"picked":"Malaise","floor":16},{"not_picked":["Underhanded Strike+1","Infinite Blades"],"picked":"Dagger Throw+1","floor":18},{"not_picked":["Bane+1","Slice+1"],"picked":"Concentrate+1","floor":19},{"not_picked":["Predator+1","Poisoned Stab+1","Backflip"],"picked":"SKIP","floor":22},{"not_picked":["Crippling Poison","Concentrate","Dagger Spray+1"],"picked":"SKIP","floor":25},{"not_picked":["Noxious Fumes+1","PiercingWail"],"picked":"Footwork","floor":30},{"not_picked":["Quick Slash+1","Masterful Stab+1"],"picked":"Terror","floor":31},{"not_picked":["Tools of the Trade","A Thousand Cuts"],"picked":"After Image","floor":33},{"not_picked":["Cloak And Dagger","Heel Hook+1"],"picked":"Deflect+1","floor":35},{"not_picked":["Heel Hook+1","Dash+1","Underhanded Strike+1"],"picked":"SKIP","floor":36},{"not_picked":["Flechettes+1","Infinite Blades"],"picked":"Acrobatics","floor":39},{"not_picked":["Quick Slash+1","Setup","Noxious Fumes"],"picked":"SKIP","floor":40},{"not_picked":["Blade Dance","Infinite Blades+1"],"picked":"Acrobatics","floor":42},{"not_picked":["Blade Dance","Terror+1","Underhanded Strike+1"],"picked":"SKIP","floor":47},{"not_picked":["Dagger Throw+1","Terror"],"picked":"Bouncing Flask","floor":48},{"not_picked":["Poisoned Stab+1","Backflip"],"picked":"Bouncing Flask+1","floor":55}],"player_experience":2571891,"relics_obtained":[{"floor":7,"key":"Paper Crane"},{"floor":9,"key":"InkBottle"},{"floor":14,"key":"Molten Egg 2"},{"floor":25,"key":"Pocketwatch"},{"floor":26,"key":"Lantern"},{"floor":30,"key":"Strawberry"},{"floor":36,"key":"Mango"},{"floor":40,"key":"Pen Nib"},{"floor":42,"key":"Old Coin"},{"floor":55,"key":"Art of War"}],"event_choices":[{"damage_healed":0,"gold_gain":0,"cards_transformed":["Defend_G"],"player_choice":"Change","damage_taken":0,"max_hp_gain":0,"max_hp_loss":0,"event_name":"Living Wall","floor":2,"gold_loss":0,"cards_obtained":["Backflip"]},{"damage_healed":0,"gold_gain":0,"player_choice":"Searched \u00270\u0027 times","damage_taken":0,"max_hp_gain":0,"max_hp_loss":0,"event_name":"Dead Adventurer","floor":8,"gold_loss":0},{"damage_healed":0,"gold_gain":0,"player_choice":"Ignored","damage_taken":0,"max_hp_gain":0,"max_hp_loss":0,"event_name":"Cursed Tome","floor":20,"gold_loss":0},{"damage_healed":0,"gold_gain":0,"player_choice":"Ignored","damage_taken":0,"max_hp_gain":0,"max_hp_loss":0,"event_name":"Vampires","floor":21,"gold_loss":0},{"damage_healed":0,"gold_gain":0,"player_choice":"Ignored","damage_taken":0,"max_hp_gain":0,"max_hp_loss":0,"event_name":"N\u0027loth","floor":29,"gold_loss":0},{"damage_healed":0,"gold_gain":0,"player_choice":"Fight","damage_taken":0,"max_hp_gain":0,"max_hp_loss":0,"event_name":"MindBloom","floor":36,"gold_loss":0},{"cards_removed":["Predator"],"damage_healed":0,"gold_gain":0,"player_choice":"Removed Attack","damage_taken":0,"max_hp_gain":0,"max_hp_loss":0,"event_name":"Falling","floor":37,"gold_loss":0},{"damage_healed":0,"gold_gain":0,"player_choice":"Ignored","damage_taken":0,"max_hp_gain":0,"max_hp_loss":0,"event_name":"Tomb of Lord Red Mask","floor":38,"gold_loss":0},{"damage_healed":0,"gold_gain":0,"player_choice":"1 cards matched","damage_taken":0,"max_hp_gain":0,"max_hp_loss":0,"event_name":"Match and Keep!","floor":41,"gold_loss":0,"cards_obtained":["Adrenaline"]}],"is_beta":false,"boss_relics":[{"not_picked":["Snecko Eye","Coffee Dripper"],"picked":"Astrolabe"},{"not_picked":["SacredBark","Ring of the Serpent"],"picked":"Pandora\u0027s Box"}],"items_purged_floors":[27,45,54],"is_endless":false,"potions_floor_spawned":[1,5,7,13,14,16,25,31,33,39,40],"ascension_level":20,"potion_discard_per_floor":[[],[],[],[],[],[],[],[],[],[],[],[],["EssenceOfSteel"],[],[],[],[],[],[],[],[],[],[],[],[],[],[],[],[],[],[],[],[],[],[],[],[],[],[],[],[],[],[],[],[],[],[],[],[],[],[],[],[],[],[],[],[]]}