{"neow_bonuses_skipped_log":["RANDOM_COLORLESS","THREE_ENEMY_KILL","TWO_FIFTY_GOLD"],"neow_costs_skipped_log":["NONE","NONE","PERCENT_DAMAGE"],"potions_obtained_entropic_brew":[[],[],[],[],[],[],[],[],[],[],[],[],[],[],[],[],[],[],[],[],[],[],[],[],[],[],[],[],[],[],[],[],[],[],[],[],[],[],[],[],[],[],[],[],[],[],[],[],[],[],[],[],[],[],[],[]],"gold_per_floor":[113,113,127,147,157,157,176,176,176,210,45,62,12,29,29,103,103,117,167,184,204,204,204,233,243,243,243,272,287,52,86,86,165,165,178,78,90,90,90,90,115,115,138,151,151,108,139,139,139,139,139,139,139,11,37,37],"floor_reached":56,"playtime":3210,"items_purged":["Sucker Punch","Sucker Punch"],"score":2430,"play_id":"24b5e570-7a14-42b7-882d-03aac576207c","local_time":"20240626165920","score_breakdown":["Floors Climbed (56): 280","Enemies Slain (15): 30","Exordium Elites Killed (1): 10","City Elites Killed (3): 60","Beyond Elites Killed (2): 60","Bosses Slain (4): 500","Champion (1): 25","Beyond Perfect: 200","Overkill: 25","C-c-c-combo: 25","Ascension (20): 1215"],"is_ascension_mode":true,"potions_obtained_alchemize":[[],[],[],[],[],[],[],[],[],[],[],[],[],[],[],[],[],[],[],[],[],[],[],[],[],[],[],[],[],[],[],[],[],[],[],[],[],[],[],[],[],[],[],[],[],[],[],[],[],[],[],[],[],[],[],[]],"campfire_choices":[{"data":"Wraith Form v2","floor":6.0,"key":"SMITH"},{"data":"Acrobatics","floor":8.0,"key":"SMITH"},{"data":"Noxious Fumes","floor":15.0,"key":"SMITH"},{"floor":23.0,"key":"REST"},{"floor":27.0,"key":"REST"},{"floor":32.0,"key":"DIG"},{"floor":40.0,"key":"DIG"},{"floor":42.0,"key":"DIG"},{"floor":45.0,"key":"DIG"},{"floor":49.0,"key":"RECALL"},{"floor":53.0,"key":"DIG"}],"lesson_learned_per_floor":[[],[],[],[],[],[],[],[],[],[],[],[],[],[],[],[],[],[],[],[],[],[],[],[],[],[],[],[],[],[],[],[],[],[],[],[],[],[],[],[],[],[],[],[],[],[],[],[],[],[],[],[],[],[],[],[]],"neow_cost":"NONE","improvable_cards":{},"seed_source_timestamp":1250432442143400,"shop_contents":[{"floor":11,"relics":["Meat on the Bone","Paper Crane","PrismaticShard"],"cards":["Poisoned Stab","Bane","Burst","Dramatic Entrance","Secret Technique"],"potions":["DistilledChaos","DuplicationPotion","AttackPotion"]},{"floor":30,"relics":["Lantern","Pen Nib"],"cards":["Underhanded Strike","Dagger Spray","Venomology","Backflip","Infinite Blades","Mind Blast","Magnetism"],"potions":["Weak Potion","SmokeBomb","Ancient Potion"]},{"floor":36,"relics":["Bronze Scales","Happy Flower","Medical Kit"],"cards":["Dagger Spray","Heel Hook","Blade Dance","Dodge and Roll","Caltrops","Bandage Up","Magnetism"],"potions":["GamblersBrew","CunningPotion","Regen Potion"]},{"floor":39,"relics":["Centennial Puzzle","Ancient Tea Set","TheAbacus"],"cards":["Predator","Dash","Escape Plan","Bouncing Flask","Caltrops","Finesse","Chrysalis"],"potions":["GamblersBrew","ColorlessPotion","Energy Potion"]},{"floor":46,"relics":["Ornamental Fan","Mango","Sling"],"cards":["Masterful Stab","Dagger Throw","PiercingWail","Blade Dance","Flash of Steel","Secret Technique"],"potions":["SpeedPotion","SmokeBomb","FairyPotion"]},{"floor":54,"relics":["Du-Vu Doll","Nunchaku","Lee\u0027s Waffle"],"cards":["Unload","Dagger Spray","Expertise","Leg Sweep","Accuracy","Panacea","Transmutation"],"potions":["AttackPotion","Fire Potion","Energy Potion"]}],"circlet_count":0,"master_deck":["AscendersBane","Survivor","Neutralize","Wraith Form v2+1","All Out Attack","Doppelganger","Riddle With Holes","Deflect","After Image","Leg Sweep","Blade Dance","Dodge and Roll","Corpse Explosion","Acrobatics+1","Crippling Poison","Doppelganger","Noxious Fumes+1","Calculated Gamble","Backflip","Adrenaline","Escape Plan","Blade Dance+1","Reflex","Outmaneuver+1","Bouncing Flask+1","Wraith Form v2","Master of Strategy","Impatience","Acrobatics+1","Footwork","Dodge and Roll+1","Accuracy","Noxious Fumes"],"special_seed":0,"potion_use_per_floor":[[],[],[],[],[],[],[],[],[],[],[],[],[],[],[],["Dexterity Potion"],[],[],[],[],[],[],[],[],[],[],[],["Swift Potion"],[],[],["GamblersBrew"],[],["ColorlessPotion"],[],[],[],[],[],[],[],[],[],[],[],[],[],[],[],[],[],[],[],[],[],[],["Swift Potion","GhostInAJar"]],"relics":["Pandora\u0027s Box","Anchor","Akabeko","StrikeDummy","Fusion Hammer","Shovel","Turnip","Boot","OrangePellets","Eternal Feather","HornCleat","Coffee Dripper","White Beast Statue","Oddly Smooth Stone","Girya","Tough Bandages","Kunai","The Courier","Bottled Lightning","Blood Vial"],"potions_floor_usage":[56,56],"damage_taken":[{"damage":0.0,"enemies":"Small Slimes","floor":1.0,"turns":3.0},{"damage":0.0,"enemies":"Cultist","floor":3.0,"turns":3.0},{"damage":8.0,"enemies":"Jaw Worm","floor":4.0,"turns":3.0},{"damage":3.0,"enemies":"Lots of Slimes","floor":5.0,"turns":3.0},{"damage":4.0,"enemies":"3 Louse","floor":7.0,"turns":3.0},{"damage":19.0,"enemies":"3 Sentries","floor":10.0,"turns":10.0},{"damage":0.0,"enemies":"2 Fungi Beasts","floor":12.0,"turns":2.0},{"damage":2.0,"enemies":"Exordium Wildlife","floor":14.0,"turns":3.0},{"damage":14.0,"enemies":"The Guardian","floor":16.0,"turns":10.0},{"damage":6.0,"enemies":"2 Thieves","floor":18.0,"turns":3.0},{"damage":0.0,"enemies":"3 Byrds","floor":20.0,"turns":2.0},{"damage":0.0,"enemies":"Shelled Parasite and Fungi","floor":21.0,"turns":3.0},{"damage":9.0,"enemies":"Book of Stabbing","floor":24.0,"turns":7.0},{"damage":18.0,"enemies":"Chosen and Byrds","floor":25.0,"turns":5.0},{"damage":6.0,"enemies":"Slavers","floor":28.0,"turns":2.0},{"damage":8.0,"enemies":"3 Cultists","floor":29.0,"turns":4.0},{"damage":7.0,"enemies":"Gremlin Leader","floor":31.0,"turns":5.0},{"damage":0.0,"enemies":"Champ","floor":33.0,"turns":11.0},{"damage":0.0,"enemies":"3 Darklings","floor":35.0,"turns":2.0},{"damage":0.0,"enemies":"3 Shapes","floor":37.0,"turns":3.0},{"damage":0.0,"enemies":"Giant Head","floor":41.0,"turns":8.0},{"damage":0.0,"enemies":"Maw","floor":44.0,"turns":6.0},{"damage":5.0,"enemies":"Nemesis","floor":47.0,"turns":7.0},{"damage":0.0,"enemies":"Time Eater","floor":50.0,"turns":18.0},{"damage":0.0,"enemies":"Donu and Deca","floor":51.0,"turns":10.0},{"damage":12.0,"enemies":"Shield and Spear","floor":55.0,"turns":7.0},{"damage":56,"enemies":"The Heart","floor":56,"turns":8}],"green_key_taken_log":41,"seed_played":"-7182540975239741840","neow_bonus_log":{"cardsObtained":[],"cardsUpgraded":[],"cardsRemoved":[],"cardsTransformed":[],"relicsObtained":["Pandora\u0027s Box"],"maxHpGained":0,"goldGained":0,"damageTaken":0,"goldLost":0,"maxHpLost":0},"potions_obtained":[{"floor":4.0,"key":"Dexterity Potion"},{"floor":10.0,"key":"GamblersBrew"},{"floor":16.0,"key":"Weak Potion"},{"floor":18.0,"key":"Swift Potion"},{"floor":28.0,"key":"Block Potion"},{"floor":31.0,"key":"ColorlessPotion"},{"floor":37.0,"key":"Regen Potion"},{"floor":41.0,"key":"Swift Potion"},{"floor":55.0,"key":"GhostInAJar"}],"is_trial":false,"path_per_floor":["M","?","M","M","M","R","M","R","T","E","$","M","?","M","R","B",null,"M","?","M","M","?","R","E","M","T","R","E","M","$","E","R","B",null,"M","$","M","?","$","R","E","R","T","M","R","$","E","T","R","B","B",null,"R","$","E","B"],"character_chosen":"THE_SILENT","basemod:card_modifiers":[null,null,null,null,null,null,null,null,null,null,null,null,null,null,null,null,null,null,null,null,null,null,null,null,null,null,null,null,null,null,null,null,null],"items_purchased":["Noxious Fumes","Calculated Gamble","OrangePellets","Footwork","Accuracy","Noxious Fumes"],"campfire_rested":2,"item_purchase_floors":[11,11,30,46,54,54],"current_hp_per_floor":[59,59,59,51,48,48,44,44,44,25,25,25,25,23,23,9,52,46,46,46,46,42,61,52,34,34,53,47,39,39,32,47,47,61,61,61,61,51,51,66,66,66,66,66,66,66,61,61,66,66,66,66,66,66,54,0],"gold":37,"neow_bonus":"BOSS_RELIC","is_prod":false,"is_daily":false,"rewards_skipped":[{"floor":12,"relics":[],"potions":["Weak Potion"]},{"floor":20,"relics":[],"potions":["FearPotion"]},{"floor":21,"relics":[],"potions":["GamblersBrew"]},{"floor":44,"relics":[],"potions":["Strength Potion"]},{"floor":47,"relics":[],"potions":["SmokeBomb"]}],"chose_seed":false,"campfire_upgraded":3,"win_rate":0,"floor_exit_playtime":[55,72,114,156,229,241,351,358,361,478,498,523,528,568,577,693,713,771,774,812,870,873,876,980,1070,1074,1078,1189,1250,1268,1382,1385,1614,1634,1695,1732,1799,1833,1849,1857,2035,2041,2050,2165,2169,2176,2292,2294,2297,2629,2846,2857,2875,2900,3048],"timestamp":1719435560,"blue_key_relic_skipped_log":{"floor":43,"relicID":"War Paint"},"path_taken":["M","?","M","?","M","R","M","R","T","E","$","M","?","?","R","BOSS","M","?","?","M","?","R","E","M","T","R","E","M","$","E","R","BOSS","M","?","?","?","$","R","E","R","T","M","R","$","E","?","R","BOSS","BOSS","R","$","E","BOSS"],"build_version":"2022-12-18","purchased_purges":2,"victory":false,"max_hp_per_floor":[66,66,66,66,66,66,66,66,66,66,66,66,66,66,66,66,66,66,66,66,66,66,66,66,66,66,66,66,66,66,66,66,66,66,66,66,66,66,66,66,66,66,66,66,66,66,66,66,66,66,66,66,66,66,66,66],"relic_stats":{"Girya":0,"counters":[27,151],"Eternal Feather":35,"The Courier":33,"Boot":[301],"White Beast Statue":[0.0,0.0,0.0,0.4,0.0,0.6000000000000001,0.0,0.0,0.0,0.0,0.0,1.6560000000000001],"Blood Vial":2,"OrangePellets":[25],"Tough Bandages":[153],"Shovel":5,"Pandora\u0027s Box":["Wraith Form v2","Bullet Time","All Out Attack","Sucker Punch","Doppelganger","Riddle With Holes","Deflect","After Image","Leg Sweep","Sucker Punch"],"Turnip":[15],"Kunai":[21],"Bottled Lightning":"Master of Strategy","obtain_stats":[{"Girya":42,"Oddly Smooth Stone":41,"Eternal Feather":31,"The Courier":48,"Boot":28,"Akabeko":10,"White Beast Statue":40,"Blood Vial":55,"OrangePellets":30,"Anchor":9,"Tough Bandages":45,"Shovel":24,"HornCleat":32,"Pandora\u0027s Box":0,"Fusion Hammer":17,"Turnip":26,"Coffee Dripper":34,"Kunai":47,"Bottled Lightning":53,"StrikeDummy":13,"Ring of the Snake":0},{"Girya":21,"Oddly Smooth Stone":21,"Eternal Feather":17,"The Courier":23,"Boot":15,"Akabeko":6,"White Beast Statue":20,"Blood Vial":26,"OrangePellets":16,"Anchor":5,"Tough Bandages":22,"Shovel":13,"HornCleat":17,"Pandora\u0027s Box":0,"Fusion Hammer":9,"Turnip":14,"Coffee Dripper":18,"Kunai":23,"Bottled Lightning":25,"StrikeDummy":7,"Ring of the Snake":0},{"Girya":95,"Oddly Smooth Stone":95,"Eternal Feather":71,"The Courier":108,"Boot":62,"Akabeko":25,"White Beast Statue":87,"Blood Vial":143,"OrangePellets":66,"Anchor":15,"Tough Bandages":101,"Shovel":55,"HornCleat":71,"Pandora\u0027s Box":0,"Fusion Hammer":40,"Turnip":60,"Coffee Dripper":82,"Kunai":108,"Bottled Lightning":136,"StrikeDummy":27,"Ring of the Snake":0}]},"card_choices":[{"not_picked":["Prepared","Dodge and Roll"],"picked":"Blade Dance","floor":1.0},{"not_picked":["Prepared","Poisoned Stab"],"picked":"Dodge and Roll","floor":3.0},{"not_picked":["Backflip","Quick Slash"],"picked":"Corpse Explosion","floor":4.0},{"not_picked":["Accuracy","Quick Slash"],"picked":"Acrobatics","floor":5.0},{"not_picked":["Concentrate","Dodge and Roll"],"picked":"Crippling Poison","floor":7.0},{"not_picked":["Dagger Spray","Outmaneuver"],"picked":"Doppelganger","floor":10.0},{"not_picked":["Heel Hook","Outmaneuver"],"picked":"Backflip","floor":12.0},{"not_picked":["Cloak And Dagger","Distraction"],"picked":"Adrenaline","floor":14.0},{"not_picked":["A Thousand Cuts","Doppelganger","Grand Finale"],"picked":"SKIP","floor":16.0},{"not_picked":["Eviscerate","Concentrate"],"picked":"Escape Plan","floor":18.0},{"not_picked":["Infinite Blades","Quick Slash"],"picked":"Blade Dance+1","floor":20.0},{"not_picked":["Deflect","Sucker Punch","Bouncing Flask"],"picked":"SKIP","floor":21.0},{"not_picked":["Backstab","Envenom","Caltrops"],"picked":"SKIP","floor":24.0},{"not_picked":["Flying Knee+1","Endless Agony"],"picked":"Reflex","floor":25.0},{"not_picked":["Flechettes","Sucker Punch","Blade Dance"],"picked":"SKIP","floor":28.0},{"not_picked":["Dagger Spray","Poisoned Stab"],"picked":"Outmaneuver+1","floor":29.0},{"not_picked":["Slice","Infinite Blades"],"picked":"Bouncing Flask+1","floor":31.0},{"not_picked":["After Image","Doppelganger"],"picked":"Wraith Form v2","floor":33.0},{"not_picked":["Outmaneuver","Slice+1","Noxious Fumes"],"picked":"SKIP","floor":35.0},{"not_picked":["Bane","Underhanded Strike","Dagger Throw"],"picked":"SKIP","floor":37.0},{"not_picked":["Metamorphosis","Good Instincts"],"picked":"Master of Strategy","floor":38.0},{"not_picked":["Chrysalis","Panacea"],"picked":"Impatience","floor":38.0},{"not_picked":["Dramatic Entrance","Secret Weapon","Magnetism"],"picked":"SKIP","floor":38.0},{"not_picked":["Underhanded Strike+1","Deflect","Bouncing Flask+1"],"picked":"SKIP","floor":41.0},{"not_picked":["Cloak And Dagger","Flying Knee"],"picked":"Acrobatics+1","floor":44.0},{"not_picked":["Heel Hook","Cloak And Dagger"],"picked":"Dodge and Roll+1","floor":47.0},{"not_picked":["Deflect","Deadly Poison+1","Flechettes"],"picked":"SKIP","floor":55.0}],"player_experience":2561884,"relics_obtained":[{"floor":9.0,"key":"Anchor"},{"floor":10.0,"key":"Akabeko"},{"floor":24.0,"key":"Shovel"},{"floor":26.0,"key":"Turnip"},{"floor":28.0,"key":"Boot"},{"floor":31.0,"key":"Eternal Feather"},{"floor":32.0,"key":"HornCleat"},{"floor":40.0,"key":"White Beast Statue"},{"floor":41.0,"key":"Oddly Smooth Stone"},{"floor":42.0,"key":"Girya"},{"floor":45.0,"key":"Tough Bandages"},{"floor":47.0,"key":"Kunai"},{"floor":48.0,"key":"The Courier"},{"floor":53.0,"key":"Bottled Lightning"},{"floor":55.0,"key":"Blood Vial"}],"event_choices":[{"cards_removed":["Bullet Time"],"damage_healed":0.0,"max_hp_gain":0.0,"max_hp_loss":0.0,"gold_gain":0.0,"event_name":"Purifier","player_choice":"Purged","floor":2.0,"gold_loss":0.0,"damage_taken":0.0},{"damage_healed":0.0,"max_hp_gain":0.0,"max_hp_loss":0.0,"gold_gain":0.0,"event_name":"WeMeetAgain","player_choice":"Paid Gold","floor":13.0,"gold_loss":50.0,"damage_taken":0.0,"relics_obtained":["StrikeDummy"]},{"damage_healed":0.0,"max_hp_gain":0.0,"max_hp_loss":0.0,"gold_gain":50.0,"event_name":"Golden Shrine","player_choice":"Pray","floor":19.0,"gold_loss":0.0,"damage_taken":0.0},{"damage_healed":0.0,"max_hp_gain":0.0,"max_hp_loss":0.0,"gold_gain":0.0,"event_name":"The Woman in Blue","player_choice":"Bought 0 Potions","floor":22.0,"gold_loss":0.0,"damage_taken":0.0},{"damage_healed":0.0,"max_hp_gain":0.0,"max_hp_loss":0.0,"gold_gain":0.0,"event_name":"SensoryStone","player_choice":"Memory 3","floor":38.0,"gold_loss":0.0,"damage_taken":10.0}],"is_beta":false,"boss_relics":[{"not_picked":["SacredBark","Velvet Choker"],"picked":"Fusion Hammer"},{"not_picked":["Empty Cage","Philosopher\u0027s Stone"],"picked":"Coffee Dripper"}],"items_purged_floors":[30,36],"is_endless":false,"potions_floor_spawned":[4,10,12,16,18,20,21,28,31,37,41,44,47,55],"killed_by":"The Heart","ascension_level":20,"potion_discard_per_floor":[[],[],[],[],[],[],[],[],[],[],[],[],[],[],[],[],[],["Weak Potion"],[],[],[],[],[],[],[],[],[],[],[],[],[],[],[],[],[],[],[],[],[],[],["Regen Potion"],[],[],[],[],[],[],[],[],[],[],[],[],[],["Block Potion"],[]]}