{"neow_bonuses_skipped_log":["TEN_PERCENT_HP_BONUS","TRANSFORM_TWO_CARDS","BOSS_RELIC"],"potions_obtained_entropic_brew":[[],[],[],[],[],[],[],[],[],[],[],[],[],[],[],[],[],[],[],[],[],[],[],[]],"neow_costs_skipped_log":["NONE","NO_GOLD","NONE"],"gold_per_floor":[118,138,188,207,217,217,43,73,98,110,154,130,159,190,202,286,298,321,308,2,2,2,2,2],"floor_reached":24,"playtime":836,"items_purged":[],"score":412,"play_id":"4f5f9710-930d-4367-ae17-c8dc3c12caea","local_time":"20240621205717","score_breakdown":["Floors Climbed (24): 120","Enemies Slain (8): 16","Exordium Elites Killed (2): 20","City Elites Killed (0): 0","Bosses Slain (1): 50","Ascension (20): 206"],"is_ascension_mode":true,"potions_obtained_alchemize":[[],[],[],[],[],[],[],[],[],[],[],[],[],[],[],[],[],[],[],[],[],[],[],[]],"campfire_choices":[{"data":"Dash","floor":6.0,"key":"SMITH"},{"data":"Catalyst","floor":10.0,"key":"SMITH"},{"data":"Footwork","floor":15,"key":"SMITH"},{"floor":23,"key":"REST"}],"lesson_learned_per_floor":[[],[],[],[],[],[],[],[],[],[],[],[],[],[],[],[],[],[],[],[],[],[],[],[]],"neow_cost":"NONE","improvable_cards":{},"seed_source_timestamp":835102068410100,"shop_contents":[{"floor":7,"relics":["Orichalcum","Anchor","Orrery"],"cards":["Unload","Bane","Accuracy","Finesse","Magnetism"],"potions":["DuplicationPotion","Block Potion","AttackPotion"]},{"floor":20,"relics":["Girya","Strawberry"],"cards":["Underhanded Strike","Eviscerate","Dodge and Roll","Purity","Secret Weapon"],"potions":["EntropicBrew","GhostInAJar","Dexterity Potion"]}],"circlet_count":0,"master_deck":["AscendersBane","Survivor","Neutralize","Dash+1","Poisoned Stab","Calculated Gamble+1","Cloak And Dagger","Bouncing Flask","Catalyst+1","Bouncing Flask","Footwork+1","Dodge and Roll","Backflip","Burst","Envenom","Deadly Poison","Unload","Underhanded Strike","Glass Knife","Calculated Gamble","Flechettes","Catalyst","Backstab","PiercingWail","Well Laid Plans","Leg Sweep","Tactician"],"special_seed":0,"potion_use_per_floor":[[],[],[],[],[],[],[],[],[],[],["CunningPotion","LiquidMemories"],[],[],[],[],["FairyPotion"],[],[],[],[],[],[],[],[]],"relics":["Ring of the Snake","Regal Pillow","MawBank","War Paint","Pandora\u0027s Box","OrangePellets"],"potions_floor_usage":[],"damage_taken":[{"damage":1.0,"enemies":"2 Louse","floor":1.0,"turns":3.0},{"damage":0.0,"enemies":"Cultist","floor":2.0,"turns":4.0},{"damage":3.0,"enemies":"Small Slimes","floor":4.0,"turns":4.0},{"damage":11.0,"enemies":"Exordium Wildlife","floor":5.0,"turns":6.0},{"damage":8.0,"enemies":"Lagavulin","floor":8.0,"turns":5.0},{"damage":19.0,"enemies":"3 Sentries","floor":11.0,"turns":7.0},{"damage":0,"enemies":"3 Louse","floor":13,"turns":3},{"damage":4,"enemies":"Looter","floor":14,"turns":3},{"damage":27,"enemies":"The Guardian","floor":16,"turns":7},{"damage":24,"enemies":"3 Byrds","floor":18,"turns":5},{"damage":3,"enemies":"2 Thieves","floor":19,"turns":4},{"damage":50,"enemies":"Book of Stabbing","floor":24,"turns":4}],"seed_played":"-6984809592987215792","neow_bonus_log":{"cardsObtained":[],"cardsUpgraded":[],"cardsRemoved":["Defend_G"],"cardsTransformed":[],"relicsObtained":[],"maxHpGained":0,"goldGained":0,"damageTaken":0,"goldLost":0,"maxHpLost":0},"potions_obtained":[{"floor":4.0,"key":"CunningPotion"},{"floor":5.0,"key":"ColorlessPotion"},{"floor":8.0,"key":"LiquidMemories"},{"floor":11.0,"key":"FairyPotion"},{"floor":14,"key":"Ancient Potion"}],"is_trial":false,"path_per_floor":["M","M","?","M","M","R","$","E","T","R","E","?","M","M","R","B",null,"M","M","$","?","?","R","E"],"character_chosen":"THE_SILENT","basemod:card_modifiers":[null,null,null,null,null,null,null,null,null,null,null,null,null,null,null,null,null,null,null,null,null,null,null,null,null,null,null],"items_purchased":["Bouncing Flask","Catalyst","OrangePellets","Well Laid Plans","Leg Sweep"],"campfire_rested":1,"item_purchase_floors":[7,7,20,20,20],"current_hp_per_floor":[58,58,58,55,44,44,44,36,36,36,17,17,17,13,13,19,54,30,27,27,9,9,45,0],"gold":2,"neow_bonus":"REMOVE_CARD","is_prod":false,"is_daily":false,"rewards_skipped":[],"chose_seed":false,"campfire_upgraded":3,"win_rate":0,"floor_exit_playtime":[44,74,81,115,170,176,189,239,241,249,345,349,398,435,445,516,554,676,741,758,763,775,777],"timestamp":1719017837,"path_taken":["M","M","?","?","M","R","$","E","T","R","E","?","M","M","R","BOSS","M","M","$","?","?","R","E"],"build_version":"2022-12-18","purchased_purges":0,"victory":false,"max_hp_per_floor":[66,66,66,66,66,66,66,66,66,66,66,66,66,66,66,66,66,66,66,66,71,71,71,71],"relic_stats":{"OrangePellets":[0],"Regal Pillow":15,"counters":[12,55],"Pandora\u0027s Box":["Envenom","Deadly Poison","Unload","Underhanded Strike","Glass Knife","Calculated Gamble","Flechettes","Catalyst","Backstab"],"War Paint":["Calculated Gamble","Defend_G"],"MawBank":132,"obtain_stats":[{"OrangePellets":20,"Regal Pillow":8,"Pandora\u0027s Box":17,"War Paint":11,"MawBank":9,"Ring of the Snake":0},{"OrangePellets":11,"Regal Pillow":5,"Pandora\u0027s Box":9,"War Paint":6,"MawBank":5,"Ring of the Snake":0},{"OrangePellets":51,"Regal Pillow":22,"Pandora\u0027s Box":42,"War Paint":29,"MawBank":22,"Ring of the Snake":0}],"Ring of the Snake":[24]},"card_choices":[{"not_picked":["Quick Slash","Bane"],"picked":"Dash","floor":1.0},{"not_picked":["Masterful Stab","Slice"],"picked":"Poisoned Stab","floor":2.0},{"not_picked":["Setup","Flechettes"],"picked":"Calculated Gamble","floor":4.0},{"not_picked":["Acrobatics","Outmaneuver"],"picked":"Cloak And Dagger","floor":5.0},{"not_picked":["Dodge and Roll","Infinite Blades"],"picked":"Bouncing Flask","floor":8.0},{"not_picked":["Underhanded Strike","Tools of the Trade"],"picked":"Footwork","floor":11.0},{"not_picked":["Deflect","Underhanded Strike"],"picked":"Dodge and Roll","floor":13},{"not_picked":["Underhanded Strike","Flying Knee"],"picked":"Backflip","floor":14},{"not_picked":["Doppelganger","Night Terror"],"picked":"Burst","floor":16},{"not_picked":["Predator","Calculated Gamble"],"picked":"PiercingWail","floor":18},{"not_picked":["Flying Knee","PiercingWail","Outmaneuver"],"picked":"SKIP","floor":19},{"not_picked":["Flying Knee","Setup","Leg Sweep","Riddle With Holes","Deflect","Acrobatics","Deadly Poison","Bouncing Flask","Crippling Poison","Concentrate","Calculated Gamble","Underhanded Strike","Quick Slash","Dagger Spray","Cloak And Dagger","PiercingWail","Accuracy","Masterful Stab","Outmaneuver"],"picked":"Tactician","floor":22}],"player_experience":2559652,"relics_obtained":[{"floor":8.0,"key":"Regal Pillow"},{"floor":9.0,"key":"MawBank"},{"floor":11.0,"key":"War Paint"}],"event_choices":[{"damage_healed":0.0,"max_hp_gain":0.0,"max_hp_loss":0.0,"gold_gain":50.0,"event_name":"Golden Shrine","player_choice":"Pray","floor":3.0,"gold_loss":0.0,"damage_taken":0.0},{"damage_healed":0.0,"max_hp_gain":0.0,"max_hp_loss":0.0,"gold_gain":0.0,"event_name":"World of Goop","player_choice":"Left Gold","floor":12.0,"gold_loss":36.0,"damage_taken":0.0},{"damage_healed":0,"gold_gain":0,"player_choice":"Shed Blood","damage_taken":23,"max_hp_gain":5,"max_hp_loss":0,"event_name":"Forgotten Altar","floor":21,"gold_loss":0},{"damage_healed":0,"gold_gain":0,"player_choice":"Read","damage_taken":0,"max_hp_gain":0,"max_hp_loss":0,"event_name":"The Library","floor":22,"gold_loss":0,"cards_obtained":["Tactician"]}],"is_beta":false,"boss_relics":[{"not_picked":["Calling Bell","Ectoplasm"],"picked":"Pandora\u0027s Box"}],"items_purged_floors":[],"is_endless":false,"potions_floor_spawned":[4,5,8,11,14],"killed_by":"Book of Stabbing","ascension_level":20,"potion_discard_per_floor":[[],[],[],[],[],[],[],["ColorlessPotion"],[],[],[],[],[],[],[],[],[],[],[],[],[],[],[],[]]}