{"neow_bonuses_skipped_log":["ONE_RANDOM_RARE_CARD","TRANSFORM_TWO_CARDS","BOSS_RELIC"],"potions_obtained_entropic_brew":[[],[],[],[],[],[],[],[],[],[],[],[],[],[]],"neow_costs_skipped_log":["NONE","CURSE","NONE"],"gold_per_floor":[117,39,51,51,70,98,98,14,14,14,27,27,54,34],"floor_reached":14,"playtime":342,"items_purged":[],"score":196,"play_id":"10c919ca-395f-4c60-aa9e-af2e4122cc16","local_time":"20240621212306","score_breakdown":["Floors Climbed (14): 70","Enemies Slain (4): 8","Exordium Elites Killed (2): 20","Bosses Slain (0): 0","Ascension (20): 98"],"is_ascension_mode":true,"potions_obtained_alchemize":[[],[],[],[],[],[],[],[],[],[],[],[],[],[]],"campfire_choices":[{"data":"Blade Dance","floor":7,"key":"SMITH"},{"data":"Noxious Fumes","floor":10,"key":"SMITH"},{"data":"Wraith Form v2","floor":12,"key":"SMITH"}],"lesson_learned_per_floor":[[],[],[],[],[],[],[],[],[],[],[],[],[],[]],"neow_cost":"NONE","improvable_cards":{},"seed_source_timestamp":837158049798800,"shop_contents":[{"floor":4,"relics":["Ornamental Fan","Molten Egg 2","Orrery"],"cards":["Slice","Riddle With Holes","Dodge and Roll","Deflect","Noxious Fumes","Impatience","Metamorphosis"],"potions":["Explosive Potion","FearPotion","SneckoOil"]},{"floor":8,"relics":["Toxic Egg 2","Boot","TheAbacus"],"cards":["Endless Agony","Sucker Punch","Terror","Blur","PanicButton","Transmutation"],"potions":["Dexterity Potion","DuplicationPotion","Ancient Potion"]}],"circlet_count":0,"master_deck":["AscendersBane","Strike_G","Strike_G","Strike_G","Strike_G","Strike_G","Defend_G","Defend_G","Defend_G","Defend_G","Defend_G","Survivor","Neutralize","Blade Dance+1","Endless Agony","Caltrops","Noxious Fumes+1","Wraith Form v2+1","Venomology"],"potion_use_per_floor":[[],[],[],[],[],["PowerPotion"],[],[],[],[],[],[],["EssenceOfSteel"],[]],"relics":["Ring of the Snake","MealTicket","Mango","Darkstone Periapt","Calipers","Lantern"],"potions_floor_usage":[6,13],"damage_taken":[{"damage":9,"enemies":"Cultist","floor":1,"turns":6},{"damage":0,"enemies":"2 Louse","floor":3,"turns":3},{"damage":10,"enemies":"Small Slimes","floor":5,"turns":4},{"damage":27,"enemies":"3 Sentries","floor":6,"turns":10},{"damage":5,"enemies":"Exordium Wildlife","floor":11,"turns":4},{"damage":51,"enemies":"Gremlin Nob","floor":13,"turns":5},{"damage":11,"enemies":"Looter","floor":14,"turns":1}],"seed_played":"6368380393794662350","neow_bonus_log":{"cardsObtained":[],"cardsUpgraded":[],"cardsRemoved":[],"cardsTransformed":[],"relicsObtained":["MealTicket"],"maxHpGained":0,"goldGained":0,"damageTaken":0,"goldLost":0,"maxHpLost":0},"potions_obtained":[{"floor":3,"key":"PowerPotion"},{"floor":11,"key":"EssenceOfSteel"}],"is_trial":false,"path_per_floor":["M","?","M","$","M","E","R","$","T","R","M","R","E","M"],"character_chosen":"THE_SILENT","basemod:card_modifiers":[null,null,null,null,null,null,null,null,null,null,null,null,null,null,null,null,null,null,null],"items_purchased":["Noxious Fumes"],"campfire_rested":0,"item_purchase_floors":[8],"current_hp_per_floor":[50,64,64,79,69,42,42,57,57,57,52,52,1,0],"gold":34,"neow_bonus":"RANDOM_COMMON_RELIC","is_prod":false,"is_daily":false,"rewards_skipped":[],"chose_seed":false,"campfire_upgraded":3,"win_rate":0,"floor_exit_playtime":[60,65,92,100,127,221,227,237,239,245,280,285,330],"timestamp":1719019386,"path_taken":["M","?","M","$","?","E","R","?","T","R","M","R","E","?"],"build_version":"2022-12-18","purchased_purges":0,"victory":false,"max_hp_per_floor":[66,80,80,80,80,80,80,80,80,80,80,80,80,80],"relic_stats":{"Darkstone Periapt":0,"Calipers":[0],"counters":[7,33],"MealTicket":30,"obtain_stats":[{"Darkstone Periapt":6,"Lantern":13,"Calipers":9,"MealTicket":0,"Mango":2,"Ring of the Snake":0},{"Darkstone Periapt":4,"Lantern":6,"Calipers":4,"MealTicket":0,"Mango":1,"Ring of the Snake":0},{"Darkstone Periapt":23,"Lantern":32,"Calipers":23,"MealTicket":0,"Mango":6,"Ring of the Snake":0}],"Ring of the Snake":[14]},"card_choices":[{"not_picked":["Dodge and Roll","Concentrate","Outmaneuver"],"picked":"SKIP","floor":1},{"not_picked":["Flechettes","Backflip"],"picked":"Blade Dance","floor":3},{"not_picked":["Outmaneuver","Deflect"],"picked":"Endless Agony","floor":5},{"not_picked":["Riddle With Holes","Dodge and Roll"],"picked":"Caltrops","floor":6},{"not_picked":["Poisoned Stab","Prepared"],"picked":"Wraith Form v2","floor":11},{"not_picked":["Poisoned Stab","Escape Plan"],"picked":"Venomology","floor":13}],"player_experience":2561538,"relics_obtained":[{"floor":6,"key":"Darkstone Periapt"},{"floor":9,"key":"Calipers"},{"floor":13,"key":"Lantern"}],"event_choices":[{"damage_healed":0,"gold_gain":0,"player_choice":"Paid Gold","damage_taken":0,"relics_obtained":["Mango"],"max_hp_gain":0,"max_hp_loss":0,"event_name":"WeMeetAgain","floor":2,"gold_loss":78}],"is_beta":false,"boss_relics":[],"items_purged_floors":[],"is_endless":false,"potions_floor_spawned":[3,11],"killed_by":"Looter","ascension_level":20,"potion_discard_per_floor":[[],[],[],[],[],[],[],[],[],[],[],[],[],[]]}