{"neow_bonuses_skipped_log":["UPGRADE_CARD","THREE_SMALL_POTIONS","TWENTY_PERCENT_HP_BONUS"],"potions_obtained_entropic_brew":[[],[],[],[],[],[],[],[],[],[],[],[],[],[],[],[],[],[],[],[],[],[],[],[],[],[],[],[],[],[],[],[],[],[],[],[],[],[],[],[],[],[],[],[],[],[],[],[],[],[],[],[],[],[],[],[],[]],"neow_costs_skipped_log":["NONE","NONE","NO_GOLD"],"gold_per_floor":[117,117,127,23,34,34,65,65,65,65,97,107,127,127,127,202,202,212,245,245,90,90,123,123,123,193,207,227,257,277,19,19,93,93,106,328,348,348,359,387,387,416,470,495,521,531,191,209,209,209,209,209,209,58,90,90],"floor_reached":57,"playtime":3563,"items_purged":["Flechettes","Dagger Spray","Glass Knife"],"score":3001,"play_id":"8717c3f5-5a27-4100-a14d-077d4b8ce424","local_time":"20240701183930","falling_options_log":["Tactician","Wraith Form v2+1"],"score_breakdown":["Floors Climbed (57): 285","Enemies Slain (14): 28","Exordium Elites Killed (2): 20","City Elites Killed (2): 40","Beyond Elites Killed (3): 90","Bosses Slain (5): 750","Speedster: 25","Money Money (1039): 25","Well Fed: 25","Champion (3): 75","Overkill: 25","C-c-c-combo: 25","Ascension (20): 1338","Heartbreaker: 250"],"is_ascension_mode":true,"potions_obtained_alchemize":[[],[],[],[],[],[],[],[],[],[],[],[],[],[],[],[],[],[],[],[],[],[],[],[],[],[],[],[],[],[],[],[],[],[],[],[],[],[],[],[],[],[],[],[],[],[],[],[],[],[],[],[],[],[],[],[],[]],"campfire_choices":[{"data":"Predator","floor":6,"key":"SMITH"},{"data":"Predator","floor":8,"key":"SMITH"},{"data":"Calculated Gamble","floor":10,"key":"SMITH"},{"data":"Acrobatics","floor":15,"key":"SMITH"},{"data":"Tactician","floor":25,"key":"SMITH"},{"data":"Wraith Form v2","floor":32,"key":"SMITH"},{"data":"Acrobatics","floor":41,"key":"SMITH"},{"floor":49,"key":"RECALL"},{"data":"Well Laid Plans","floor":53,"key":"SMITH"}],"lesson_learned_per_floor":[[],[],[],[],[],[],[],[],[],[],[],[],[],[],[],[],[],[],[],[],[],[],[],[],[],[],[],[],[],[],[],[],[],[],[],[],[],[],[],[],[],[],[],[],[],[],[],[],[],[],[],[],[],[],[],[],[]],"neow_cost":"NONE","improvable_cards":{},"seed_source_timestamp":1688111828188700,"shop_contents":[{"floor":4,"relics":["Shuriken","Ancient Tea Set","Frozen Eye"],"cards":["Bouncing Flask","Dodge and Roll","Noxious Fumes","PanicButton","Secret Technique"],"potions":["SpeedPotion","Energy Potion","Poison Potion"]},{"floor":21,"relics":["Sundial","Happy Flower","ClockworkSouvenir"],"cards":["Bane","Quick Slash","Dodge and Roll","Noxious Fumes","Discovery","Chrysalis"],"potions":["BlessingOfTheForge","PowerPotion","SneckoOil"]},{"floor":31,"relics":["TungstenRod","Medical Kit"],"cards":["All Out Attack","Endless Agony","Tactician","Backflip","Accuracy","Mind Blast","Secret Technique"],"potions":["SkillPotion","CunningPotion","Fire Potion"]},{"floor":47,"relics":["Akabeko","Vajra","Lee\u0027s Waffle"],"cards":["Bane","Masterful Stab","Outmaneuver","Deadly Poison","Tools of the Trade","Trip","Panache"],"potions":["BlessingOfTheForge","Weak Potion","Regen Potion"]},{"floor":54,"relics":["Whetstone","Ornamental Fan","Membership Card"],"cards":["Riddle With Holes","Underhanded Strike","Expertise","Deflect","Footwork","Purity","Sadistic Nature"],"potions":["EntropicBrew","Explosive Potion","AttackPotion"]}],"circlet_count":0,"master_deck":["AscendersBane","Survivor","Predator+1","Predator+1","Calculated Gamble+1","Acrobatics+1","PiercingWail+1","Adrenaline+1","Acrobatics+1","Grand Finale","Underhanded Strike","Wraith Form v2+1","Tactician+1","PiercingWail","Underhanded Strike","Tactician","Caltrops+1","Deflect+1","Adrenaline+1","Calculated Gamble","Acrobatics","Well Laid Plans+1","Noxious Fumes","Caltrops"],"potion_use_per_floor":[[],[],[],[],[],[],[],[],[],[],[],[],[],[],[],["Energy Potion"],[],[],[],[],[],[],[],[],[],[],[],[],["FearPotion"],[],[],[],["AttackPotion"],[],[],[],["CunningPotion"],[],[],[],[],["AttackPotion"],[],[],[],[],[],[],[],[],[],[],[],[],[],["DuplicationPotion","FairyPotion"],[]],"relics":["Busted Crown","Meat on the Bone","Regal Pillow","Anchor","StrikeDummy","Pandora\u0027s Box","Red Mask","Bronze Scales","Darkstone Periapt","Lantern","Pen Nib","Bag of Preparation","Astrolabe","The Courier","Lizard Tail","Oddly Smooth Stone","Ginger","Mango","War Paint","Art of War"],"potions_floor_usage":[16,29,33,37,42,56],"damage_taken":[{"damage":3,"enemies":"Cultist","floor":1,"turns":5},{"damage":0,"enemies":"Jaw Worm","floor":3,"turns":5},{"damage":5,"enemies":"2 Louse","floor":5,"turns":2},{"damage":15,"enemies":"Lagavulin","floor":7,"turns":6},{"damage":2,"enemies":"3 Sentries","floor":11,"turns":6},{"damage":0,"enemies":"Large Slime","floor":12,"turns":3},{"damage":0,"enemies":"Exordium Wildlife","floor":13,"turns":2},{"damage":28,"enemies":"Slime Boss","floor":16,"turns":8},{"damage":5,"enemies":"Shell Parasite","floor":18,"turns":2},{"damage":0,"enemies":"Masked Bandits","floor":19,"turns":3},{"damage":2,"enemies":"Gremlin Leader","floor":23,"turns":5},{"damage":0,"enemies":"2 Thieves","floor":27,"turns":2},{"damage":0,"enemies":"Sentry and Sphere","floor":28,"turns":2},{"damage":9,"enemies":"Slavers","floor":29,"turns":3},{"damage":0,"enemies":"Snake Plant","floor":30,"turns":2},{"damage":13,"enemies":"Automaton","floor":33,"turns":7},{"damage":1,"enemies":"3 Shapes","floor":35,"turns":3},{"damage":0,"enemies":"3 Darklings","floor":37,"turns":2},{"damage":1,"enemies":"4 Shapes","floor":39,"turns":3},{"damage":0,"enemies":"Giant Head","floor":40,"turns":5},{"damage":0,"enemies":"Reptomancer","floor":42,"turns":4},{"damage":0,"enemies":"Mind Bloom Boss Battle","floor":44,"turns":1},{"damage":0,"enemies":"Giant Head","floor":45,"turns":2},{"damage":0,"enemies":"Spire Growth","floor":46,"turns":1},{"damage":0,"enemies":"Sphere and 2 Shapes","floor":48,"turns":2},{"damage":13,"enemies":"Donu and Deca","floor":50,"turns":5},{"damage":63,"enemies":"Time Eater","floor":51,"turns":9},{"damage":6,"enemies":"Shield and Spear","floor":55,"turns":2},{"damage":70,"enemies":"The Heart","floor":56,"turns":7}],"green_key_taken_log":40,"seed_played":"-6266156289188566611","neow_bonus_log":{"cardsObtained":[],"cardsUpgraded":[],"cardsRemoved":[],"cardsTransformed":[],"relicsObtained":["Busted Crown"],"maxHpGained":0,"goldGained":0,"damageTaken":0,"goldLost":0,"maxHpLost":0},"potions_obtained":[{"floor":7,"key":"Energy Potion"},{"floor":13,"key":"Energy Potion"},{"floor":18,"key":"AttackPotion"},{"floor":19,"key":"FearPotion"},{"floor":30,"key":"Poison Potion"},{"floor":33,"key":"CunningPotion"},{"floor":35,"key":"Weak Potion"},{"floor":39,"key":"AttackPotion"},{"floor":42,"key":"DuplicationPotion"}],"is_trial":false,"path_per_floor":["M","?","M","$","M","R","E","R","T","R","E","M","M","?","R","B",null,"M","?","?","$","T","E","?","R","T","M","M","E","M","$","R","B",null,"M","?","M","?","M","E","R","E","T","?","E","M","$","M","R","B","B",null,"R","$","E","B",null],"character_chosen":"THE_SILENT","basemod:card_modifiers":[null,null,null,null,null,null,null,null,null,null,null,null,null,null,null,null,null,null,null,null,null,null,null,null],"items_purchased":["Predator","Slice","Tactician","Bag of Preparation","Acrobatics","Well Laid Plans","War Paint","FairyPotion","Caltrops"],"campfire_rested":0,"item_purchase_floors":[4,4,21,31,47,47,47,54,54],"current_hp_per_floor":[56,51,51,51,46,46,43,43,43,43,41,41,41,41,41,25,56,51,51,33,33,33,43,43,43,43,43,43,46,46,46,46,45,65,64,64,64,64,63,63,63,63,63,63,77,77,77,77,77,64,13,67,67,67,61,28],"gold":90,"neow_bonus":"BOSS_RELIC","is_prod":false,"is_daily":false,"rewards_skipped":[{"floor":44,"relics":[],"potions":["Poison Potion"]}],"chose_seed":false,"campfire_upgraded":8,"win_rate":0,"floor_exit_playtime":[69,72,108,133,152,158,239,244,246,256,312,340,362,372,377,488,525,590,717,723,764,778,861,890,900,904,943,994,1082,1131,1166,1171,1341,1398,1485,1488,1567,1586,1680,1879,1888,2016,2018,2069,2147,2193,2244,2329,2333,2539,3064,3075,3112,3174,3301,3563],"timestamp":1719873570,"blue_key_relic_skipped_log":{"floor":26,"relicID":"Ninja Scroll"},"path_taken":["M","?","M","$","M","R","E","R","T","R","E","M","M","?","R","BOSS","M","?","?","$","?","E","?","R","T","M","M","E","M","$","R","BOSS","M","?","M","?","M","E","R","E","T","?","E","M","$","M","R","BOSS","BOSS","R","$","E","BOSS"],"build_version":"2022-12-18","purchased_purges":3,"victory":true,"max_hp_per_floor":[66,66,66,66,66,66,66,66,66,66,66,66,66,66,66,66,66,66,66,71,71,71,71,71,71,71,71,71,71,71,71,71,71,71,71,71,71,71,71,71,71,71,71,71,85,85,85,85,85,85,85,85,85,85,85,85],"relic_stats":{"Darkstone Periapt":0,"Regal Pillow":0,"counters":[29,109],"Astrolabe":["Caltrops","Deflect","Adrenaline"],"Pen Nib":[23],"The Courier":123,"Bag of Preparation":[28],"Ginger":[5],"War Paint":["PiercingWail","Adrenaline"],"Lizard Tail":0,"Busted Crown":52,"Bronze Scales":[210],"Pandora\u0027s Box":["Adrenaline","Acrobatics","Grand Finale","Underhanded Strike","Wraith Form v2","Glass Knife","Endless Agony","Flechettes","Dagger Spray"],"Art of War":[0],"obtain_stats":[{"Darkstone Periapt":23,"Regal Pillow":7,"Lantern":24,"Astrolabe":34,"Oddly Smooth Stone":43,"Mango":45,"Pen Nib":29,"The Courier":40,"Bag of Preparation":31,"Ginger":44,"War Paint":47,"Anchor":9,"Lizard Tail":42,"Busted Crown":0,"Bronze Scales":22,"Pandora\u0027s Box":17,"Red Mask":19,"Art of War":55,"StrikeDummy":11,"Ring of the Snake":0,"Meat on the Bone":2},{"Darkstone Periapt":11,"Regal Pillow":4,"Lantern":11,"Astrolabe":16,"Oddly Smooth Stone":21,"Mango":23,"Pen Nib":14,"The Courier":20,"Bag of Preparation":15,"Ginger":22,"War Paint":24,"Anchor":4,"Lizard Tail":21,"Busted Crown":0,"Bronze Scales":10,"Pandora\u0027s Box":8,"Red Mask":10,"Art of War":28,"StrikeDummy":5,"Ring of the Snake":0,"Meat on the Bone":1},{"Darkstone Periapt":47,"Regal Pillow":18,"Lantern":47,"Astrolabe":63,"Oddly Smooth Stone":80,"Mango":83,"Pen Nib":54,"The Courier":76,"Bag of Preparation":56,"Ginger":81,"War Paint":84,"Anchor":18,"Lizard Tail":80,"Busted Crown":0,"Bronze Scales":42,"Pandora\u0027s Box":37,"Red Mask":42,"Art of War":102,"StrikeDummy":24,"Ring of the Snake":0,"Meat on the Bone":5}],"Meat on the Bone":84},"card_choices":[{"not_picked":[],"picked":"Sucker Punch","floor":1},{"not_picked":["Prepared"],"picked":"SKIP","floor":3},{"not_picked":[],"picked":"Predator","floor":5},{"not_picked":[],"picked":"Calculated Gamble","floor":7},{"not_picked":["Slice"],"picked":"SKIP","floor":11},{"not_picked":["Backstab"],"picked":"SKIP","floor":12},{"not_picked":[],"picked":"Acrobatics","floor":13},{"not_picked":[],"picked":"Burst","floor":16},{"not_picked":["Prepared"],"picked":"SKIP","floor":18},{"not_picked":["Deadly Poison"],"picked":"SKIP","floor":19},{"not_picked":[],"picked":"PiercingWail","floor":23},{"not_picked":[],"picked":"Underhanded Strike","floor":27},{"not_picked":[],"picked":"Tactician","floor":28},{"not_picked":["Blade Dance"],"picked":"SKIP","floor":29},{"not_picked":["Dagger Spray"],"picked":"SKIP","floor":30},{"not_picked":["Die Die Die"],"picked":"SKIP","floor":33},{"not_picked":["Blade Dance+1"],"picked":"SKIP","floor":35},{"not_picked":["Bane+1"],"picked":"SKIP","floor":37},{"not_picked":["Dagger Spray+1"],"picked":"SKIP","floor":39},{"not_picked":["Accuracy"],"picked":"SKIP","floor":40},{"not_picked":["Accuracy"],"picked":"SKIP","floor":40},{"not_picked":[],"picked":"Calculated Gamble","floor":42},{"not_picked":["Deflect"],"picked":"SKIP","floor":44},{"not_picked":["Corpse Explosion"],"picked":"SKIP","floor":45},{"not_picked":["Choke"],"picked":"SKIP","floor":46},{"not_picked":[],"picked":"Noxious Fumes","floor":48},{"not_picked":["Deadly Poison"],"picked":"SKIP","floor":55}],"player_experience":2596329,"relics_obtained":[{"floor":7,"key":"Regal Pillow"},{"floor":9,"key":"Anchor"},{"floor":11,"key":"StrikeDummy"},{"floor":19,"key":"Red Mask"},{"floor":22,"key":"Bronze Scales"},{"floor":23,"key":"Darkstone Periapt"},{"floor":29,"key":"Pen Nib"},{"floor":40,"key":"The Courier"},{"floor":42,"key":"Lizard Tail"},{"floor":43,"key":"Oddly Smooth Stone"},{"floor":44,"key":"Ginger"},{"floor":45,"key":"Mango"},{"floor":55,"key":"Art of War"}],"event_choices":[{"damage_healed":0,"gold_gain":0,"player_choice":"Success","damage_taken":5,"relics_obtained":["Meat on the Bone"],"max_hp_gain":0,"max_hp_loss":0,"event_name":"Scrap Ooze","floor":2,"gold_loss":0},{"damage_healed":0,"gold_gain":0,"cards_transformed":["Defend_G"],"player_choice":"Change","damage_taken":0,"max_hp_gain":0,"max_hp_loss":0,"event_name":"Living Wall","floor":14,"gold_loss":0,"cards_obtained":["PiercingWail"]},{"damage_healed":0,"gold_gain":0,"player_choice":"Fought Bandits","damage_taken":0,"max_hp_gain":0,"max_hp_loss":0,"event_name":"Masked Bandits","floor":19,"gold_loss":0},{"damage_healed":0,"gold_gain":0,"player_choice":"Shed Blood","damage_taken":23,"max_hp_gain":5,"max_hp_loss":0,"event_name":"Forgotten Altar","floor":20,"gold_loss":0},{"cards_removed":["Burst"],"damage_healed":0,"gold_gain":0,"player_choice":"Gave Card","damage_taken":0,"relics_obtained":["Lantern"],"max_hp_gain":0,"max_hp_loss":0,"event_name":"WeMeetAgain","floor":24,"gold_loss":0},{"damage_healed":0,"gold_gain":222,"player_choice":"Wore Mask","damage_taken":0,"max_hp_gain":0,"max_hp_loss":0,"event_name":"Tomb of Lord Red Mask","floor":36,"gold_loss":0},{"cards_removed":["Neutralize"],"damage_healed":0,"gold_gain":0,"player_choice":"Removed Attack","damage_taken":0,"max_hp_gain":0,"max_hp_loss":0,"event_name":"Falling","floor":38,"gold_loss":0},{"damage_healed":0,"gold_gain":0,"player_choice":"Fight","damage_taken":0,"max_hp_gain":0,"max_hp_loss":0,"event_name":"MindBloom","floor":44,"gold_loss":0}],"is_beta":false,"boss_relics":[{"not_picked":["Fusion Hammer","Calling Bell"],"picked":"Pandora\u0027s Box"},{"not_picked":["SlaversCollar","Tiny House"],"picked":"Astrolabe"}],"items_purged_floors":[21,31,47],"is_endless":false,"potions_floor_spawned":[7,13,18,19,30,33,35,39,42,44],"ascension_level":20,"potion_discard_per_floor":[[],[],[],[],[],[],[],[],[],[],[],[],[],[],[],[],[],[],["Energy Potion"],[],[],[],[],[],[],[],[],[],[],[],[],[],[],[],["Poison Potion"],[],[],[],[],[],[],[],[],[],[],[],[],[],[],[],[],[],[],["Weak Potion"],[],[],[]]}