{"neow_bonuses_skipped_log":["RANDOM_COLORLESS","TEN_PERCENT_HP_BONUS","BOSS_RELIC"],"potions_obtained_entropic_brew":[[],[],[],[],[],[],[],[],[],[],[],[],[],[],[],[]],"neow_costs_skipped_log":["NONE","NONE","NONE"],"gold_per_floor":[13,26,26,46,46,46,76,87,87,103,103,117,117,143,143,143],"floor_reached":16,"playtime":602,"items_purged":[],"score":224,"play_id":"4796bf9d-8a48-4a9a-9da1-0d6df6aa57df","local_time":"20240707114750","score_breakdown":["Floors Climbed (16): 80","Enemies Slain (6): 12","Exordium Elites Killed (2): 20","Bosses Slain (0): 0","Ascension (20): 112"],"is_ascension_mode":true,"potions_obtained_alchemize":[[],[],[],[],[],[],[],[],[],[],[],[],[],[],[],[]],"campfire_choices":[{"data":"Dagger Throw","floor":6,"key":"SMITH"},{"data":"A Thousand Cuts","floor":11,"key":"SMITH"},{"floor":13,"key":"REST"},{"data":"Blade Dance","floor":15,"key":"SMITH"}],"lesson_learned_per_floor":[[],[],[],[],[],[],[],[],[],[],[],[],[],[],[],[]],"neow_cost":"NO_GOLD","improvable_cards":{},"seed_source_timestamp":370581909744300,"shop_contents":[],"circlet_count":0,"master_deck":["AscendersBane","Strike_G","Strike_G","Strike_G+1","Strike_G","Defend_G","Defend_G","Defend_G","Survivor","Neutralize","Poisoned Stab","After Image+1","Blur","Dagger Throw+1","A Thousand Cuts+1","Dagger Throw","Prepared","Blade Dance+1"],"potion_use_per_floor":[[],[],[],[],[],[],["SteroidPotion"],[],[],[],[],[],[],["CunningPotion"],[],["Block Potion"]],"relics":["Ring of the Snake","Strawberry","Ninja Scroll","WingedGreaves"],"potions_floor_usage":[7,14,16],"damage_taken":[{"damage":0,"enemies":"Jaw Worm","floor":1,"turns":6},{"damage":2,"enemies":"Small Slimes","floor":2,"turns":4},{"damage":0,"enemies":"Cultist","floor":4,"turns":4},{"damage":19,"enemies":"Lagavulin","floor":7,"turns":9},{"damage":4,"enemies":"Exordium Wildlife","floor":8,"turns":6},{"damage":0,"enemies":"Looter","floor":10,"turns":3},{"damage":0,"enemies":"Large Slime","floor":12,"turns":3},{"damage":2,"enemies":"Gremlin Nob","floor":14,"turns":3},{"damage":40,"enemies":"Hexaghost","floor":16,"turns":9}],"seed_played":"-2620412841339237354","neow_bonus_log":{"cardsObtained":[],"cardsUpgraded":[],"cardsRemoved":["Strike_G","Defend_G"],"cardsTransformed":[],"relicsObtained":[],"maxHpGained":0,"goldGained":0,"damageTaken":0,"goldLost":99,"maxHpLost":0},"potions_obtained":[{"floor":1,"key":"SteroidPotion"},{"floor":8,"key":"Weak Potion"},{"floor":10,"key":"Block Potion"},{"floor":12,"key":"CunningPotion"}],"is_trial":false,"path_per_floor":["M","M","?","M","?","R","E","M","T","M","R","M","R","E","R","B"],"character_chosen":"THE_SILENT","basemod:card_modifiers":[null,null,null,null,null,null,null,null,null,null,null,null,null,null,null,null,null,null],"items_purchased":[],"campfire_rested":1,"item_purchase_floors":[],"current_hp_per_floor":[59,57,57,57,37,37,25,21,21,21,21,21,42,40,40,0],"gold":143,"neow_bonus":"REMOVE_TWO","is_prod":false,"is_daily":false,"rewards_skipped":[],"chose_seed":false,"campfire_upgraded":3,"win_rate":0,"floor_exit_playtime":[76,107,121,166,172,186,289,359,362,401,410,455,457,495,500],"timestamp":1720367270,"path_taken":["M","M","?","M","?","R","E","M","T","M","R","M","R","E","R","BOSS"],"build_version":"2022-12-18","purchased_purges":0,"victory":false,"max_hp_per_floor":[66,66,66,66,66,66,73,73,73,73,73,73,73,73,73,73],"relic_stats":{"counters":[9,47],"WingedGreaves":0,"obtain_stats":[{"Ninja Scroll":9,"Strawberry":7,"WingedGreaves":14,"Ring of the Snake":0},{"Ninja Scroll":5,"Strawberry":4,"WingedGreaves":8,"Ring of the Snake":0},{"Ninja Scroll":29,"Strawberry":23,"WingedGreaves":38,"Ring of the Snake":0}],"Ring of the Snake":[18]},"card_choices":[{"not_picked":["Finisher","Deadly Poison"],"picked":"Poisoned Stab","floor":1},{"not_picked":["PiercingWail","Prepared"],"picked":"After Image","floor":2},{"not_picked":["Quick Slash","Dagger Spray"],"picked":"Dagger Throw","floor":4},{"not_picked":["Night Terror","Finisher"],"picked":"A Thousand Cuts","floor":7},{"not_picked":["Flying Knee","Prepared"],"picked":"Dagger Throw","floor":8},{"not_picked":["Quick Slash","Deadly Poison"],"picked":"Prepared","floor":10},{"not_picked":["Dagger Spray","Quick Slash","Concentrate"],"picked":"SKIP","floor":12},{"not_picked":["Expertise","Outmaneuver"],"picked":"Blade Dance","floor":14}],"player_experience":2614720,"relics_obtained":[{"floor":7,"key":"Strawberry"},{"floor":9,"key":"Ninja Scroll"},{"floor":14,"key":"WingedGreaves"}],"event_choices":[{"damage_healed":0,"gold_gain":0,"cards_transformed":["Defend_G"],"player_choice":"Change","damage_taken":0,"max_hp_gain":0,"max_hp_loss":0,"event_name":"Living Wall","floor":3,"gold_loss":0,"cards_obtained":["Blur"]},{"damage_healed":0,"gold_gain":0,"player_choice":"Entered Light","damage_taken":20,"max_hp_gain":0,"max_hp_loss":0,"event_name":"Shining Light","floor":5,"gold_loss":0,"cards_upgraded":["After Image","Strike_G"]}],"is_beta":false,"boss_relics":[],"items_purged_floors":[],"is_endless":false,"potions_floor_spawned":[1,8,10,12],"killed_by":"Hexaghost","ascension_level":20,"potion_discard_per_floor":[[],[],[],[],[],[],[],[],[],[],[],["Weak Potion"],[],[],[],[]]}