{"potions_obtained_entropic_brew":[[],[],[],[],[],[],[],[],[],[],[],[],[],[],[],[],[],[],[],[],[],[],[],[],[],[],[],[],[],[],[],[],[],[],[],[],[],[],[],[],[],[],[],[],[],[],[],[],[],[],[],[],[],[],[],[]],"gold_per_floor":[113,129,99,114,133,133,167,167,249,123,154,154,173,248,248,323,323,343,369,381,381,48,81,81,100,125,138,138,156,156,184,184,263,263,273,273,273,292,233,233,260,260,260,273,248,258,293,304,304,304,304,304,304,133,159,159],"floor_reached":56,"playtime":3549,"items_purged":["Evaluate"],"score":2110,"play_id":"8ebef3ca-751e-4773-a402-af7cc9b4f4f3","local_time":"20240821132345","daily_mods":["SealedDeck","Diverse"],"score_breakdown":["Floors Climbed (56): 280","Enemies Slain (15): 30","Exordium Elites Killed (2): 20","City Elites Killed (2): 40","Beyond Elites Killed (2): 60","Bosses Slain (4): 500","Champion (5): 125","Ascension (20): 1055"],"is_ascension_mode":true,"potions_obtained_alchemize":[[],[],[],[],[],[],[],[],[],[],[],[],[],[],[],[],[],[],[],[],[],[],[],[],[],[],[],[],[],[],[],[],[],[],[],[],[],[],[],[],[],[],[],[],[],[],[],[],[],[],[],[],[],[],[],[]],"campfire_choices":[{"data":"Reprogram","floor":6.0,"key":"SMITH"},{"data":"Armaments","floor":8.0,"key":"SMITH"},{"floor":15.0,"key":"REST"},{"data":"True Grit","floor":24.0,"key":"SMITH"},{"data":"Prepared","floor":30.0,"key":"SMITH"},{"data":"Calculated Gamble","floor":32.0,"key":"SMITH"},{"data":"Acrobatics","floor":40.0,"key":"SMITH"},{"data":"Master of Strategy","floor":42.0,"key":"SMITH"},{"floor":49.0,"key":"RECALL"},{"data":"Reprogram","floor":53.0,"key":"SMITH"}],"lesson_learned_per_floor":[[],[],[],[],[],[],[],[],[],[],[],[],[],[],[],[],[],[],[],[],[],[],[],[],[],[],[],[],[],[],[],[],[],[],[],[],[],[],[],[],[],[],[],[],[],[],[],[],[],[],[],[],[],[],[],[]],"neow_cost":"","improvable_cards":{},"seed_source_timestamp":0,"shop_contents":[{"floor":10,"relics":["Omamori","Molten Egg 2","Lee\u0027s Waffle"],"cards":["Clash","WindmillStrike","Prepared","Wireheading","Good Instincts","Violence"],"potions":["Block Potion","Swift Potion","SpeedPotion"]},{"floor":22,"relics":["Ornamental Fan"],"cards":["EmptyFist","Headbutt","Reinforced Body","White Noise","Loop","Dramatic Entrance","Panache"],"potions":["ColorlessPotion","Explosive Potion","Block Potion"]},{"floor":39,"relics":["InkBottle","War Paint","Medical Kit"],"cards":["Slice","Eviscerate","Backflip","Footwork","Good Instincts","HandOfGreed"],"potions":["PowerPotion","SpeedPotion","Explosive Potion"]},{"floor":45,"relics":["Dream Catcher","Peace Pipe","HandDrill"],"cards":["Headbutt","Redo","Deflect","Static Discharge+1","Panacea","Thinking Ahead"],"potions":["BlessingOfTheForge","GhostInAJar","FearPotion"]},{"floor":54,"relics":["Akabeko","Chemical X"],"cards":["Bane","Reckless Charge","Blade Dance","SpiritShield","Adaptation+1","Mind Blast","Chrysalis"],"potions":["GamblersBrew","Strength Potion","SneckoOil"]}],"circlet_count":0,"master_deck":["AscendersBane","Armaments+1","Calculated Gamble+1","Reprogram+1","Twin Strike","Battle Trance","Reprogram+1","CutThroughFate+1","BootSequence","CutThroughFate","Bloodletting","Deflect","Vault","True Grit+1","Glass Knife+1","Prepared+1","Spot Weakness+1","Adrenaline+1","Master of Strategy+1","Dodge and Roll","Acrobatics+1","Skim+1","Reprogram+1","Sword Boomerang","Dark Embrace+1","Buffer+1"],"special_seed":0,"potion_use_per_floor":[[],[],[],[],[],[],[],[],[],[],[],[],[],[],[],[],[],[],[],[],[],[],["Regen Potion"],[],[],[],[],[],[],[],[],[],[],[],[],[],[],[],[],[],[],[],[],[],[],[],[],[],[],[],[],[],[],[],["GhostInAJar"],[]],"relics":["Ring of the Snake","FossilizedHelix","Matryoshka","Pocketwatch","Coffee Dripper","Red Mask","Nloth\u0027s Gift","OrangePellets","PreservedInsect","Pen Nib","Lantern","Vajra","Art of War","Sozu","Sundial","Frozen Egg 2","Potion Belt","Whetstone","Boot"],"potions_floor_usage":[55],"damage_taken":[{"damage":0.0,"enemies":"Cultist","floor":1.0,"turns":3.0},{"damage":0.0,"enemies":"2 Louse","floor":2.0,"turns":4.0},{"damage":0.0,"enemies":"Small Slimes","floor":4.0,"turns":3.0},{"damage":5.0,"enemies":"Blue Slaver","floor":5.0,"turns":4.0},{"damage":3.0,"enemies":"Lagavulin","floor":7.0,"turns":5.0},{"damage":6.0,"enemies":"Gremlin Nob","floor":11.0,"turns":3.0},{"damage":0.0,"enemies":"Looter","floor":13.0,"turns":3.0},{"damage":6.0,"enemies":"The Guardian","floor":16.0,"turns":10.0},{"damage":0.0,"enemies":"Shell Parasite","floor":18.0,"turns":7.0},{"damage":6.0,"enemies":"Masked Bandits","floor":19.0,"turns":5.0},{"damage":0.0,"enemies":"3 Byrds","floor":20.0,"turns":5.0},{"damage":3.0,"enemies":"Book of Stabbing","floor":23.0,"turns":4.0},{"damage":0.0,"enemies":"Snake Plant","floor":25.0,"turns":3.0},{"damage":0.0,"enemies":"Centurion and Healer","floor":27.0,"turns":4.0},{"damage":3.0,"enemies":"Cultist and Chosen","floor":29.0,"turns":4.0},{"damage":0.0,"enemies":"Gremlin Leader","floor":31.0,"turns":4.0},{"damage":16.0,"enemies":"Collector","floor":33.0,"turns":8.0},{"damage":0.0,"enemies":"Orb Walker","floor":35.0,"turns":2.0},{"damage":0.0,"enemies":"3 Darklings","floor":38.0,"turns":3.0},{"damage":30.0,"enemies":"Reptomancer","floor":41.0,"turns":5.0},{"damage":0.0,"enemies":"Spire Growth","floor":44.0,"turns":5.0},{"damage":0.0,"enemies":"Maw","floor":46.0,"turns":5.0},{"damage":0.0,"enemies":"Giant Head","floor":47.0,"turns":5.0},{"damage":0.0,"enemies":"Transient","floor":48.0,"turns":6.0},{"damage":5.0,"enemies":"Donu and Deca","floor":50.0,"turns":6.0},{"damage":7.0,"enemies":"Awakened One","floor":51.0,"turns":7.0},{"damage":3,"enemies":"Shield and Spear","floor":55,"turns":5},{"damage":87,"enemies":"The Heart","floor":56,"turns":3}],"green_key_taken_log":47,"seed_played":"9157018922134971395","potions_obtained":[{"floor":3.0,"key":"SteroidPotion"},{"floor":3.0,"key":"Ancient Potion"},{"floor":4.0,"key":"DistilledChaos"},{"floor":7.0,"key":"Block Potion"},{"floor":20.0,"key":"Regen Potion"},{"floor":23.0,"key":"AttackPotion"},{"floor":31.0,"key":"GhostInAJar"}],"is_trial":true,"path_per_floor":["M","M","?","M","M","R","E","R","T","$","E","?","M","?","R","B",null,"M","?","M","?","$","E","R","M","T","M","?","M","R","E","R","B",null,"M","?","?","M","$","R","E","R","T","M","$","M","E","M","R","B","B",null,"R","$","E","B"],"character_chosen":"THE_SILENT","basemod:card_modifiers":[null,null,null,null,null,null,null,null,null,null,null,null,null,null,null,null,null,null,null,null,null,null,null,null,null,null],"items_purchased":["ThirdEye","OrangePellets","PreservedInsect","Acrobatics","Sword Boomerang","Whetstone"],"campfire_rested":1,"item_purchase_floors":[10,22,22,39,45,54],"current_hp_per_floor":[59,59,59,59,54,54,51,51,51,51,45,19,19,8,27,21,55,55,49,49,49,49,58,58,58,58,58,58,55,55,55,55,39,59,59,49,49,49,49,49,19,19,19,19,19,19,19,19,19,14,7,51,51,51,48,0],"gold":159,"neow_bonus":"","is_prod":false,"is_daily":false,"rewards_skipped":[{"floor":13,"relics":[],"potions":["CunningPotion"]},{"floor":16,"relics":[],"potions":["SteroidPotion"]},{"floor":27,"relics":[],"potions":["FearPotion"]},{"floor":33,"relics":[],"potions":["Weak Potion"]},{"floor":38,"relics":[],"potions":["CunningPotion"]},{"floor":47,"relics":[],"potions":["PowerPotion"]},{"floor":48,"relics":[],"potions":["PowerPotion"]}],"chose_seed":false,"campfire_upgraded":8,"win_rate":0,"floor_exit_playtime":[111,181,185,234,293,300,371,378,384,423,477,483,526,529,531,663,688,793,888,997,1001,1021,1094,1099,1155,1160,1239,1258,1321,1327,1393,1401,1529,1548,1587,1595,1601,1665,1682,1687,1921,1927,1931,2043,2079,2184,2304,2423,2426,2603,3265,3276,3286,3327,3472],"timestamp":1724261025,"blue_key_relic_skipped_log":{"floor":43,"relicID":"Pear"},"path_taken":["M","?","?","M","M","R","E","R","T","$","E","?","M","?","R","BOSS","M","?","M","?","$","E","R","M","T","?","?","M","R","E","R","BOSS","M","?","?","?","?","R","E","R","T","M","$","M","E","M","R","BOSS","BOSS","R","$","E","BOSS"],"build_version":"2022-12-18","purchased_purges":1,"victory":false,"max_hp_per_floor":[66,66,66,66,66,66,66,66,66,66,66,66,66,66,66,66,66,66,66,66,66,66,66,66,66,66,66,66,66,66,66,66,66,66,66,66,66,66,66,66,66,66,66,66,66,66,66,66,66,66,66,66,66,66,66,66],"relic_stats":{"counters":[28,131],"PreservedInsect":356,"Pen Nib":[13],"Whetstone":["Glass Knife","CutThroughFate"],"Boot":[0],"Sozu":3,"OrangePellets":[3],"Matryoshka":2,"Sundial":[16],"Nloth\u0027s Gift":6,"Art of War":[4],"obtain_stats":[{"Potion Belt":47,"Lantern":26,"Vajra":26,"PreservedInsect":22,"Pen Nib":23,"Juzu Bracelet":11,"Whetstone":54,"Frozen Egg 2":43,"Boot":55,"Sozu":34,"OrangePellets":22,"Matryoshka":9,"Sundial":41,"Coffee Dripper":17,"Red Mask":19,"Nloth\u0027s Gift":21,"Art of War":31,"FossilizedHelix":7,"Ring of the Snake":0,"Pocketwatch":12},{"Potion Belt":23,"Lantern":13,"Vajra":13,"PreservedInsect":11,"Pen Nib":12,"Juzu Bracelet":6,"Whetstone":26,"Frozen Egg 2":20,"Boot":27,"Sozu":17,"OrangePellets":11,"Matryoshka":5,"Sundial":20,"Coffee Dripper":8,"Red Mask":10,"Nloth\u0027s Gift":11,"Art of War":16,"FossilizedHelix":5,"Ring of the Snake":0,"Pocketwatch":6},{"Potion Belt":104,"Lantern":59,"Vajra":59,"PreservedInsect":52,"Pen Nib":56,"Juzu Bracelet":22,"Whetstone":123,"Frozen Egg 2":89,"Boot":128,"Sozu":79,"OrangePellets":52,"Matryoshka":19,"Sundial":89,"Coffee Dripper":35,"Red Mask":47,"Nloth\u0027s Gift":52,"Art of War":71,"FossilizedHelix":19,"Ring of the Snake":0,"Pocketwatch":22}],"FossilizedHelix":[55],"Ring of the Snake":[56],"Pocketwatch":[54]},"card_choices":[{"not_picked":["Darkness","Spot Weakness","Reprogram"],"picked":"SKIP","floor":1.0},{"not_picked":["Flechettes","Skim"],"picked":"Bloodletting","floor":2.0},{"not_picked":["Expertise","Wallop","Reckless Charge"],"picked":"SKIP","floor":4.0},{"not_picked":["Rage","Inflame"],"picked":"Deflect","floor":5.0},{"not_picked":["WindmillStrike","Clothesline","ConjureBlade"],"picked":"SKIP","floor":7.0},{"not_picked":["Body Slam","Force Field","Evaluate"],"picked":"SKIP","floor":11.0},{"not_picked":["Compile Driver","Poisoned Stab","Sweeping Beam"],"picked":"SKIP","floor":13.0},{"not_picked":["Rainbow","Blasphemy"],"picked":"Vault","floor":16.0},{"not_picked":["Backstab","Choke","Distraction"],"picked":"SKIP","floor":18.0},{"not_picked":["Weave","Evaluate","Undo"],"picked":"SKIP","floor":19.0},{"not_picked":["Evolve+1","Perfected Strike"],"picked":"True Grit","floor":20.0},{"not_picked":["Worship","Dual Wield"],"picked":"Glass Knife","floor":23.0},{"not_picked":["ForeignInfluence","BowlingBash"],"picked":"Prepared","floor":25.0},{"not_picked":["EmptyFist","WheelKick","Juggernaut"],"picked":"SKIP","floor":27.0},{"not_picked":["Barrage","Slice"],"picked":"Spot Weakness+1","floor":29.0},{"not_picked":["Bullet Time","Crescendo","Second Wind"],"picked":"SKIP","floor":31.0},{"not_picked":["Multi-Cast","Fission"],"picked":"Adrenaline","floor":33.0},{"not_picked":["Sucker Punch+1","FollowUp","A Thousand Cuts"],"picked":"SKIP","floor":35.0},{"not_picked":["Forethought","Swift Strike"],"picked":"Master of Strategy","floor":36.0},{"not_picked":["The Bomb","Dramatic Entrance","Transmutation"],"picked":"SKIP","floor":36.0},{"not_picked":["Mind Blast","Magnetism","Dramatic Entrance"],"picked":"SKIP","floor":36.0},{"not_picked":["Compile Driver","Thunder Strike"],"picked":"Dodge and Roll","floor":38.0},{"not_picked":["Tantrum+1","Indignation+1"],"picked":"Skim+1","floor":41.0},{"not_picked":["SignatureMove+1","WaveOfTheHand"],"picked":"Reprogram+1","floor":44.0},{"not_picked":["Lockon","Flechettes"],"picked":"Dark Embrace+1","floor":46.0},{"not_picked":["Flex","Recycle","WheelKick+1"],"picked":"SKIP","floor":47.0},{"not_picked":["Armaments","Warcry","Streamline"],"picked":"SKIP","floor":48.0},{"not_picked":["Vault","Electrodynamics+1"],"picked":"Buffer+1","floor":55}],"player_experience":2665067,"relics_obtained":[{"floor":7.0,"key":"FossilizedHelix"},{"floor":9.0,"key":"Matryoshka"},{"floor":11.0,"key":"Juzu Bracelet"},{"floor":19.0,"key":"Red Mask"},{"floor":23.0,"key":"Pen Nib"},{"floor":26.0,"key":"Lantern"},{"floor":26.0,"key":"Vajra"},{"floor":31.0,"key":"Art of War"},{"floor":41.0,"key":"Sundial"},{"floor":43.0,"key":"Frozen Egg 2"},{"floor":47.0,"key":"Potion Belt"},{"floor":55,"key":"Boot"}],"event_choices":[{"damage_healed":0.0,"max_hp_gain":0.0,"max_hp_loss":0.0,"gold_gain":0.0,"event_name":"The Woman in Blue","player_choice":"Bought 2 Potions","floor":3.0,"gold_loss":0.0,"damage_taken":0.0},{"damage_healed":0.0,"max_hp_gain":0.0,"max_hp_loss":0.0,"gold_gain":0.0,"event_name":"Scrap Ooze","player_choice":"Success","floor":12.0,"gold_loss":0.0,"damage_taken":26.0,"relics_obtained":["Pocketwatch"]},{"damage_healed":0.0,"max_hp_gain":0.0,"max_hp_loss":0.0,"gold_gain":75.0,"event_name":"World of Goop","player_choice":"Gather Gold","floor":14.0,"gold_loss":0.0,"damage_taken":11.0},{"damage_healed":0.0,"max_hp_gain":0.0,"max_hp_loss":0.0,"gold_gain":0.0,"event_name":"Masked Bandits","player_choice":"Fought Bandits","floor":19.0,"gold_loss":0.0,"damage_taken":0.0},{"damage_healed":0.0,"max_hp_gain":0.0,"max_hp_loss":0.0,"gold_gain":0.0,"event_name":"N\u0027loth","player_choice":"Traded Relic","floor":21.0,"relics_lost":["Juzu Bracelet"],"gold_loss":0.0,"damage_taken":0.0,"relics_obtained":["Nloth\u0027s Gift"]},{"cards_removed":["ThirdEye"],"damage_healed":0.0,"max_hp_gain":0.0,"max_hp_loss":0.0,"gold_gain":0.0,"event_name":"Back to Basics","player_choice":"Elegance","floor":28.0,"gold_loss":0.0,"damage_taken":0.0},{"damage_healed":0.0,"max_hp_gain":0.0,"max_hp_loss":0.0,"gold_gain":0.0,"event_name":"SensoryStone","player_choice":"Memory 3","floor":36.0,"gold_loss":0.0,"damage_taken":10.0},{"damage_healed":0.0,"max_hp_gain":0.0,"max_hp_loss":0.0,"gold_gain":0.0,"event_name":"Upgrade Shrine","player_choice":"Upgraded","floor":37.0,"gold_loss":0.0,"damage_taken":0.0,"cards_upgraded":["Adrenaline"]}],"is_beta":false,"boss_relics":[{"not_picked":["SlaversCollar","Runic Dome"],"picked":"Coffee Dripper"},{"not_picked":["Cursed Key","Ring of the Serpent"],"picked":"Sozu"}],"items_purged_floors":[10],"is_endless":false,"potions_floor_spawned":[4,7,13,16,20,23,27,31,33,38,47,48],"killed_by":"The Heart","ascension_level":20,"potion_discard_per_floor":[[],[],[],["Ancient Potion"],[],[],["DistilledChaos"],[],[],[],[],[],[],[],[],[],[],[],[],["Block Potion"],[],[],[],[],[],[],[],[],[],[],["AttackPotion"],[],[],[],[],[],[],[],[],[],[],[],[],[],[],[],[],[],[],[],[],[],[],[],[],[]]}