{"neow_bonuses_skipped_log":["THREE_CARDS","RANDOM_COMMON_RELIC","BOSS_RELIC"],"neow_costs_skipped_log":["NONE","NONE","NONE"],"potions_obtained_entropic_brew":[[],[],[],[],[],[],[],[],[],[],[],[],[],[],[],[],[],[],[],[],[],[],[],[],[],[],[]],"gold_per_floor":[368,141,158,158,173,200,211,237,264,275,275,275,307,319,319,393,393,403,247,257,274,287,314,314,348,348,348],"floor_reached":27,"playtime":2407,"items_purged":["Writhe","Strike_G"],"score":600,"play_id":"f2bfeb87-e8ff-451c-9c1e-c76a2f9e43ed","local_time":"20240828202711","score_breakdown":["Floors Climbed (27): 135","Enemies Slain (10): 20","Exordium Elites Killed (3): 30","City Elites Killed (2): 40","Bosses Slain (1): 50","Champion (1): 25","Ascension (20): 300"],"is_ascension_mode":true,"potions_obtained_alchemize":[[],[],[],[],[],[],[],[],[],[],[],[],[],["Explosive Potion"],[],["Dexterity Potion"],[],[],[],[],["Poison Potion"],["DistilledChaos"],["Strength Potion"],[],["SteroidPotion"],[],["SteroidPotion"]],"campfire_choices":[{"floor":12.0,"key":"REST"},{"floor":15.0,"key":"REST"},{"floor":24,"key":"REST"}],"lesson_learned_per_floor":[[],[],[],[],[],[],[],[],[],[],[],[],[],[],[],[],[],[],[],[],[],[],[],[],[],[],[]],"neow_cost":"CURSE","improvable_cards":{},"seed_source_timestamp":348576679142300,"shop_contents":[{"floor":2,"relics":["Dream Catcher","Gremlin Horn","Lee\u0027s Waffle"],"cards":["Sucker Punch","Dodge and Roll","PiercingWail","Caltrops","Jack Of All Trades","Secret Technique"],"potions":["Explosive Potion","SkillPotion","FearPotion"]},{"floor":19,"relics":["Blood Vial","Bag of Marbles","Strange Spoon"],"cards":["Eviscerate","Dagger Throw","Cloak And Dagger+1","Infinite Blades","Trip+1","Panache"],"potions":["SteroidPotion","DuplicationPotion","Explosive Potion"]}],"circlet_count":0,"master_deck":["AscendersBane","Strike_G","Strike_G","Strike_G","Strike_G","Defend_G","Defend_G","Defend_G","Defend_G","Defend_G","Survivor","Neutralize","Slice","Die Die Die+1","Poisoned Stab","Dagger Throw","Unload","Predator","Venomology","Burst","CurseOfTheBell","Terror+1","Dodge and Roll+1","Prepared+1","PiercingWail+1","Blade Dance+1","Footwork","Well Laid Plans"],"special_seed":0,"potion_use_per_floor":[[],[],[],[],[],["DuplicationPotion"],[],["CunningPotion"],[],[],[],[],["Explosive Potion"],[],[],["Explosive Potion"],[],["Block Potion"],[],["Dexterity Potion"],["DistilledChaos"],["Poison Potion"],["DistilledChaos","Swift Potion"],[],["Strength Potion","EssenceOfSteel"],[],["SteroidPotion"]],"relics":["Ring of the Snake","Juzu Bracelet","Bronze Scales","Lantern","Vajra","Calling Bell","Snake Skull","Toxic Egg 2","Torii","Omamori","Strawberry"],"potions_floor_usage":[20,21,22,23,23,25,25,27],"damage_taken":[{"damage":4.0,"enemies":"Small Slimes","floor":1.0,"turns":4.0},{"damage":0.0,"enemies":"Cultist","floor":3.0,"turns":4.0},{"damage":0.0,"enemies":"Jaw Worm","floor":5.0,"turns":3.0},{"damage":2.0,"enemies":"3 Sentries","floor":6.0,"turns":2.0},{"damage":11.0,"enemies":"Looter","floor":7.0,"turns":3.0},{"damage":32.0,"enemies":"Lagavulin","floor":8.0,"turns":6.0},{"damage":2.0,"enemies":"Exordium Wildlife","floor":10.0,"turns":2.0},{"damage":0.0,"enemies":"3 Sentries","floor":13.0,"turns":3.0},{"damage":14.0,"enemies":"Large Slime","floor":14.0,"turns":4.0},{"damage":30.0,"enemies":"Slime Boss","floor":16.0,"turns":8.0},{"damage":8.0,"enemies":"Spheric Guardian","floor":18.0,"turns":5.0},{"damage":0,"enemies":"2 Thieves","floor":20,"turns":4},{"damage":1,"enemies":"Centurion and Healer","floor":21,"turns":5},{"damage":15,"enemies":"Snake Plant","floor":22,"turns":4},{"damage":24,"enemies":"Book of Stabbing","floor":23,"turns":5},{"damage":1,"enemies":"Slavers","floor":25,"turns":3},{"damage":29,"enemies":"Book of Stabbing","floor":27,"turns":3}],"seed_played":"-8206851626477714183","neow_bonus_log":{"cardsObtained":["Writhe"],"cardsUpgraded":[],"cardsRemoved":[],"cardsTransformed":[],"relicsObtained":[],"maxHpGained":0,"goldGained":250,"damageTaken":0,"goldLost":0,"maxHpLost":0},"potions_obtained":[{"floor":1.0,"key":"DuplicationPotion"},{"floor":7.0,"key":"CunningPotion"},{"floor":8.0,"key":"Explosive Potion"},{"floor":16.0,"key":"Block Potion"},{"floor":20,"key":"DistilledChaos"},{"floor":21,"key":"Ancient Potion"},{"floor":22,"key":"Swift Potion"},{"floor":23,"key":"EssenceOfSteel"}],"is_trial":false,"path_per_floor":["M","$","M","?","M","E","M","E","T","M","?","R","E","M","R","B",null,"M","$","M","M","M","E","R","E","T","E"],"character_chosen":"THE_SILENT","basemod:card_modifiers":[null,null,null,null,null,null,null,null,null,null,null,null,null,null,null,null,null,null,null,null,null,null,null,null,null,null,null,null],"items_purchased":["Die Die Die","Dodge and Roll+1"],"campfire_rested":3,"item_purchase_floors":[2,19],"current_hp_per_floor":[55,55,55,55,55,53,42,10,10,8,8,27,27,13,32,2,50,42,42,42,41,26,2,21,27,27,0],"gold":348,"neow_bonus":"TWO_FIFTY_GOLD","is_prod":false,"is_daily":false,"rewards_skipped":[],"chose_seed":false,"campfire_upgraded":0,"win_rate":0,"floor_exit_playtime":[359,392,632,643,671,894,918,981,983,1015,1020,1023,1068,1145,1147,1287,1328,1398,1458,1501,1848,2170,2267,2274,2337,2343],"timestamp":1724891231,"blue_key_relic_skipped_log":{"floor":26,"relicID":"Blue Candle"},"path_taken":["M","$","M","?","M","E","M","E","T","M","?","R","E","M","R","BOSS","M","$","M","M","M","E","R","E","T","E"],"build_version":"2022-12-18","purchased_purges":2,"victory":false,"max_hp_per_floor":[66,66,66,66,66,66,66,66,66,66,66,66,66,66,66,66,66,66,66,66,66,66,66,66,73,73,73],"relic_stats":{"Torii":6,"counters":[17,68],"Bronze Scales":[108],"Snake Skull":[8],"Juzu Bracelet":1,"Omamori":0,"obtain_stats":[{"Calling Bell":17,"Lantern":9,"Torii":17,"Bronze Scales":8,"Strawberry":25,"Vajra":13,"Snake Skull":17,"Juzu Bracelet":6,"Omamori":23,"Toxic Egg 2":17,"Ring of the Snake":0},{"Calling Bell":10,"Lantern":6,"Torii":10,"Bronze Scales":6,"Strawberry":16,"Vajra":8,"Snake Skull":10,"Juzu Bracelet":4,"Omamori":15,"Toxic Egg 2":10,"Ring of the Snake":0},{"Calling Bell":39,"Lantern":22,"Torii":39,"Bronze Scales":22,"Strawberry":65,"Vajra":27,"Snake Skull":39,"Juzu Bracelet":13,"Omamori":62,"Toxic Egg 2":39,"Ring of the Snake":0}],"Ring of the Snake":[34]},"card_choices":[{"not_picked":["Deflect","Accuracy"],"picked":"Slice","floor":1.0},{"not_picked":["PiercingWail","Setup","Deadly Poison"],"picked":"SKIP","floor":3.0},{"not_picked":["Dodge and Roll","Caltrops"],"picked":"Poisoned Stab","floor":5.0},{"not_picked":["Calculated Gamble","Quick Slash"],"picked":"Dagger Throw","floor":6.0},{"not_picked":["Cloak And Dagger","Caltrops","Quick Slash"],"picked":"SKIP","floor":7.0},{"not_picked":["Poisoned Stab","PiercingWail"],"picked":"Unload","floor":8.0},{"not_picked":["Flying Knee","Dagger Spray"],"picked":"Predator","floor":10.0},{"not_picked":["Sucker Punch","Dagger Spray"],"picked":"Venomology","floor":13.0},{"not_picked":["Concentrate","Poisoned Stab","Riddle With Holes"],"picked":"SKIP","floor":14.0},{"not_picked":["After Image","Corpse Explosion"],"picked":"Burst","floor":16.0},{"not_picked":["Bane","Eviscerate"],"picked":"Terror+1","floor":18.0},{"not_picked":["PiercingWail+1","Cloak And Dagger+1"],"picked":"Prepared+1","floor":20},{"not_picked":["Slice","Dagger Throw"],"picked":"PiercingWail+1","floor":21},{"not_picked":["Blur+1","Underhanded Strike"],"picked":"Blade Dance+1","floor":22},{"not_picked":["Tools of the Trade","Dagger Spray+1"],"picked":"Footwork","floor":23},{"not_picked":["Riddle With Holes","Corpse Explosion+1"],"picked":"Well Laid Plans","floor":25}],"player_experience":2682135,"relics_obtained":[{"floor":6.0,"key":"Juzu Bracelet"},{"floor":8.0,"key":"Bronze Scales"},{"floor":9.0,"key":"Lantern"},{"floor":13.0,"key":"Vajra"},{"floor":17.0,"key":"Snake Skull"},{"floor":17.0,"key":"Toxic Egg 2"},{"floor":17.0,"key":"Torii"},{"floor":23,"key":"Omamori"},{"floor":25,"key":"Strawberry"}],"event_choices":[{"damage_healed":0.0,"max_hp_gain":0.0,"max_hp_loss":0.0,"gold_gain":0.0,"event_name":"Accursed Blacksmith","player_choice":"Forge","floor":4.0,"gold_loss":0.0,"damage_taken":0.0,"cards_upgraded":["Die Die Die"]},{"damage_healed":0.0,"max_hp_gain":0.0,"max_hp_loss":0.0,"gold_gain":0.0,"event_name":"Dead Adventurer","player_choice":"Searched \u00270\u0027 times","floor":11.0,"gold_loss":0.0,"damage_taken":0.0}],"is_beta":false,"boss_relics":[{"not_picked":["Coffee Dripper","Ring of the Serpent"],"picked":"Calling Bell"}],"items_purged_floors":[2,19],"is_endless":false,"potions_floor_spawned":[1,7,8,16,20,21,22,23],"killed_by":"Book of Stabbing","ascension_level":20,"potion_discard_per_floor":[[],[],[],[],[],[],[],[],[],[],[],[],[],[],[],[],[],[],[],[],[],["Ancient Potion"],[],[],[],[],[]]}