{"neow_bonuses_skipped_log":["TRANSFORM_CARD","TEN_PERCENT_HP_BONUS","BOSS_RELIC"],"potions_obtained_entropic_brew":[[],[],[],[],[],[],[],[],[],[],[],[],[],["FearPotion","SpeedPotion"],[],[],[],[],[],[],[],[],[],[],[],[],[],[],[],[],[],[],[],[],[],[],[],[],[],[],[],[],[],[],[],[],[],[],[],[],[],[],[],[],[],[],[]],"neow_costs_skipped_log":["NONE","NONE","NONE"],"gold_per_floor":[364,374,112,128,53,53,83,83,83,83,94,159,194,214,214,293,293,313,169,169,169,197,197,224,224,224,274,284,294,329,244,244,321,321,339,561,575,90,107,107,137,150,150,150,178,191,191,204,204,204,204,204,204,30,55,55],"floor_reached":57,"playtime":5484,"items_purged":["Defend_G","Bouncing Flask","Envenom"],"score":2991,"play_id":"344bd356-b38d-4f64-b1fe-093e63eded2d","local_time":"20240830130944","score_breakdown":["Floors Climbed (57): 285","Enemies Slain (14): 28","Exordium Elites Killed (2): 20","City Elites Killed (2): 40","Beyond Elites Killed (2): 60","Bosses Slain (5): 750","Money Money (1181): 25","Champion (4): 100","Perfect (1): 50","C-c-c-combo: 25","Ascension (20): 1358","Heartbreaker: 250"],"is_ascension_mode":true,"potions_obtained_alchemize":[[],[],[],[],[],[],[],[],[],[],[],["Block Potion"],[],[],[],["SkillPotion"],[],["LiquidBronze"],[],[],[],["Poison Potion"],[],["CunningPotion"],[],[],[],[],["Dexterity Potion"],["Swift Potion"],[],[],["GamblersBrew"],[],[],[],[],[],[],[],[],[],[],[],[],[],[],[],[],["AttackPotion"],["Energy Potion"],[],[],[],[],["AttackPotion"],[]],"campfire_choices":[{"data":"Blade Dance","floor":6,"key":"SMITH"},{"data":"Terror","floor":10,"key":"SMITH"},{"data":"Accuracy","floor":15,"key":"SMITH"},{"floor":23,"key":"REST"},{"data":"Acrobatics","floor":25,"key":"SMITH"},{"data":"Calculated Gamble","floor":32,"key":"SMITH"},{"data":"Prepared","floor":40,"key":"SMITH"},{"data":"Blade Dance","floor":44,"key":"SMITH"},{"floor":47,"key":"RECALL"},{"data":"Wraith Form v2","floor":49,"key":"SMITH"},{"data":"Acrobatics","floor":53,"key":"SMITH"}],"lesson_learned_per_floor":[[],[],[],[],[],[],[],[],[],[],[],[],[],[],[],[],[],[],[],[],[],[],[],[],[],[],[],[],[],[],[],[],[],[],[],[],[],[],[],[],[],[],[],[],[],[],[],[],[],[],[],[],[],[],[],[],[]],"neow_cost":"TEN_PERCENT_HP_LOSS","improvable_cards":{},"seed_source_timestamp":492051913027600,"shop_contents":[{"floor":3,"relics":["Dead Branch","CaptainsWheel","Chemical X"],"cards":["Grand Finale","Glass Knife","Outmaneuver","Blind","HandOfGreed"],"potions":["Weak Potion","SmokeBomb"]},{"floor":19,"relics":["Pear","Ninja Scroll","HandDrill"],"cards":["Dagger Throw+1","Slice+1","Corpse Explosion","Blur","Caltrops","PanicButton","Secret Weapon"],"potions":["SpeedPotion","ColorlessPotion","ColorlessPotion"]},{"floor":38,"relics":["Eternal Feather","MealTicket","Ornamental Fan"],"cards":["Glass Knife+1","Dagger Throw+1","Terror","Prepared","Noxious Fumes","Enlightenment","Secret Technique"],"potions":["Weak Potion","Strength Potion","SteroidPotion"]},{"floor":54,"relics":["Orichalcum","Bottled Tornado","Sundial"],"cards":["Heel Hook+1","Finisher+1","Crippling Poison","Deadly Poison","Caltrops","Jack Of All Trades","Sadistic Nature"],"potions":["Strength Potion","Weak Potion","Dexterity Potion"]}],"circlet_count":0,"master_deck":["AscendersBane","Survivor","Neutralize","Terror+1","Dagger Throw","Blade Dance+1","Accuracy+1","Venomology","Backflip","Dagger Throw+1","Calculated Gamble+1","PiercingWail","After Image","Prepared+1","Concentrate","Tools of the Trade","Adrenaline","Dash+1","Escape Plan","Blade Dance+1","Backflip","PiercingWail","Acrobatics+1","Reflex+1","Underhanded Strike+1","Wraith Form v2+1","Adrenaline","Acrobatics+1","Well Laid Plans+1","Reflex+1","Caltrops+1"],"potion_use_per_floor":[[],[],[],[],[],[],["AttackPotion"],[],[],[],[],["SpeedPotion"],["Block Potion"],["EntropicBrew","SpeedPotion"],[],["FearPotion"],[],["AttackPotion"],[],[],[],["DuplicationPotion"],[],["Poison Potion","CunningPotion"],[],[],[],["LiquidBronze"],[],["Dexterity Potion"],[],[],["Swift Potion"],[],[],[],[],[],[],[],[],[],[],[],[],[],[],[],[],["GamblersBrew"],["AttackPotion","Energy Potion"],[],[],[],[],["PowerPotion"],[]],"relics":["Ring of the Serpent","Prayer Wheel","The Courier","Pantograph","Molten Egg 2","Pandora\u0027s Box","Nilry\u0027s Codex","Red Mask","Tingsha","Paper Crane","Torii","Mercury Hourglass","ClockworkSouvenir","Lantern","Nunchaku","Darkstone Periapt","Frozen Eye","StrikeDummy"],"potions_floor_usage":[7,12,13,14,14,16,18,22,24,24,28,30,33,50,51,51,56],"damage_taken":[{"damage":2,"enemies":"Cultist","floor":1,"turns":5},{"damage":4,"enemies":"Small Slimes","floor":2,"turns":3},{"damage":0,"enemies":"2 Louse","floor":4,"turns":3},{"damage":12,"enemies":"3 Sentries","floor":7,"turns":6},{"damage":0,"enemies":"Large Slime","floor":11,"turns":3},{"damage":15,"enemies":"3 Sentries","floor":12,"turns":10},{"damage":5,"enemies":"Lagavulin","floor":13,"turns":6},{"damage":2,"enemies":"Exordium Wildlife","floor":14,"turns":3},{"damage":12,"enemies":"Hexaghost","floor":16,"turns":8},{"damage":3,"enemies":"3 Byrds","floor":18,"turns":6},{"damage":0,"enemies":"Masked Bandits","floor":22,"turns":5},{"damage":3,"enemies":"Slavers","floor":24,"turns":4},{"damage":3,"enemies":"Shell Parasite","floor":28,"turns":2},{"damage":31,"enemies":"Cultist and Chosen","floor":29,"turns":6},{"damage":0,"enemies":"Gremlin Leader","floor":30,"turns":2},{"damage":0,"enemies":"Automaton","floor":33,"turns":5},{"damage":0,"enemies":"Orb Walker","floor":35,"turns":1},{"damage":0,"enemies":"3 Darklings","floor":37,"turns":3},{"damage":0,"enemies":"Spire Growth","floor":39,"turns":2},{"damage":0,"enemies":"Nemesis","floor":41,"turns":4},{"damage":0,"enemies":"4 Shapes","floor":42,"turns":2},{"damage":0,"enemies":"Reptomancer","floor":45,"turns":2},{"damage":0,"enemies":"Sphere and 2 Shapes","floor":46,"turns":3},{"damage":0,"enemies":"3 Darklings","floor":48,"turns":1},{"damage":16,"enemies":"Time Eater","floor":50,"turns":10},{"damage":17,"enemies":"Awakened One","floor":51,"turns":6},{"damage":0,"enemies":"Shield and Spear","floor":55,"turns":3},{"damage":37,"enemies":"The Heart","floor":56,"turns":7}],"green_key_taken_log":41,"seed_played":"5437709467935013250","neow_bonus_log":{"cardsObtained":[],"cardsUpgraded":[],"cardsRemoved":[],"cardsTransformed":[],"relicsObtained":[],"maxHpGained":0,"goldGained":250,"damageTaken":0,"goldLost":0,"maxHpLost":6},"potions_obtained":[{"floor":1,"key":"SpeedPotion"},{"floor":11,"key":"EntropicBrew"},{"floor":14,"key":"DuplicationPotion"},{"floor":16,"key":"AttackPotion"},{"floor":24,"key":"FairyPotion"}],"is_trial":false,"path_per_floor":["M","M","$","M","?","R","E","?","T","R","M","?","E","M","R","B",null,"M","$","?","?","?","R","E","R","T","?","M","M","E","?","R","B",null,"M","?","M","$","M","R","E","M","T","R","E","M","R","M","R","B","B",null,"R","$","E","B",null],"character_chosen":"THE_SILENT","basemod:card_modifiers":[null,null,null,null,null,null,null,null,null,null,null,null,null,null,null,null,null,null,null,null,null,null,null,null,null,null,null,null,null,null,null],"items_purchased":["Blade Dance","Accuracy","AttackPotion","PiercingWail","Acrobatics","ClockworkSouvenir","Lantern","Nunchaku","PowerPotion","Frozen Eye"],"campfire_rested":1,"item_purchase_floors":[3,3,3,19,19,38,38,38,54,54],"current_hp_per_floor":[57,53,53,53,53,53,41,41,41,41,41,26,21,19,19,32,53,50,50,29,29,29,47,44,44,44,44,41,10,10,10,10,35,54,54,54,54,54,54,54,54,54,54,54,54,54,54,54,54,44,43,56,56,56,56,23],"gold":55,"neow_bonus":"TWO_FIFTY_GOLD","is_prod":false,"is_daily":false,"rewards_skipped":[{"floor":18,"relics":[],"potions":["SpeedPotion"]},{"floor":41,"relics":[],"potions":["Strength Potion"]},{"floor":42,"relics":[],"potions":["Poison Potion"]},{"floor":45,"relics":["Bottled Flame"],"potions":[]},{"floor":46,"relics":[],"potions":["SteroidPotion"]}],"chose_seed":false,"campfire_upgraded":9,"win_rate":0,"floor_exit_playtime":[81,113,150,192,201,208,300,303,307,313,358,483,555,636,651,743,777,1029,1071,1087,1091,1215,1218,2667,2683,2687,2691,2764,2878,2947,2959,2972,3118,3188,3229,3232,3338,3384,3458,3469,3594,3675,3678,3692,3853,3986,3991,4065,4084,4462,4758,4769,4809,4872,5070,5484],"timestamp":1725037784,"blue_key_relic_skipped_log":{"floor":43,"relicID":"Bronze Scales"},"path_taken":["M","?","$","M","?","R","E","?","T","R","M","?","E","M","R","BOSS","M","$","?","?","?","R","E","R","T","?","M","M","E","?","R","BOSS","M","?","M","$","M","R","E","M","T","R","E","M","R","M","R","BOSS","BOSS","R","$","E","BOSS"],"build_version":"2022-12-18","purchased_purges":3,"victory":true,"max_hp_per_floor":[60,60,60,60,60,60,60,60,60,60,60,60,60,60,60,60,60,60,60,60,60,60,60,60,60,60,60,60,60,60,60,60,60,60,60,60,60,60,60,60,60,60,60,60,60,60,60,60,60,60,60,60,60,60,60,60],"relic_stats":{"Darkstone Periapt":0,"Torii":8,"counters":[28,119],"Nilry\u0027s Codex":[7,4,4,36],"Tingsha":[1104],"The Courier":200,"Mercury Hourglass":[201],"Frozen Eye":4.680511,"Nunchaku":[22],"Pantograph":76,"Prayer Wheel":11,"Pandora\u0027s Box":["Prepared","Concentrate","Envenom","Tools of the Trade","Bouncing Flask","Adrenaline","Dash","Escape Plan"],"obtain_stats":[{"Darkstone Periapt":41,"Lantern":38,"Torii":30,"Nilry\u0027s Codex":20,"Tingsha":24,"The Courier":9,"Paper Crane":26,"Mercury Hourglass":31,"ClockworkSouvenir":38,"Frozen Eye":54,"Nunchaku":38,"Pantograph":12,"Prayer Wheel":7,"Molten Egg 2":13,"Pandora\u0027s Box":17,"Red Mask":22,"StrikeDummy":55,"Ring of the Serpent":34,"Ring of the Snake":0},{"Darkstone Periapt":20,"Lantern":18,"Torii":15,"Nilry\u0027s Codex":10,"Tingsha":12,"The Courier":4,"Paper Crane":12,"Mercury Hourglass":15,"ClockworkSouvenir":18,"Frozen Eye":26,"Nunchaku":18,"Pantograph":6,"Prayer Wheel":4,"Molten Egg 2":7,"Pandora\u0027s Box":9,"Red Mask":11,"StrikeDummy":27,"Ring of the Serpent":16,"Ring of the Snake":0},{"Darkstone Periapt":85,"Lantern":80,"Torii":72,"Nilry\u0027s Codex":53,"Tingsha":62,"The Courier":17,"Paper Crane":62,"Mercury Hourglass":72,"ClockworkSouvenir":80,"Frozen Eye":109,"Nunchaku":80,"Pantograph":30,"Prayer Wheel":17,"Molten Egg 2":36,"Pandora\u0027s Box":47,"Red Mask":58,"StrikeDummy":112,"Ring of the Serpent":77,"Ring of the Snake":0}]},"card_choices":[{"not_picked":["Crippling Poison","Dagger Throw"],"picked":"Terror","floor":1},{"not_picked":["Deflect","Deadly Poison"],"picked":"Dagger Throw","floor":2},{"not_picked":["Skewer","Dagger Throw","Flying Knee"],"picked":"SKIP","floor":4},{"not_picked":["Dagger Throw","Deadly Poison","Caltrops"],"picked":"SKIP","floor":7},{"not_picked":["Calculated Gamble","Prepared"],"picked":"Venomology","floor":11},{"not_picked":["Outmaneuver","Slice","Bane"],"picked":"SKIP","floor":11},{"not_picked":["Flying Knee","Distraction"],"picked":"Backflip","floor":12},{"not_picked":["Deadly Poison","Outmaneuver"],"picked":"Dagger Throw+1","floor":13},{"not_picked":["Finisher+1","Dash+1"],"picked":"Calculated Gamble","floor":14},{"not_picked":["Setup","Prepared"],"picked":"PiercingWail","floor":14},{"not_picked":["Night Terror","Unload+1"],"picked":"After Image","floor":16},{"not_picked":["Backflip","Masterful Stab+1"],"picked":"Blade Dance","floor":18},{"not_picked":["PiercingWail","Flying Knee+1"],"picked":"Backflip","floor":18},{"not_picked":["Noxious Fumes","Backstab+1"],"picked":"Reflex+1","floor":22},{"not_picked":["Caltrops","After Image"],"picked":"Underhanded Strike+1","floor":24},{"not_picked":["Expertise","Underhanded Strike+1","Flying Knee+1"],"picked":"SKIP","floor":28},{"not_picked":["Underhanded Strike+1","PiercingWail","Cloak And Dagger"],"picked":"SKIP","floor":28},{"not_picked":["Bane+1","Slice+1","PiercingWail"],"picked":"SKIP","floor":29},{"not_picked":["Catalyst","Deflect","Riddle With Holes+1"],"picked":"SKIP","floor":29},{"not_picked":["Backflip","Skewer+1"],"picked":"Wraith Form v2","floor":30},{"not_picked":["Die Die Die+1","Grand Finale+1"],"picked":"Adrenaline","floor":33},{"not_picked":["All Out Attack+1","Distraction+1","Sucker Punch+1"],"picked":"SKIP","floor":35},{"not_picked":["PiercingWail","Backstab+1","Flying Knee+1"],"picked":"SKIP","floor":35},{"not_picked":["Blade Dance+1","Dagger Throw+1"],"picked":"Acrobatics","floor":37},{"not_picked":["Backflip","Slice+1","Flying Knee+1"],"picked":"SKIP","floor":37},{"not_picked":["Underhanded Strike+1","Adrenaline"],"picked":"Well Laid Plans+1","floor":39},{"not_picked":["Dash+1","Dagger Throw+1","Expertise"],"picked":"SKIP","floor":39},{"not_picked":["Escape Plan","Outmaneuver+1"],"picked":"Reflex+1","floor":41},{"not_picked":["Poisoned Stab+1","Sucker Punch+1","Reflex+1"],"picked":"SKIP","floor":42},{"not_picked":["Blade Dance","Slice+1","Dodge and Roll"],"picked":"SKIP","floor":42},{"not_picked":["Heel Hook+1","Endless Agony+1","Blade Dance"],"picked":"SKIP","floor":45},{"not_picked":["Masterful Stab+1","Sucker Punch+1","Backflip"],"picked":"SKIP","floor":46},{"not_picked":["Unload+1","Predator+1","Noxious Fumes+1"],"picked":"SKIP","floor":46},{"not_picked":["Dodge and Roll","Concentrate","PiercingWail"],"picked":"SKIP","floor":48},{"not_picked":["Bane+1","Sucker Punch+1","Finisher+1"],"picked":"SKIP","floor":48},{"not_picked":["Blade Dance","Skewer+1"],"picked":"Caltrops+1","floor":55}],"player_experience":2686737,"relics_obtained":[{"floor":7,"key":"Prayer Wheel"},{"floor":9,"key":"The Courier"},{"floor":12,"key":"Pantograph"},{"floor":13,"key":"Molten Egg 2"},{"floor":20,"key":"Nilry\u0027s Codex"},{"floor":22,"key":"Red Mask"},{"floor":24,"key":"Tingsha"},{"floor":26,"key":"Paper Crane"},{"floor":30,"key":"Torii"},{"floor":41,"key":"Darkstone Periapt"},{"floor":55,"key":"StrikeDummy"}],"event_choices":[{"cards_removed":["Strike_G"],"damage_healed":0,"gold_gain":0,"player_choice":"Card Removal","damage_taken":0,"max_hp_gain":0,"max_hp_loss":0,"event_name":"The Cleric","floor":5,"gold_loss":75},{"damage_healed":0,"gold_gain":0,"player_choice":"Ignored","damage_taken":0,"max_hp_gain":0,"max_hp_loss":0,"event_name":"Liars Game","floor":8,"gold_loss":0},{"damage_healed":0,"gold_gain":30,"player_choice":"Searched \u00272\u0027 times","damage_taken":0,"max_hp_gain":0,"max_hp_loss":0,"event_name":"Dead Adventurer","floor":12,"gold_loss":0},{"damage_healed":0,"gold_gain":0,"player_choice":"Obtained Book","damage_taken":21,"max_hp_gain":0,"max_hp_loss":0,"event_name":"Cursed Tome","floor":20,"gold_loss":0},{"damage_healed":0,"gold_gain":0,"player_choice":"Ignored","damage_taken":0,"max_hp_gain":0,"max_hp_loss":0,"event_name":"Vampires","floor":21,"gold_loss":0},{"damage_healed":0,"gold_gain":0,"player_choice":"Fought Bandits","damage_taken":0,"max_hp_gain":0,"max_hp_loss":0,"event_name":"Masked Bandits","floor":22,"gold_loss":0},{"damage_healed":0,"gold_gain":50,"player_choice":"Stole From Cult","damage_taken":0,"max_hp_gain":0,"max_hp_loss":0,"event_name":"Nest","floor":27,"gold_loss":0},{"damage_healed":0,"gold_gain":0,"player_choice":"Obtained Relic","damage_taken":0,"relics_obtained":["Mercury Hourglass"],"max_hp_gain":0,"max_hp_loss":0,"event_name":"Addict","floor":31,"gold_loss":85},{"damage_healed":0,"gold_gain":222,"player_choice":"Wore Mask","damage_taken":0,"max_hp_gain":0,"max_hp_loss":0,"event_name":"Tomb of Lord Red Mask","floor":36,"gold_loss":0}],"is_beta":false,"boss_relics":[{"not_picked":["Coffee Dripper","Runic Dome"],"picked":"Pandora\u0027s Box"},{"not_picked":["Fusion Hammer","Calling Bell"],"picked":"Ring of the Serpent"}],"items_purged_floors":[3,19,38],"is_endless":false,"potions_floor_spawned":[1,11,14,16,18,24,41,42,46],"ascension_level":20,"potion_discard_per_floor":[[],[],[],[],[],[],[],[],[],[],[],[],[],[],[],["SkillPotion"],[],[],[],[],[],[],[],[],[],[],[],[],[],[],[],[],[],[],[],[],[],[],[],[],[],[],[],[],[],[],[],[],[],[],[],[],[],[],[],[],[]]}