{"neow_bonuses_skipped_log":["RANDOM_COLORLESS","RANDOM_COLORLESS_2","BOSS_RELIC"],"neow_costs_skipped_log":["NONE","NO_GOLD","NONE"],"potions_obtained_entropic_brew":[[],[],[],[],[],[],[],[],[],[],[],[],[],[],[],[],[],[],[],[],[],[],[],[],[],[],[],[],[],[],[],[],[],[],[],[],[],[],[],[],[],[],[],[],[],[],[],[],[],[],[]],"gold_per_floor":[118,136,51,6,23,23,49,69,69,89,14,14,89,109,109,186,186,200,223,223,66,13,13,45,64,64,77,87,87,87,102,102,179,179,195,243,293,308,326,326,326,17,17,17,35,65,90,104,104,104,104],"floor_reached":51,"playtime":3599,"items_purged":["Strike_G","Strike_G"],"score":1369,"play_id":"eece439d-e36a-4799-8faa-667f6ae5f7f1","local_time":"20240831192351","score_breakdown":["Floors Climbed (51): 255","Enemies Slain (16): 32","Exordium Elites Killed (1): 10","City Elites Killed (1): 20","Beyond Elites Killed (1): 30","Bosses Slain (3): 300","Librarian: 25","Champion (1): 25","Ascension (20): 672"],"is_ascension_mode":true,"potions_obtained_alchemize":[[],[],[],[],[],[],[],[],[],[],[],[],[],[],[],[],[],[],[],[],[],[],[],[],[],[],[],[],[],[],[],[],[],[],[],[],[],[],[],[],[],[],[],[],[],[],[],[],[],[],[]],"campfire_choices":[{"data":"Deadly Poison","floor":6.0,"key":"SMITH"},{"data":"Footwork","floor":12.0,"key":"SMITH"},{"floor":15.0,"key":"REST"},{"data":"Calculated Gamble","floor":23.0,"key":"SMITH"},{"data":"Calculated Gamble","floor":29,"key":"SMITH"},{"data":"Prepared","floor":32,"key":"SMITH"},{"floor":40,"key":"REST"},{"data":"Wraith Form v2","floor":44,"key":"SMITH"},{"floor":49,"key":"RECALL"}],"lesson_learned_per_floor":[[],[],[],[],[],[],[],[],[],[],[],[],[],[],[],[],[],[],[],[],[],[],[],[],[],[],[],[],[],[],[],[],[],[],[],[],[],[],[],[],[],[],[],[],[],[],[],[],[],[],[]],"neow_cost":"NONE","improvable_cards":{},"seed_source_timestamp":92539312514000,"shop_contents":[{"floor":3,"relics":["Omamori","Bag of Marbles","OrangePellets"],"cards":["Dagger Spray","Quick Slash","Prepared","Caltrops","Enlightenment","Mayhem"],"potions":["AttackPotion","SpeedPotion","LiquidBronze"]},{"floor":4,"relics":["Blood Vial","Lizard Tail","Toolbox"],"cards":["Quick Slash","Heel Hook","Leg Sweep","Prepared","Deep Breath","The Bomb"],"potions":["Weak Potion","PowerPotion","Regen Potion"]},{"floor":21,"relics":["Blue Candle","Meat on the Bone","Cauldron"],"cards":["Backstab","Night Terror","Noxious Fumes","Madness","Metamorphosis"],"potions":["EssenceOfSteel","Block Potion","SneckoOil"]},{"floor":22,"relics":["Calipers","Bronze Scales","Chemical X"],"cards":["Slice","Finisher","Backflip","Blade Dance","Caltrops","Mind Blast","Sadistic Nature"],"potions":["SkillPotion","SpeedPotion"]},{"floor":42,"relics":["Oddly Smooth Stone","Centennial Puzzle","Strange Spoon"],"cards":["Predator","Bane","Backflip","Dodge and Roll","Caltrops","Jack Of All Trades","Chrysalis"],"potions":["SteroidPotion","Dexterity Potion","SpeedPotion"]}],"circlet_count":0,"master_deck":["AscendersBane","Strike_G+1","Strike_G","Defend_G","Defend_G","Defend_G","Defend_G","Defend_G","Survivor","Neutralize+1","Calculated Gamble+1","Backflip","Terror","Infinite Blades","Deadly Poison+1","Footwork+1","Blade Dance","Dodge and Roll","Dodge and Roll","Phantasmal Killer","Calculated Gamble+1","Acrobatics","Underhanded Strike","Eviscerate","Prepared+1","Escape Plan+1","Backflip","Malaise","Underhanded Strike+1","Deflect","Acrobatics","After Image","Wraith Form v2+1","Calculated Gamble+1","Burst"],"special_seed":0,"potion_use_per_floor":[[],[],[],[],[],[],["LiquidMemories"],["SkillPotion"],[],[],[],[],[],[],[],["AttackPotion"],[],[],[],[],[],[],[],["SteroidPotion","AttackPotion"],[],[],[],[],[],[],[],[],["Block Potion"],[],["ColorlessPotion","EssenceOfSteel"],[],[],[],[],[],[],[],[],[],[],[],[],[],[],[],[]],"relics":["Ring of the Snake","Tiny Chest","Whetstone","Akabeko","Runic Pyramid","Pen Nib","The Courier","Question Card","Kunai","Philosopher\u0027s Stone","WingedGreaves","Pantograph","Snake Skull","CaptainsWheel"],"potions_floor_usage":[33,35,35],"damage_taken":[{"damage":7.0,"enemies":"Cultist","floor":1.0,"turns":5.0},{"damage":0.0,"enemies":"Jaw Worm","floor":2.0,"turns":7.0},{"damage":1.0,"enemies":"2 Louse","floor":5.0,"turns":4.0},{"damage":15.0,"enemies":"Lagavulin","floor":7.0,"turns":7.0},{"damage":0.0,"enemies":"Large Slime","floor":8.0,"turns":6.0},{"damage":1.0,"enemies":"2 Fungi Beasts","floor":10.0,"turns":4.0},{"damage":8.0,"enemies":"Exordium Wildlife","floor":14.0,"turns":5.0},{"damage":6.0,"enemies":"The Guardian","floor":16.0,"turns":10.0},{"damage":2.0,"enemies":"Chosen","floor":18.0,"turns":5.0},{"damage":11.0,"enemies":"Book of Stabbing","floor":24.0,"turns":4.0},{"damage":7,"enemies":"2 Thieves","floor":25,"turns":3},{"damage":1,"enemies":"Centurion and Healer","floor":27,"turns":9},{"damage":3,"enemies":"3 Cultists","floor":28,"turns":5},{"damage":0,"enemies":"Snake Plant","floor":31,"turns":3},{"damage":25,"enemies":"Automaton","floor":33,"turns":14},{"damage":3,"enemies":"3 Shapes","floor":35,"turns":5},{"damage":22,"enemies":"2 Orb Walkers","floor":36,"turns":6},{"damage":0,"enemies":"Orb Walker","floor":38,"turns":3},{"damage":2,"enemies":"4 Shapes","floor":39,"turns":7},{"damage":0,"enemies":"Sphere and 2 Shapes","floor":45,"turns":4},{"damage":0,"enemies":"Nemesis","floor":46,"turns":7},{"damage":0,"enemies":"Mind Bloom Boss Battle","floor":47,"turns":5},{"damage":6,"enemies":"Maw","floor":48,"turns":7},{"damage":34,"enemies":"Donu and Deca","floor":50,"turns":24},{"damage":60,"enemies":"Time Eater","floor":51,"turns":15}],"green_key_taken_log":46,"seed_played":"-7374291215200495996","neow_bonus_log":{"cardsObtained":[],"cardsUpgraded":[],"cardsRemoved":[],"cardsTransformed":[],"relicsObtained":["Tiny Chest"],"maxHpGained":0,"goldGained":0,"damageTaken":0,"goldLost":0,"maxHpLost":0},"potions_obtained":[{"floor":5.0,"key":"LiquidMemories"},{"floor":7.0,"key":"SkillPotion"},{"floor":14.0,"key":"AttackPotion"},{"floor":16.0,"key":"AttackPotion"},{"floor":25,"key":"Block Potion"},{"floor":28,"key":"EssenceOfSteel"},{"floor":33,"key":"ColorlessPotion"},{"floor":35,"key":"SteroidPotion"},{"floor":38,"key":"DuplicationPotion"}],"is_trial":false,"path_per_floor":["M","M","$","$","M","R","E","M","T","M","?","R","?","M","R","B",null,"M","T","?","$","$","R","E","M","T","M","M","R","T","M","R","B",null,"M","?","?","M","M","R","T","$","T","R","M","E","?","M","R","B","B"],"character_chosen":"THE_SILENT","basemod:card_modifiers":[null,null,null,null,null,null,null,null,null,null,null,null,null,null,null,null,null,null,null,null,null,null,null,null,null,null,null,null,null,null,null,null,null,null,null],"items_purchased":["Terror","Infinite Blades","Acrobatics","Underhanded Strike","SteroidPotion","After Image","Wraith Form v2"],"campfire_rested":2,"item_purchase_floors":[3,4,21,21,22,42,42],"current_hp_per_floor":[52,52,52,52,51,51,36,36,36,35,35,35,24,16,35,29,57,55,55,55,55,55,55,44,37,37,36,33,33,33,33,33,8,52,49,27,27,27,25,44,44,44,44,44,44,44,66,60,60,32,0],"gold":104,"neow_bonus":"RANDOM_COMMON_RELIC","is_prod":false,"is_daily":false,"rewards_skipped":[{"floor":39,"relics":[],"potions":["Fire Potion"]},{"floor":45,"relics":[],"potions":["DistilledChaos"]},{"floor":46,"relics":[],"potions":["Ancient Potion"]}],"chose_seed":false,"campfire_upgraded":6,"win_rate":0,"floor_exit_playtime":[54,124,144,148,191,202,277,378,380,451,464,473,476,582,586,731,754,833,835,858,876,886,900,1010,1104,1107,1239,1344,1351,1353,1414,1430,1768,1789,1915,2058,2063,2117,2269,2276,2281,2310,2313,2323,2410,2538,2624,2737,2740,3260],"timestamp":1725146631,"blue_key_relic_skipped_log":{"floor":43,"relicID":"Eternal Feather"},"path_taken":["M","M","?","$","M","R","E","M","T","M","?","R","?","M","R","BOSS","M","?","?","?","$","R","E","M","T","?","M","R","?","M","R","BOSS","M","?","?","M","?","R","?","$","T","R","?","E","?","M","R","BOSS","BOSS"],"build_version":"2022-12-18","purchased_purges":2,"victory":false,"max_hp_per_floor":[66,66,66,66,66,66,66,66,66,66,66,66,66,66,66,66,66,66,66,66,66,66,66,66,66,66,66,66,66,66,66,66,66,66,66,66,66,66,66,66,66,66,66,66,66,66,66,66,66,66,66],"relic_stats":{"counters":[25,174],"Pantograph":53,"Tiny Chest":3,"Pen Nib":[25],"The Courier":78,"WingedGreaves":3,"Snake Skull":[10],"Whetstone":["Strike_G","Neutralize"],"Kunai":[41],"Question Card":12,"obtain_stats":[{"Pen Nib":19,"The Courier":24,"Snake Skull":46,"Whetstone":7,"Question Card":26,"Akabeko":9,"CaptainsWheel":47,"Pantograph":41,"Tiny Chest":0,"Philosopher\u0027s Stone":34,"WingedGreaves":36,"Kunai":30,"Ring of the Snake":0,"Runic Pyramid":17},{"Pen Nib":9,"The Courier":10,"Snake Skull":21,"Whetstone":4,"Question Card":11,"Akabeko":5,"CaptainsWheel":22,"Pantograph":19,"Tiny Chest":0,"Philosopher\u0027s Stone":15,"WingedGreaves":17,"Kunai":13,"Ring of the Snake":0,"Runic Pyramid":8},{"Pen Nib":53,"The Courier":57,"Snake Skull":123,"Whetstone":23,"Question Card":60,"Akabeko":29,"CaptainsWheel":128,"Pantograph":112,"Tiny Chest":0,"Philosopher\u0027s Stone":91,"WingedGreaves":102,"Kunai":74,"Ring of the Snake":0,"Runic Pyramid":48}],"Ring of the Snake":[50]},"card_choices":[{"not_picked":["Sucker Punch","Heel Hook"],"picked":"Calculated Gamble","floor":1.0},{"not_picked":["Riddle With Holes","Flying Knee"],"picked":"Backflip","floor":2.0},{"not_picked":["Cloak And Dagger","Prepared"],"picked":"Deadly Poison","floor":5.0},{"not_picked":["Storm of Steel","Dagger Spray"],"picked":"Footwork","floor":7.0},{"not_picked":["Poisoned Stab","Quick Slash"],"picked":"Blade Dance","floor":8.0},{"not_picked":["Deadly Poison","Terror"],"picked":"Dodge and Roll","floor":10.0},{"not_picked":["Bane","Distraction"],"picked":"Dodge and Roll","floor":14.0},{"not_picked":["Night Terror","Wraith Form v2"],"picked":"Phantasmal Killer","floor":16.0},{"not_picked":["Bouncing Flask","Slice","Dagger Spray"],"picked":"SKIP","floor":18.0},{"not_picked":["Bouncing Flask","Slice","Dagger Spray"],"picked":"SKIP","floor":18.0},{"not_picked":["PiercingWail","Flechettes","Escape Plan","Poisoned Stab","Dagger Throw","Flying Knee","Bane","Underhanded Strike","Sucker Punch","Expertise","Slice","Accuracy","Outmaneuver","Concentrate","Riddle With Holes","Blade Dance","Endless Agony","Eviscerate","Backflip"],"picked":"Calculated Gamble","floor":20.0},{"not_picked":["Bouncing Flask","Dagger Throw"],"picked":"Eviscerate","floor":24},{"not_picked":["Outmaneuver","Sucker Punch"],"picked":"Prepared","floor":25},{"not_picked":["Deadly Poison","PiercingWail","All Out Attack"],"picked":"Escape Plan+1","floor":27},{"not_picked":["Finisher+1","Slice","Well Laid Plans","Heel Hook"],"picked":"SKIP","floor":28},{"not_picked":["Dagger Spray","Cloak And Dagger","Distraction"],"picked":"Backflip","floor":31},{"not_picked":["Corpse Explosion","Doppelganger","Tools of the Trade"],"picked":"Malaise","floor":33},{"not_picked":["Cloak And Dagger+1","Leg Sweep","Blade Dance"],"picked":"Underhanded Strike+1","floor":35},{"not_picked":["Catalyst","Dagger Spray","Accuracy","Dash"],"picked":"SKIP","floor":36},{"not_picked":["PiercingWail","Slice","Outmaneuver"],"picked":"Deflect","floor":38},{"not_picked":["Infinite Blades","PiercingWail","Bane"],"picked":"Acrobatics","floor":39},{"not_picked":["Sucker Punch","Setup","Masterful Stab","Eviscerate"],"picked":"SKIP","floor":45},{"not_picked":["Outmaneuver+1","Deadly Poison","Underhanded Strike"],"picked":"Calculated Gamble+1","floor":46},{"not_picked":["Backflip","Finisher","Quick Slash","Poisoned Stab+1"],"picked":"SKIP","floor":47},{"not_picked":["Acrobatics","Escape Plan","Catalyst"],"picked":"Burst","floor":48}],"player_experience":2695354,"relics_obtained":[{"floor":7.0,"key":"Whetstone"},{"floor":9.0,"key":"Akabeko"},{"floor":19.0,"key":"Pen Nib"},{"floor":24,"key":"The Courier"},{"floor":26,"key":"Question Card"},{"floor":30,"key":"Kunai"},{"floor":36,"key":"WingedGreaves"},{"floor":41,"key":"Pantograph"},{"floor":46,"key":"Snake Skull"},{"floor":47,"key":"CaptainsWheel"}],"event_choices":[{"cards_removed":["Strike_G"],"damage_healed":0.0,"max_hp_gain":0.0,"max_hp_loss":0.0,"gold_gain":0.0,"event_name":"The Cleric","player_choice":"Card Removal","floor":11.0,"gold_loss":75.0,"damage_taken":0.0},{"damage_healed":0.0,"max_hp_gain":0.0,"max_hp_loss":0.0,"gold_gain":75.0,"event_name":"World of Goop","player_choice":"Gather Gold","floor":13.0,"gold_loss":0.0,"damage_taken":11.0},{"damage_healed":0.0,"max_hp_gain":0.0,"max_hp_loss":0.0,"gold_gain":0.0,"event_name":"The Library","player_choice":"Read","floor":20.0,"gold_loss":0.0,"damage_taken":0.0,"cards_obtained":["Calculated Gamble"]},{"damage_healed":0,"gold_gain":0,"player_choice":"Fight","damage_taken":0,"max_hp_gain":0,"max_hp_loss":0,"event_name":"Mysterious Sphere","floor":36,"gold_loss":0},{"damage_healed":0,"gold_gain":50,"player_choice":"Pray","damage_taken":0,"max_hp_gain":0,"max_hp_loss":0,"event_name":"Golden Shrine","floor":37,"gold_loss":0},{"damage_healed":0,"gold_gain":0,"player_choice":"Fight","damage_taken":0,"max_hp_gain":0,"max_hp_loss":0,"event_name":"MindBloom","floor":47,"gold_loss":0}],"is_beta":false,"boss_relics":[{"not_picked":["Calling Bell","Astrolabe"],"picked":"Runic Pyramid"},{"not_picked":["Empty Cage","SacredBark"],"picked":"Philosopher\u0027s Stone"}],"items_purged_floors":[21,42],"is_endless":false,"potions_floor_spawned":[5,7,14,16,25,28,33,35,38,39,45,46],"killed_by":"Time Eater","ascension_level":20,"potion_discard_per_floor":[[],[],[],[],[],[],[],[],[],[],[],[],[],[],[],[],[],[],[],[],[],[],[],[],[],[],[],[],[],[],[],[],[],[],[],[],[],[],[],[],[],[],[],[],[],[],[],[],[],[],[]]}