{"neow_bonuses_skipped_log":["REMOVE_CARD","RANDOM_COMMON_RELIC","BOSS_RELIC"],"neow_costs_skipped_log":["NONE","NONE","NONE"],"potions_obtained_entropic_brew":[[],[],[],[],[],[],[],[],[],[],[],[],[],[],[],[],[],[],[],[],[],[],[],[],[],[],[],[],[],[],[],[],[]],"gold_per_floor":[361,361,43,43,62,62,79,114,114,35,35,35,49,65,65,156,156,172,62,83,83,107,107,107,141,141,141,160,85,98,112,112,112],"floor_reached":33,"playtime":1317,"items_purged":["Normality"],"score":534,"play_id":"5c14be10-63c6-4535-90a7-ef8fdb15c674","local_time":"20240831194625","score_breakdown":["Floors Climbed (33): 165","Enemies Slain (11): 22","Exordium Elites Killed (1): 10","City Elites Killed (1): 20","Bosses Slain (1): 50","Ascension (20): 267"],"is_ascension_mode":true,"potions_obtained_alchemize":[[],[],[],[],[],[],[],[],[],[],[],[],[],[],[],[],[],[],[],[],[],[],[],[],[],[],[],[],[],[],[],[],[]],"campfire_choices":[{"floor":6,"key":"REST"},{"data":"Tactician","floor":15,"key":"SMITH"},{"data":"Well Laid Plans","floor":23,"key":"SMITH"},{"data":"Adrenaline","floor":27,"key":"SMITH"},{"floor":32,"key":"REST"}],"lesson_learned_per_floor":[[],[],[],[],[],[],[],[],[],[],[],[],[],[],[],[],[],[],[],[],[],[],[],[],[],[],[],[],[],[],[],[],[]],"neow_cost":"CURSE","improvable_cards":{},"seed_source_timestamp":96168026553700,"shop_contents":[{"floor":3,"relics":["Happy Flower","Mummified Hand"],"cards":["Dagger Spray","Deadly Poison","Leg Sweep","Caltrops","Mind Blast","Secret Weapon"],"potions":["SmokeBomb","Block Potion"]},{"floor":10,"relics":["Du-Vu Doll","Oddly Smooth Stone","Strange Spoon"],"cards":["Glass Knife","Backstab","Acrobatics","Prepared","Panacea","HandOfGreed"],"potions":["SmokeBomb","Dexterity Potion","BlessingOfTheForge"]}],"circlet_count":0,"master_deck":["AscendersBane","Strike_G","Defend_G","Defend_G","Defend_G","Survivor","Neutralize","Dash","Underhanded Strike","Backstab","Noxious Fumes+1","Adrenaline+1","Noxious Fumes","Well Laid Plans+1","Acrobatics","Tactician+1","Die Die Die","Die Die Die","Predator","Unload","PiercingWail+1","Prepared+1","Cloak And Dagger+1"],"special_seed":0,"potion_use_per_floor":[[],[],[],[],[],[],[],["SteroidPotion"],[],[],[],[],[],[],[],["DuplicationPotion"],[],[],[],[],[],[],[],[],[],[],[],["GamblersBrew"],[],[],[],[],[]],"relics":["Ring of the Snake","Sundial","Toolbox","Blood Vial","Nunchaku","Golden Idol","Sozu","Toy Ornithopter","Bottled Lightning"],"potions_floor_usage":[8,16,28],"damage_taken":[{"damage":6.0,"enemies":"2 Louse","floor":1.0,"turns":5.0},{"damage":0,"enemies":"Jaw Worm","floor":5,"turns":3},{"damage":2,"enemies":"Small Slimes","floor":7,"turns":4},{"damage":13,"enemies":"Gremlin Nob","floor":8,"turns":4},{"damage":0,"enemies":"Blue Slaver","floor":13,"turns":2},{"damage":1,"enemies":"Exordium Wildlife","floor":14,"turns":3},{"damage":8,"enemies":"Slime Boss","floor":16,"turns":7},{"damage":17,"enemies":"Spheric Guardian","floor":18,"turns":5},{"damage":0,"enemies":"Chosen","floor":20,"turns":5},{"damage":0,"enemies":"Centurion and Healer","floor":22,"turns":6},{"damage":20,"enemies":"Book of Stabbing","floor":25,"turns":5},{"damage":0,"enemies":"Snake Plant","floor":28,"turns":3},{"damage":6,"enemies":"Shelled Parasite and Fungi","floor":30,"turns":3},{"damage":20,"enemies":"Centurion and Healer","floor":31,"turns":4},{"damage":33,"enemies":"Champ","floor":33,"turns":10}],"seed_played":"-3770633408447213044","neow_bonus_log":{"cardsObtained":["Normality"],"cardsUpgraded":[],"cardsRemoved":[],"cardsTransformed":[],"relicsObtained":[],"maxHpGained":0,"goldGained":250,"damageTaken":0,"goldLost":0,"maxHpLost":0},"potions_obtained":[{"floor":8,"key":"GamblersBrew"},{"floor":14,"key":"DuplicationPotion"}],"is_trial":false,"path_per_floor":["M","?","$","?","M","R","M","E","T","$","?","?","M","M","R","B",null,"M","?","M","?","M","R","?","E","T","R","M","?","M","M","R","B"],"character_chosen":"THE_SILENT","basemod:card_modifiers":[null,null,null,null,null,null,null,null,null,null,null,null,null,null,null,null,null,null,null,null,null,null,null],"items_purchased":["Toolbox","SteroidPotion","Underhanded Strike","Noxious Fumes"],"campfire_rested":2,"item_purchase_floors":[3,3,3,10],"current_hp_per_floor":[53,27,27,20,20,39,37,24,24,24,24,24,26,27,27,21,50,35,35,37,37,39,39,39,21,21,21,28,28,24,6,24,0],"gold":112,"neow_bonus":"TWO_FIFTY_GOLD","is_prod":false,"is_daily":false,"rewards_skipped":[{"floor":25,"relics":[],"potions":["ColorlessPotion"]},{"floor":28,"relics":[],"potions":["PowerPotion"]},{"floor":30,"relics":[],"potions":["Fire Potion"]}],"chose_seed":false,"campfire_upgraded":3,"win_rate":0,"floor_exit_playtime":[59,65,91,99,131,135,172,214,219,233,246,249,285,324,337,456,478,549,574,648,656,749,756,760,843,848,860,933,944,1016,1099,1100],"timestamp":1725147985,"path_taken":["M","?","$","?","?","R","M","E","T","$","?","?","M","M","R","BOSS","M","?","?","?","M","R","?","E","T","R","M","?","?","M","R","BOSS"],"build_version":"2022-12-18","purchased_purges":1,"victory":false,"max_hp_per_floor":[66,66,66,66,66,66,66,66,66,66,66,60,60,60,60,60,60,60,60,60,60,60,60,60,60,60,60,60,60,60,60,60,60],"relic_stats":{"Blood Vial":22,"Sozu":3,"Nunchaku":[15],"counters":[15,69],"Sundial":[14],"Golden Idol":53,"Bottled Lightning":"Adrenaline","obtain_stats":[{"Blood Vial":8,"Sozu":17,"Nunchaku":9,"Sundial":2,"Golden Idol":12,"Toolbox":3,"Bottled Lightning":26,"Toy Ornithopter":25,"Ring of the Snake":0},{"Blood Vial":4,"Sozu":7,"Nunchaku":4,"Sundial":1,"Golden Idol":4,"Toolbox":1,"Bottled Lightning":11,"Toy Ornithopter":11,"Ring of the Snake":0},{"Blood Vial":16,"Sozu":28,"Nunchaku":16,"Sundial":5,"Golden Idol":16,"Toolbox":5,"Bottled Lightning":49,"Toy Ornithopter":49,"Ring of the Snake":0}],"Toy Ornithopter":5,"Ring of the Snake":[30]},"card_choices":[{"not_picked":["Bane","Sucker Punch"],"picked":"Dash","floor":1.0},{"not_picked":["Cloak And Dagger","Poisoned Stab"],"picked":"Backstab","floor":5},{"not_picked":["Poisoned Stab","Sucker Punch"],"picked":"Noxious Fumes","floor":7},{"not_picked":["Backflip","Dagger Spray"],"picked":"Adrenaline","floor":8},{"not_picked":["Crippling Poison","Escape Plan"],"picked":"Acrobatics","floor":13},{"not_picked":["Bane","Quick Slash"],"picked":"Tactician","floor":14},{"not_picked":["Phantasmal Killer","Unload"],"picked":"Die Die Die","floor":16},{"not_picked":["Dodge and Roll","Bane","Poisoned Stab"],"picked":"SKIP","floor":18},{"not_picked":["Underhanded Strike","Sucker Punch"],"picked":"Die Die Die","floor":20},{"not_picked":["Dagger Spray","Flying Knee"],"picked":"PiercingWail+1","floor":22},{"not_picked":["Quick Slash+1","Flechettes","Dodge and Roll"],"picked":"SKIP","floor":25},{"not_picked":["Crippling Poison","Bane"],"picked":"Prepared+1","floor":28},{"not_picked":["A Thousand Cuts","Prepared","Deflect"],"picked":"SKIP","floor":30},{"not_picked":["Heel Hook","Slice"],"picked":"Cloak And Dagger+1","floor":31}],"player_experience":2698953,"relics_obtained":[{"floor":8,"key":"Blood Vial"},{"floor":9,"key":"Nunchaku"},{"floor":25,"key":"Toy Ornithopter"},{"floor":26,"key":"Bottled Lightning"}],"event_choices":[{"damage_healed":0.0,"max_hp_gain":0.0,"max_hp_loss":0.0,"gold_gain":0.0,"event_name":"Scrap Ooze","player_choice":"Success","floor":2.0,"gold_loss":0.0,"damage_taken":26.0,"relics_obtained":["Sundial"]},{"cards_removed":["Defend_G"],"damage_healed":0.0,"max_hp_gain":0.0,"max_hp_loss":0.0,"gold_gain":0.0,"event_name":"Golden Wing","player_choice":"Card Removal","floor":4.0,"gold_loss":0.0,"damage_taken":7.0},{"damage_healed":0,"gold_gain":0,"cards_transformed":["Strike_G"],"player_choice":"Change","damage_taken":0,"max_hp_gain":0,"max_hp_loss":0,"event_name":"Living Wall","floor":11,"gold_loss":0,"cards_obtained":["Well Laid Plans"]},{"damage_healed":0,"gold_gain":0,"player_choice":"Lose Max HP","damage_taken":0,"relics_obtained":["Golden Idol"],"max_hp_gain":0,"max_hp_loss":6,"event_name":"Golden Idol","floor":12,"gold_loss":0},{"cards_removed":["Strike_G"],"damage_healed":0,"gold_gain":0,"player_choice":"Upgrade and Remove","damage_taken":0,"max_hp_gain":0,"max_hp_loss":0,"event_name":"Designer","floor":19,"gold_loss":110,"cards_upgraded":["Noxious Fumes"]},{"damage_healed":0,"gold_gain":0,"cards_transformed":["Strike_G","Strike_G"],"player_choice":"Became Test Subject","damage_taken":0,"max_hp_gain":0,"max_hp_loss":0,"event_name":"Drug Dealer","floor":21,"gold_loss":0,"cards_obtained":["Predator","Unload"]},{"damage_healed":0,"gold_gain":0,"player_choice":"Ignored","damage_taken":0,"max_hp_gain":0,"max_hp_loss":0,"event_name":"The Mausoleum","floor":24,"gold_loss":0},{"cards_removed":["Defend_G"],"damage_healed":0,"gold_gain":0,"player_choice":"Gave Gold","damage_taken":0,"max_hp_gain":0,"max_hp_loss":0,"event_name":"Beggar","floor":29,"gold_loss":75}],"is_beta":false,"boss_relics":[{"not_picked":["Coffee Dripper","Empty Cage"],"picked":"Sozu"}],"items_purged_floors":[3],"is_endless":false,"potions_floor_spawned":[8,14,25,28,30],"killed_by":"Champ","ascension_level":20,"potion_discard_per_floor":[[],[],[],[],[],[],[],[],[],[],[],[],[],[],[],[],[],[],[],[],[],[],[],[],[],[],[],[],[],[],[],[],[]]}