{"neow_bonuses_skipped_log":["RANDOM_COLORLESS","THREE_ENEMY_KILL","BOSS_RELIC"],"neow_costs_skipped_log":["NONE","NONE","NONE"],"potions_obtained_entropic_brew":[[],[],[],[],[],[],[],[],[],[],[],[],["SkillPotion","GamblersBrew"],[],[],[],[],[],[],[],[],[],[],[],[],[],[],[],[],[],[],[],[],[],[],[],[],[],[],[],[]],"gold_per_floor":[114,114,134,48,61,61,95,95,149,162,188,188,204,216,216,292,292,306,306,324,324,26,26,56,56,56,56,56,82,102,122,122,194,194,204,216,235,260,305,337,349],"floor_reached":41,"playtime":2168,"items_purged":["Strike_G"],"score":972,"play_id":"25e6a4f3-c057-4baa-98ce-dd65f76c0d44","local_time":"20240831182323","score_breakdown":["Floors Climbed (41): 205","Enemies Slain (13): 26","Exordium Elites Killed (1): 10","City Elites Killed (2): 40","Beyond Elites Killed (1): 30","Bosses Slain (2): 150","Overkill: 25","Ascension (20): 486"],"is_ascension_mode":true,"potions_obtained_alchemize":[[],[],[],[],[],[],[],[],[],[],[],[],[],[],[],[],[],[],[],[],[],[],[],[],[],[],[],[],[],[],[],[],[],[],[],[],[],[],[],[],[]],"campfire_choices":[{"data":"Flying Knee","floor":6,"key":"SMITH"},{"data":"Dagger Spray","floor":8,"key":"SMITH"},{"data":"Terror","floor":15,"key":"SMITH"},{"data":"Prepared","floor":23,"key":"SMITH"},{"floor":25,"key":"REST"},{"data":"Phantasmal Killer","floor":32,"key":"SMITH"}],"lesson_learned_per_floor":[[],[],[],[],[],[],[],[],[],[],[],[],[],[],[],[],[],[],[],[],[],[],[],[],[],[],[],[],[],[],[],[],[],[],[],[],[],[],[],[],[]],"neow_cost":"TEN_PERCENT_HP_LOSS","improvable_cards":{"RitualDagger":[50]},"seed_source_timestamp":90349635975200,"shop_contents":[{"floor":4,"relics":["Blood Vial","Bag of Preparation","OrangePellets"],"cards":["Bane","Cloak And Dagger","Catalyst","Infinite Blades","Good Instincts","Violence"],"potions":["Block Potion","Dexterity Potion"]},{"floor":22,"relics":["Mercury Hourglass","Pantograph"],"cards":["Flechettes","Masterful Stab","Prepared","Caltrops","Discovery","Master of Strategy"],"potions":["Swift Potion","Fire Potion","Regen Potion"]}],"circlet_count":0,"master_deck":["AscendersBane","Strike_G","Strike_G","Strike_G+1","Strike_G+1","Defend_G","Defend_G","Defend_G","Defend_G","Defend_G","Survivor","Neutralize","Backflip","Flying Knee+1","Terror+1","Dagger Spray+1","Prepared+1","Masterful Stab","Acrobatics","Phantasmal Killer+1","Acrobatics","RitualDagger","PiercingWail","Predator","Escape Plan+1","Noxious Fumes","Wraith Form v2","Footwork","Acrobatics","Backflip","Corpse Explosion"],"potion_use_per_floor":[[],[],[],[],[],[],["SteroidPotion"],[],[],["EssenceOfSteel"],[],[],["EntropicBrew","SkillPotion"],[],[],["GamblersBrew"],[],[],[],[],[],[],[],["BlessingOfTheForge"],[],[],[],[],[],[],[],[],["PowerPotion"],[],[],[],[],[],[],["Fire Potion"],[]],"relics":["Ring of the Snake","CaptainsWheel","Art of War","Regal Pillow","Strawberry","Akabeko","Cursed Key","ClockworkSouvenir","Ninja Scroll","Pen Nib","SlaversCollar","Tingsha","Du-Vu Doll","MawBank"],"potions_floor_usage":[7,10,13,13,16,24,33,40],"damage_taken":[{"damage":7,"enemies":"Small Slimes","floor":1,"turns":4},{"damage":1,"enemies":"Jaw Worm","floor":3,"turns":4},{"damage":0,"enemies":"2 Louse","floor":5,"turns":2},{"damage":3,"enemies":"Gremlin Nob","floor":7,"turns":3},{"damage":1,"enemies":"2 Fungi Beasts","floor":10,"turns":2},{"damage":0,"enemies":"3 Louse","floor":13,"turns":4},{"damage":2,"enemies":"Large Slime","floor":14,"turns":4},{"damage":21,"enemies":"Slime Boss","floor":16,"turns":7},{"damage":11,"enemies":"Shell Parasite","floor":18,"turns":2},{"damage":0,"enemies":"Chosen","floor":20,"turns":2},{"damage":6,"enemies":"Slavers","floor":24,"turns":4},{"damage":2,"enemies":"Book of Stabbing","floor":29,"turns":4},{"damage":0,"enemies":"Snake Plant","floor":30,"turns":3},{"damage":0,"enemies":"Chosen and Byrds","floor":31,"turns":3},{"damage":31,"enemies":"Champ","floor":33,"turns":9},{"damage":3,"enemies":"3 Darklings","floor":35,"turns":4},{"damage":1,"enemies":"3 Shapes","floor":36,"turns":6},{"damage":1,"enemies":"Sphere and 2 Shapes","floor":37,"turns":4},{"damage":1,"enemies":"Mind Bloom Boss Battle","floor":38,"turns":7},{"damage":3,"enemies":"2 Orb Walkers","floor":39,"turns":4},{"damage":26,"enemies":"Nemesis","floor":40,"turns":5},{"damage":32,"enemies":"Maw","floor":41,"turns":5}],"green_key_taken_log":40,"seed_played":"-5783030429214749330","neow_bonus_log":{"cardsObtained":[],"cardsUpgraded":[],"cardsRemoved":[],"cardsTransformed":[],"relicsObtained":["CaptainsWheel"],"maxHpGained":0,"goldGained":0,"damageTaken":0,"goldLost":0,"maxHpLost":6},"potions_obtained":[{"floor":1,"key":"Ancient Potion"},{"floor":5,"key":"EssenceOfSteel"},{"floor":7,"key":"EntropicBrew"},{"floor":16,"key":"Strength Potion"},{"floor":18,"key":"BlessingOfTheForge"},{"floor":29,"key":"Fire Potion"},{"floor":31,"key":"PowerPotion"},{"floor":38,"key":"LiquidBronze"}],"is_trial":false,"path_per_floor":["M","?","M","$","M","R","E","R","T","M","T","?","M","M","R","B",null,"M","?","M","?","$","R","E","R","T","?","?","E","M","M","R","B",null,"M","M","M","?","?","E","M"],"character_chosen":"THE_SILENT","basemod:card_modifiers":[null,null,null,null,null,null,null,null,null,null,null,null,null,null,null,null,null,null,null,null,null,null,null,null,null,null,null,null,null,null,null],"items_purchased":["Flying Knee","SteroidPotion","ClockworkSouvenir","PiercingWail"],"campfire_rested":1,"item_purchase_floors":[4,4,22,22],"current_hp_per_floor":[52,34,33,33,33,33,30,30,30,29,36,31,31,29,29,8,52,41,35,35,35,35,35,29,64,64,64,64,62,62,62,62,31,58,55,54,53,52,49,23,0],"gold":349,"neow_bonus":"ONE_RARE_RELIC","is_prod":false,"is_daily":false,"rewards_skipped":[{"floor":39,"relics":[],"potions":["Explosive Potion"]}],"chose_seed":false,"campfire_upgraded":5,"win_rate":0,"floor_exit_playtime":[59,66,113,136,176,190,257,262,264,326,329,333,442,518,524,692,709,750,764,793,807,831,856,958,974,986,989,993,1061,1124,1196,1205,1422,1440,1530,1659,1754,1873,1952,2051],"timestamp":1725143003,"path_taken":["M","?","M","$","M","R","E","R","T","M","?","?","M","M","R","BOSS","M","?","M","?","$","R","E","R","T","?","?","E","M","M","R","BOSS","M","M","M","?","?","E","M"],"build_version":"2022-12-18","purchased_purges":1,"victory":false,"max_hp_per_floor":[60,60,60,60,60,60,60,60,60,60,67,67,67,67,67,67,67,67,67,67,67,67,67,67,67,67,67,67,67,67,67,67,67,67,67,67,67,67,67,67,67],"relic_stats":{"Regal Pillow":15,"counters":[22,92],"Tingsha":[49],"Pen Nib":[11],"Art of War":[10],"Cursed Key":0,"MawBank":12,"obtain_stats":[{"Regal Pillow":9,"Tingsha":38,"Pen Nib":29,"Cursed Key":17,"MawBank":40,"Akabeko":12,"ClockworkSouvenir":22,"Du-Vu Doll":39,"SlaversCollar":34,"CaptainsWheel":0,"Ninja Scroll":24,"Strawberry":11,"Art of War":7,"Ring of the Snake":0},{"Regal Pillow":4,"Tingsha":19,"Pen Nib":12,"Cursed Key":8,"MawBank":21,"Akabeko":5,"ClockworkSouvenir":10,"Du-Vu Doll":20,"SlaversCollar":15,"CaptainsWheel":0,"Ninja Scroll":11,"Strawberry":5,"Art of War":4,"Ring of the Snake":0},{"Regal Pillow":13,"Tingsha":78,"Pen Nib":42,"Cursed Key":30,"MawBank":87,"Akabeko":15,"ClockworkSouvenir":34,"Du-Vu Doll":82,"SlaversCollar":57,"CaptainsWheel":0,"Ninja Scroll":38,"Strawberry":15,"Art of War":13,"Ring of the Snake":0}],"Ring of the Snake":[44]},"card_choices":[{"not_picked":["Riddle With Holes","Reflex"],"picked":"Backflip","floor":1},{"not_picked":["Expertise","Catalyst","Distraction"],"picked":"SKIP","floor":3},{"not_picked":["Underhanded Strike","Bane"],"picked":"Terror","floor":5},{"not_picked":["Tools of the Trade","Malaise"],"picked":"Dagger Spray","floor":7},{"not_picked":["Dodge and Roll","Cloak And Dagger"],"picked":"Prepared","floor":10},{"not_picked":["Sucker Punch","Poisoned Stab"],"picked":"Masterful Stab","floor":13},{"not_picked":["Quick Slash","Cloak And Dagger"],"picked":"Acrobatics","floor":14},{"not_picked":["Burst","Wraith Form v2"],"picked":"Phantasmal Killer","floor":16},{"not_picked":["Cloak And Dagger+1","Accuracy"],"picked":"Acrobatics","floor":18},{"not_picked":["Accuracy","Skewer","Slice"],"picked":"SKIP","floor":20},{"not_picked":["Storm of Steel","Choke","Deadly Poison"],"picked":"SKIP","floor":24},{"not_picked":["Sucker Punch","Blade Dance"],"picked":"Predator","floor":29},{"not_picked":["Acrobatics","Distraction+1"],"picked":"Escape Plan+1","floor":30},{"not_picked":["Acrobatics","Bane"],"picked":"Noxious Fumes","floor":31},{"not_picked":["Venomology","Grand Finale"],"picked":"Wraith Form v2","floor":33},{"not_picked":["Flying Knee","PiercingWail"],"picked":"Footwork","floor":35},{"not_picked":["PiercingWail","Eviscerate"],"picked":"Acrobatics","floor":36},{"not_picked":["Prepared","Dagger Throw+1","Blade Dance"],"picked":"SKIP","floor":37},{"not_picked":["Deflect","Sucker Punch+1"],"picked":"Backflip","floor":38},{"not_picked":["Dodge and Roll+1","PiercingWail+1"],"picked":"Corpse Explosion","floor":39},{"not_picked":["Dagger Throw","Skewer","Envenom"],"picked":"SKIP","floor":40}],"player_experience":2693186,"relics_obtained":[{"floor":7,"key":"Art of War"},{"floor":9,"key":"Regal Pillow"},{"floor":11,"key":"Strawberry"},{"floor":24,"key":"Ninja Scroll"},{"floor":29,"key":"Pen Nib"},{"floor":38,"key":"Tingsha"},{"floor":39,"key":"Du-Vu Doll"},{"floor":40,"key":"MawBank"}],"event_choices":[{"damage_healed":0,"gold_gain":0,"player_choice":"Entered Light","damage_taken":18,"max_hp_gain":0,"max_hp_loss":0,"event_name":"Shining Light","floor":2,"gold_loss":0,"cards_upgraded":["Strike_G","Strike_G"]},{"damage_healed":0,"gold_gain":0,"player_choice":"Success","damage_taken":5,"relics_obtained":["Akabeko"],"max_hp_gain":0,"max_hp_loss":0,"event_name":"Scrap Ooze","floor":12,"gold_loss":0},{"damage_healed":0,"gold_gain":0,"player_choice":"Joined the Cult","damage_taken":6,"max_hp_gain":0,"max_hp_loss":0,"event_name":"Nest","floor":19,"gold_loss":0,"cards_obtained":["RitualDagger"]},{"damage_healed":0,"gold_gain":0,"player_choice":"Ignored","damage_taken":0,"max_hp_gain":0,"max_hp_loss":0,"event_name":"Cursed Tome","floor":21,"gold_loss":0},{"damage_healed":0,"gold_gain":0,"player_choice":"Ignored","damage_taken":0,"max_hp_gain":0,"max_hp_loss":0,"event_name":"Ghosts","floor":28,"gold_loss":0},{"damage_healed":0,"gold_gain":0,"player_choice":"Fight","damage_taken":0,"max_hp_gain":0,"max_hp_loss":0,"event_name":"MindBloom","floor":38,"gold_loss":0},{"damage_healed":0,"gold_gain":0,"player_choice":"Fight","damage_taken":0,"max_hp_gain":0,"max_hp_loss":0,"event_name":"Mysterious Sphere","floor":39,"gold_loss":0}],"is_beta":false,"boss_relics":[{"not_picked":["Empty Cage","Velvet Choker"],"picked":"Cursed Key"},{"not_picked":["Black Star","Runic Dome"],"picked":"SlaversCollar"}],"items_purged_floors":[22],"is_endless":false,"potions_floor_spawned":[1,5,7,16,18,29,31,38,39],"killed_by":"Maw","ascension_level":20,"potion_discard_per_floor":[[],[],[],[],["Ancient Potion"],[],[],[],[],[],[],[],[],[],[],[],[],[],[],[],[],[],[],[],[],[],[],[],[],[],["Strength Potion"],[],[],[],[],[],[],[],[],[],[]]}