{"neow_bonuses_skipped_log":["RANDOM_COLORLESS","TWENTY_PERCENT_HP_BONUS","BOSS_RELIC"],"potions_obtained_entropic_brew":[[],[],[],[],[],[],[],[],[],[],[],[],[],[],[],[]],"neow_costs_skipped_log":["NONE","NO_GOLD","NONE"],"gold_per_floor":[109,109,123,140,160,160,193,193,193,208,242,260,260,270,270,270],"floor_reached":16,"playtime":724,"items_purged":[],"score":228,"play_id":"47b8f89c-9f6c-4cd6-8b02-0155e2b87ba7","local_time":"20240919004522","score_breakdown":["Floors Climbed (16): 80","Enemies Slain (7): 14","Exordium Elites Killed (2): 20","Bosses Slain (0): 0","Ascension (20): 114"],"is_ascension_mode":true,"potions_obtained_alchemize":[[],[],[],[],[],[],[],[],[],[],[],[],[],[],[],[]],"campfire_choices":[{"data":"Noxious Fumes","floor":6.0,"key":"SMITH"},{"floor":8,"key":"REST"},{"data":"Dagger Spray","floor":13,"key":"SMITH"},{"data":"Crippling Poison","floor":15,"key":"SMITH"}],"lesson_learned_per_floor":[[],[],[],[],[],[],[],[],[],[],[],[],[],[],[],[]],"neow_cost":"NONE","improvable_cards":{},"seed_source_timestamp":588734630568700,"shop_contents":[],"circlet_count":0,"master_deck":["AscendersBane","Strike_G","Strike_G","Strike_G","Strike_G","Strike_G","Defend_G","Defend_G","Defend_G","Defend_G","Defend_G","Survivor","Neutralize","Dash","Dagger Spray+1","Endless Agony","Noxious Fumes+1","Backstab","Blade Dance","Backflip","Crippling Poison+1"],"special_seed":0,"potion_use_per_floor":[[],[],[],[],[],[],["Strength Potion"],[],[],[],["FearPotion"],[],[],[],[],["EssenceOfSteel","Explosive Potion"]],"relics":["Ring of the Snake","Bag of Marbles","Centennial Puzzle","InkBottle"],"potions_floor_usage":[7,11,16,16],"damage_taken":[{"damage":7.0,"enemies":"Small Slimes","floor":1.0,"turns":5.0},{"damage":0.0,"enemies":"Cultist","floor":3.0,"turns":4.0},{"damage":4.0,"enemies":"Jaw Worm","floor":4.0,"turns":4.0},{"damage":8.0,"enemies":"3 Louse","floor":5.0,"turns":4.0},{"damage":22,"enemies":"3 Sentries","floor":7,"turns":5},{"damage":0,"enemies":"Red Slaver","floor":10,"turns":2},{"damage":17,"enemies":"Lagavulin","floor":11,"turns":6},{"damage":1,"enemies":"Large Slime","floor":12,"turns":4},{"damage":0,"enemies":"3 Louse","floor":14,"turns":3},{"damage":19,"enemies":"Hexaghost","floor":16,"turns":9}],"seed_played":"-7829219109362583496","neow_bonus_log":{"cardsObtained":[],"cardsUpgraded":[],"cardsRemoved":[],"cardsTransformed":[],"relicsObtained":[],"maxHpGained":0,"goldGained":0,"damageTaken":0,"goldLost":0,"maxHpLost":0},"potions_obtained":[{"floor":0.0,"key":"FearPotion"},{"floor":0.0,"key":"BlessingOfTheForge"},{"floor":2.0,"key":"Strength Potion"},{"floor":7,"key":"Explosive Potion"},{"floor":12,"key":"EssenceOfSteel"}],"is_trial":false,"path_per_floor":["M","?","M","M","M","R","E","R","T","M","E","M","R","M","R","B"],"character_chosen":"THE_SILENT","basemod:card_modifiers":[null,null,null,null,null,null,null,null,null,null,null,null,null,null,null,null,null,null,null,null,null],"items_purchased":[],"campfire_rested":1,"item_purchase_floors":[],"current_hp_per_floor":[52,52,52,48,40,40,18,37,37,37,20,19,19,19,19,0],"gold":270,"neow_bonus":"THREE_SMALL_POTIONS","is_prod":false,"is_daily":false,"rewards_skipped":[{"floor":0,"relics":[],"potions":["ColorlessPotion"]},{"floor":2,"relics":[],"potions":["Regen Potion"]},{"floor":4,"relics":[],"potions":["Strength Potion"]}],"chose_seed":false,"campfire_upgraded":3,"win_rate":0,"floor_exit_playtime":[91,171,203,235,292,307,359,367,370,394,470,539,549,611,615],"timestamp":1726721122,"path_taken":["M","?","M","M","M","R","E","R","T","M","E","?","R","M","R","BOSS"],"build_version":"2022-12-18","purchased_purges":0,"victory":false,"max_hp_per_floor":[66,66,66,66,66,66,66,66,66,66,66,66,66,66,66,66],"relic_stats":{"Centennial Puzzle":[10],"counters":[10,46],"obtain_stats":[{"Centennial Puzzle":9,"Bag of Marbles":7,"InkBottle":11,"Ring of the Snake":0},{"Centennial Puzzle":5,"Bag of Marbles":5,"InkBottle":7,"Ring of the Snake":0},{"Centennial Puzzle":22,"Bag of Marbles":22,"InkBottle":30,"Ring of the Snake":0}],"InkBottle":[6],"Ring of the Snake":[21]},"card_choices":[{"not_picked":["Backflip","Skewer"],"picked":"Dash","floor":1.0},{"not_picked":["PiercingWail","Blur"],"picked":"Dagger Spray","floor":3.0},{"not_picked":["Reflex","Deadly Poison"],"picked":"Endless Agony","floor":4.0},{"not_picked":["Slice","Finisher"],"picked":"Noxious Fumes","floor":5.0},{"not_picked":["Cloak And Dagger","Poisoned Stab"],"picked":"Backstab","floor":7},{"not_picked":["Quick Slash","Poisoned Stab"],"picked":"Blade Dance","floor":10},{"not_picked":["Setup","Tactician","Slice"],"picked":"SKIP","floor":11},{"not_picked":["Doppelganger","Poisoned Stab"],"picked":"Backflip","floor":12},{"not_picked":["PiercingWail","All Out Attack"],"picked":"Crippling Poison","floor":14}],"player_experience":2715918,"relics_obtained":[{"floor":7,"key":"Bag of Marbles"},{"floor":9,"key":"Centennial Puzzle"},{"floor":11,"key":"InkBottle"}],"event_choices":[{"damage_healed":0.0,"max_hp_gain":0.0,"max_hp_loss":0.0,"gold_gain":0.0,"event_name":"Lab","player_choice":"Got Potions","floor":2.0,"gold_loss":0.0,"damage_taken":0.0}],"is_beta":false,"boss_relics":[],"items_purged_floors":[],"is_endless":false,"potions_floor_spawned":[4,7,12],"killed_by":"Hexaghost","ascension_level":20,"potion_discard_per_floor":[[],["BlessingOfTheForge"],[],[],[],[],[],[],[],[],[],[],[],[],[],[]]}