{"neow_bonuses_skipped_log":["ONE_RANDOM_RARE_CARD","RANDOM_COLORLESS_2","BOSS_RELIC"],"neow_costs_skipped_log":["NONE","NO_GOLD","NONE"],"potions_obtained_entropic_brew":[[],[],[],[],[],[],[],[],[],[],[],[],[],[],[],[],[],[],[],[],[],[],[],[],[],[],[],[],[],[],[],[],[],[],[],[],[],[],[],[],[],[],[],[],[],[],[],[],[],[],[],[],[],[],[],[]],"gold_per_floor":[109,135,145,160,174,174,174,207,207,207,49,49,72,110,122,213,225,257,289,216,243,271,208,220,258,342,369,394,406,428,472,484,570,582,612,636,648,660,301,301,328,328,328,353,333,351,132,148,148,148,148,148,148,107,134,134],"floor_reached":56,"playtime":3008,"items_purged":["Defend_G","Shame"],"score":2210,"play_id":"d4da9a59-08af-44b2-80da-5ce0537c3137","local_time":"20240920172247","score_breakdown":["Floors Climbed (56): 280","Enemies Slain (15): 30","Exordium Elites Killed (2): 20","City Elites Killed (2): 40","Beyond Elites Killed (2): 60","Bosses Slain (4): 500","Money Money (1164): 25","Librarian: 25","Champion (1): 25","Perfect (2): 100","C-c-c-combo: 25","Ascension (20): 1080"],"is_ascension_mode":true,"potions_obtained_alchemize":[[],[],[],[],[],[],[],[],[],[],[],[],[],[],[],[],[],[],[],[],[],[],[],[],[],[],[],[],[],[],[],[],[],[],[],[],[],[],[],[],[],[],[],[],[],[],[],[],[],[],[],[],[],[],[],[]],"campfire_choices":[{"data":"Blade Dance","floor":6,"key":"SMITH"},{"data":"Neutralize","floor":10,"key":"SMITH"},{"data":"Footwork","floor":15,"key":"SMITH"},{"data":"Survivor","floor":24,"key":"SMITH"},{"data":"After Image","floor":32,"key":"SMITH"},{"data":"Wraith Form v2","floor":40,"key":"SMITH"},{"floor":42,"key":"RECALL"},{"data":"Defend_G","floor":49,"key":"SMITH"},{"data":"Defend_G","floor":53,"key":"SMITH"}],"lesson_learned_per_floor":[[],[],[],[],[],[],[],[],[],[],[],[],[],[],[],[],[],[],[],[],[],[],[],[],[],[],[],[],[],[],[],[],[],[],[],[],[],[],[],[],[],[],[],[],[],[],[],[],[],[],[],[],[],[],[],[]],"neow_cost":"NONE","improvable_cards":{},"seed_source_timestamp":732709120215700,"shop_contents":[{"floor":11,"relics":["Darkstone Periapt","Bronze Scales","HandDrill"],"cards":["Flechettes","Poisoned Stab","PiercingWail+1","Night Terror+1","Dark Shackles+1","The Bomb+1"],"potions":["Ancient Potion","Weak Potion","Weak Potion"]},{"floor":39,"relics":["Happy Flower","Frozen Eye"],"cards":["Finisher","Flechettes","Bouncing Flask+1","Noxious Fumes","Flash of Steel","Violence+1"],"potions":["Explosive Potion","SteroidPotion"]},{"floor":47,"relics":["Prayer Wheel","Medical Kit"],"cards":["Poisoned Stab","Dagger Spray","Leg Sweep+1","Caltrops","Discovery+1","Metamorphosis+1"],"potions":["AttackPotion","SteroidPotion","FearPotion"]},{"floor":54,"relics":["InkBottle","War Paint","Membership Card"],"cards":["Unload","Underhanded Strike","Backflip+1","Envenom","Forethought+1","Chrysalis+1"],"potions":["CultistPotion","Weak Potion","FearPotion"]}],"circlet_count":0,"master_deck":["AscendersBane","Strike_G","Strike_G","Strike_G","Strike_G","Defend_G+1","Defend_G","Defend_G","Defend_G+1","Survivor+1","Neutralize+1","Flying Knee","Endless Agony","Blade Dance+1","Dagger Throw","Footwork+1","Doppelganger+1","Burst+1","PiercingWail+1","Dodge and Roll+1","Cloak And Dagger+1","PiercingWail+1","Dodge and Roll+1","Night Terror+1","After Image+1","Blade Dance+1","Acrobatics+1","Wraith Form v2+1","Deflect+1","Acrobatics+1","Adrenaline+1","Concentrate+1","Backflip+1","Acrobatics+1","Backflip+1","Calculated Gamble+1","Cloak And Dagger+1"],"potion_use_per_floor":[[],[],[],[],[],[],[],[],[],[],[],[],[],["Poison Potion"],[],[],[],[],[],[],[],[],[],[],["SteroidPotion"],[],[],[],[],[],["Explosive Potion"],[],["SpeedPotion"],[],[],[],[],[],[],[],["SkillPotion"],[],[],["Block Potion"],[],[],[],[],[],[],[],[],[],[],["Swift Potion"],["Poison Potion","FairyPotion"]],"relics":["Ring of the Snake","Oddly Smooth Stone","Boot","Toxic Egg 2","Shuriken","MawBank","Question Card","Coffee Dripper","Singing Bowl","Matryoshka","Akabeko","Paper Crane","MealTicket","Cursed Key","Vajra","Lantern","Dream Catcher","Strawberry","Bag of Preparation","Bottled Flame"],"potions_floor_usage":[14,25,31,33,41,44,55,56],"damage_taken":[{"damage":0,"enemies":"Cultist","floor":1,"turns":4},{"damage":3,"enemies":"Jaw Worm","floor":3,"turns":4},{"damage":1,"enemies":"Small Slimes","floor":4,"turns":3},{"damage":0,"enemies":"Looter","floor":5,"turns":4},{"damage":15,"enemies":"3 Sentries","floor":8,"turns":8},{"damage":0,"enemies":"Gremlin Nob","floor":14,"turns":2},{"damage":33,"enemies":"Slime Boss","floor":16,"turns":9},{"damage":0,"enemies":"Spheric Guardian","floor":18,"turns":3},{"damage":10,"enemies":"2 Thieves","floor":19,"turns":4},{"damage":3,"enemies":"Centurion and Healer","floor":21,"turns":7},{"damage":7,"enemies":"Sentry and Sphere","floor":22,"turns":4},{"damage":1,"enemies":"Gremlin Leader","floor":25,"turns":8},{"damage":0,"enemies":"Snake Plant","floor":27,"turns":3},{"damage":0,"enemies":"Chosen and Byrds","floor":28,"turns":4},{"damage":0,"enemies":"Cultist and Chosen","floor":30,"turns":4},{"damage":8,"enemies":"Slavers","floor":31,"turns":5},{"damage":14,"enemies":"Automaton","floor":33,"turns":9},{"damage":2,"enemies":"Orb Walker","floor":35,"turns":4},{"damage":0,"enemies":"3 Darklings","floor":36,"turns":6},{"damage":20,"enemies":"Giant Head","floor":41,"turns":6},{"damage":1,"enemies":"Reptomancer","floor":44,"turns":8},{"damage":0,"enemies":"Spire Growth","floor":46,"turns":5},{"damage":0,"enemies":"Writhing Mass","floor":48,"turns":4},{"damage":0,"enemies":"Awakened One","floor":50,"turns":6},{"damage":0,"enemies":"Donu and Deca","floor":51,"turns":7},{"damage":42,"enemies":"Shield and Spear","floor":55,"turns":9},{"damage":87,"enemies":"The Heart","floor":56,"turns":8}],"green_key_taken_log":41,"seed_played":"-2481295840011631346","neow_bonus_log":{"cardsObtained":[],"cardsUpgraded":[],"cardsRemoved":[],"cardsTransformed":[],"relicsObtained":["Oddly Smooth Stone"],"maxHpGained":0,"goldGained":0,"damageTaken":0,"goldLost":0,"maxHpLost":0},"potions_obtained":[{"floor":3,"key":"Poison Potion"},{"floor":14,"key":"SpeedPotion"},{"floor":19,"key":"SteroidPotion"},{"floor":30,"key":"Explosive Potion"},{"floor":35,"key":"SkillPotion"},{"floor":41,"key":"Block Potion"},{"floor":45,"key":"FairyPotion"},{"floor":55,"key":"Poison Potion"}],"is_trial":false,"path_per_floor":["M","T","M","M","M","R","?","E","T","R","$","?","T","E","R","B",null,"M","M","?","M","M","?","R","E","T","M","M","?","M","E","R","B",null,"M","M","?","T","$","R","E","R","T","E","?","M","$","M","R","B","B",null,"R","$","E","B"],"character_chosen":"THE_SILENT","basemod:card_modifiers":[null,null,null,null,null,null,null,null,null,null,null,null,null,null,null,null,null,null,null,null,null,null,null,null,null,null,null,null,null,null,null,null,null,null,null,null,null],"items_purchased":["Footwork","Acrobatics+1","Lantern","Swift Potion","Acrobatics+1","Bag of Preparation","Calculated Gamble+1"],"campfire_rested":0,"item_purchase_floors":[11,39,39,39,47,47,54],"current_hp_per_floor":[59,59,56,55,55,55,60,45,45,45,45,45,45,45,45,12,56,56,46,46,43,36,36,36,35,35,35,35,35,35,29,29,15,59,59,59,59,59,74,74,54,54,54,60,60,60,75,75,75,75,75,80,80,82,40,0],"gold":134,"neow_bonus":"RANDOM_COMMON_RELIC","is_prod":false,"is_daily":false,"rewards_skipped":[{"floor":21,"relics":[],"potions":["BlessingOfTheForge"]},{"floor":22,"relics":[],"potions":["Weak Potion"]}],"chose_seed":false,"campfire_upgraded":8,"win_rate":0,"floor_exit_playtime":[77,79,112,143,195,202,205,275,278,301,317,319,322,348,353,475,494,533,597,603,698,772,777,784,913,916,966,1044,1059,1114,1194,1199,1372,1401,1472,1580,1583,1588,1606,1611,1733,1739,1742,1943,1948,2030,2046,2191,2197,2333,2542,2554,2559,2579,2799],"timestamp":1726867367,"blue_key_relic_skipped_log":{"floor":38,"relicID":"Anchor"},"path_taken":["M","?","M","?","M","R","?","E","T","R","$","?","?","E","R","BOSS","M","M","?","M","M","?","R","E","T","M","M","?","M","E","R","BOSS","M","?","?","?","$","R","E","R","T","E","?","M","$","M","R","BOSS","BOSS","R","$","E","BOSS"],"build_version":"2022-12-18","purchased_purges":2,"victory":false,"max_hp_per_floor":[66,66,66,66,66,66,71,71,71,71,71,71,71,71,71,71,71,71,71,71,71,71,71,71,71,71,71,71,71,71,73,73,73,73,75,75,75,75,75,75,75,75,75,82,82,82,82,82,82,82,82,82,82,82,82,82],"relic_stats":{"Singing Bowl":4,"counters":[27,148],"Bag of Preparation":[10],"Boot":[126],"MawBank":312,"Question Card":18,"Cursed Key":1,"Dream Catcher":0,"Bottled Flame":"Neutralize","Matryoshka":2,"Shuriken":[166],"MealTicket":32,"obtain_stats":[{"Lantern":39,"Singing Bowl":20,"Oddly Smooth Stone":0,"Vajra":38,"Bag of Preparation":47,"Paper Crane":26,"Boot":2,"MawBank":13,"Question Card":14,"Cursed Key":34,"Akabeko":26,"Dream Catcher":41,"Bottled Flame":55,"Matryoshka":25,"Shuriken":9,"Strawberry":44,"MealTicket":31,"Coffee Dripper":17,"Toxic Egg 2":8,"Ring of the Snake":0},{"Lantern":19,"Singing Bowl":9,"Oddly Smooth Stone":0,"Vajra":19,"Bag of Preparation":22,"Paper Crane":12,"Boot":1,"MawBank":5,"Question Card":6,"Cursed Key":17,"Akabeko":12,"Dream Catcher":20,"Bottled Flame":26,"Matryoshka":12,"Shuriken":5,"Strawberry":21,"MealTicket":16,"Coffee Dripper":7,"Toxic Egg 2":5,"Ring of the Snake":0},{"Lantern":95,"Singing Bowl":41,"Oddly Smooth Stone":0,"Vajra":95,"Bag of Preparation":114,"Paper Crane":60,"Boot":4,"MawBank":23,"Question Card":25,"Cursed Key":85,"Akabeko":60,"Dream Catcher":101,"Bottled Flame":140,"Matryoshka":60,"Shuriken":23,"Strawberry":109,"MealTicket":76,"Coffee Dripper":34,"Toxic Egg 2":23,"Ring of the Snake":0}],"Ring of the Snake":[55]},"card_choices":[{"not_picked":["Underhanded Strike","Bane"],"picked":"Flying Knee","floor":1},{"not_picked":["Cloak And Dagger","Riddle With Holes"],"picked":"Endless Agony","floor":3},{"not_picked":["PiercingWail","Skewer","Prepared"],"picked":"SKIP","floor":4},{"not_picked":["Riddle With Holes","Bane"],"picked":"Blade Dance","floor":5},{"not_picked":["Sucker Punch","Caltrops"],"picked":"Dagger Throw","floor":8},{"not_picked":["Sucker Punch","Underhanded Strike"],"picked":"Doppelganger+1","floor":14},{"not_picked":["A Thousand Cuts","Unload","Wraith Form v2"],"picked":"Burst+1","floor":16},{"not_picked":["Poisoned Stab","Sucker Punch","Underhanded Strike"],"picked":"PiercingWail+1","floor":18},{"not_picked":["Predator","Blur+1","Quick Slash"],"picked":"Dodge and Roll+1","floor":19},{"not_picked":["Masterful Stab","Leg Sweep+1","Prepared+1"],"picked":"Cloak And Dagger+1","floor":21},{"not_picked":["Poisoned Stab","Choke","Bane"],"picked":"PiercingWail+1","floor":22},{"not_picked":["PiercingWail+1","Eviscerate","Bane"],"picked":"Dodge and Roll+1","floor":25},{"not_picked":["Dagger Spray","Bane","Flechettes"],"picked":"Night Terror+1","floor":27},{"not_picked":["Quick Slash","Poisoned Stab","Flying Knee+1"],"picked":"After Image","floor":28},{"not_picked":["Bane","Endless Agony","Noxious Fumes+1"],"picked":"Acrobatics+1","floor":30},{"not_picked":["Outmaneuver+1","Underhanded Strike","Dodge and Roll+1","Flechettes"],"picked":"Singing Bowl","floor":31},{"not_picked":["Storm of Steel+1","Bullet Time+1","A Thousand Cuts"],"picked":"Wraith Form v2","floor":33},{"not_picked":["Dash","Quick Slash+1","Dagger Spray+1","All Out Attack"],"picked":"Singing Bowl","floor":35},{"not_picked":["Infinite Blades","Setup+1","Poisoned Stab+1"],"picked":"Deflect+1","floor":36},{"not_picked":["Riddle With Holes","Distraction+1","Sucker Punch"],"picked":"Adrenaline+1","floor":41},{"not_picked":["Dodge and Roll+1","Footwork","Deadly Poison+1"],"picked":"Concentrate+1","floor":44},{"not_picked":["Cloak And Dagger+1","Acrobatics+1","Bouncing Flask+1"],"picked":"Backflip+1","floor":46},{"not_picked":["Flying Knee","Footwork","Riddle With Holes"],"picked":"Backflip+1","floor":48},{"not_picked":["Blade Dance+1","Flying Knee+1","Outmaneuver+1"],"picked":"Cloak And Dagger+1","floor":55}],"player_experience":2718981,"relics_obtained":[{"floor":2,"key":"Boot"},{"floor":8,"key":"Toxic Egg 2"},{"floor":9,"key":"Shuriken"},{"floor":13,"key":"MawBank"},{"floor":14,"key":"Question Card"},{"floor":25,"key":"Matryoshka"},{"floor":26,"key":"Akabeko"},{"floor":26,"key":"Paper Crane"},{"floor":31,"key":"MealTicket"},{"floor":38,"key":"Vajra"},{"floor":41,"key":"Dream Catcher"},{"floor":44,"key":"Strawberry"},{"floor":55,"key":"Bottled Flame"}],"event_choices":[{"damage_healed":0,"gold_gain":0,"player_choice":"Donut","damage_taken":0,"max_hp_gain":5,"max_hp_loss":0,"event_name":"Big Fish","floor":7,"gold_loss":0},{"damage_healed":0,"gold_gain":0,"player_choice":"Ignored","damage_taken":0,"max_hp_gain":0,"max_hp_loss":0,"event_name":"Liars Game","floor":12,"gold_loss":0},{"damage_healed":0,"gold_gain":0,"player_choice":"Obtained Relic","damage_taken":0,"relics_obtained":["Singing Bowl"],"max_hp_gain":0,"max_hp_loss":0,"event_name":"Addict","floor":20,"gold_loss":85},{"cards_removed":["Strike_G"],"damage_healed":0,"gold_gain":0,"player_choice":"Gave Gold","damage_taken":0,"max_hp_gain":0,"max_hp_loss":0,"event_name":"Beggar","floor":23,"gold_loss":75},{"damage_healed":0,"gold_gain":0,"player_choice":"Copied","damage_taken":0,"max_hp_gain":0,"max_hp_loss":0,"event_name":"Duplicator","floor":29,"gold_loss":0,"cards_obtained":["Blade Dance"]},{"damage_healed":0,"gold_gain":0,"player_choice":"Ignored","damage_taken":0,"max_hp_gain":0,"max_hp_loss":0,"event_name":"Tomb of Lord Red Mask","floor":37,"gold_loss":0},{"damage_healed":0,"gold_gain":0,"player_choice":"Bought 1 Potion","damage_taken":0,"max_hp_gain":0,"max_hp_loss":0,"event_name":"The Woman in Blue","floor":45,"gold_loss":0}],"is_beta":false,"boss_relics":[{"not_picked":["Tiny House","SacredBark"],"picked":"Coffee Dripper"},{"not_picked":["Busted Crown","Philosopher\u0027s Stone"],"picked":"Cursed Key"}],"items_purged_floors":[11,39],"is_endless":false,"potions_floor_spawned":[3,14,19,21,22,30,35,41,55],"killed_by":"The Heart","ascension_level":20,"potion_discard_per_floor":[[],[],[],[],[],[],[],[],[],[],[],[],[],[],[],[],[],[],[],[],[],[],[],[],[],[],[],[],[],[],[],[],[],[],[],[],[],[],[],[],[],[],[],[],[],[],[],[],[],[],[],[],[],[],[],[]]}