{"neow_bonuses_skipped_log":["THREE_CARDS","REMOVE_TWO","BOSS_RELIC"],"potions_obtained_entropic_brew":[[],[],[],[],[],[],[],[],[],[],[],[],[],[],[],[],[],[],[],[],[],[],[],[],[],[],[],[],[],[],[],[],[]],"neow_costs_skipped_log":["NONE","PERCENT_DAMAGE","NONE"],"gold_per_floor":[119,134,147,162,180,180,190,207,233,266,57,87,87,87,87,161,161,180,190,115,165,176,176,176,176,199,33,58,76,76,96,96,96],"floor_reached":33,"playtime":1309,"items_purged":["Strike_G","Strike_G"],"score":558,"play_id":"0098b528-52f8-482c-8588-0cd2b0128973","local_time":"20240913160720","score_breakdown":["Floors Climbed (33): 165","Enemies Slain (12): 24","Exordium Elites Killed (2): 20","City Elites Killed (1): 20","Bosses Slain (1): 50","Ascension (20): 279"],"is_ascension_mode":true,"potions_obtained_alchemize":[[],[],[],[],[],[],[],[],[],[],[],[],[],[],[],[],[],[],[],[],[],[],[],[],[],[],[],[],[],[],[],[],[]],"campfire_choices":[{"data":"Blade Dance","floor":6,"key":"SMITH"},{"floor":13,"key":"REST"},{"data":"Doppelganger","floor":15,"key":"SMITH"},{"floor":23,"key":"REST"},{"data":"Calculated Gamble","floor":25,"key":"SMITH"},{"data":"Noxious Fumes","floor":30,"key":"SMITH"},{"data":"Calculated Gamble","floor":32,"key":"SMITH"}],"lesson_learned_per_floor":[[],[],[],[],[],[],[],[],[],[],[],[],[],[],[],[],[],[],[],[],[],[],[],[],[],[],[],[],[],[],[],[],[]],"neow_cost":"NONE","improvable_cards":{},"seed_source_timestamp":125088325098500,"shop_contents":[{"floor":11,"relics":["Happy Flower","Meat on the Bone","Chemical X"],"cards":["Quick Slash","Masterful Stab","Deadly Poison","Deflect","Discovery","Secret Technique"],"potions":["Dexterity Potion","Ancient Potion"]},{"floor":14,"relics":["InkBottle","Shuriken","Strange Spoon"],"cards":["Flechettes","Dash","Prepared","Bouncing Flask","Footwork","Enlightenment","HandOfGreed"],"potions":["SneckoOil","Explosive Potion","LiquidMemories"]},{"floor":27,"relics":["Lantern","Toy Ornithopter","TheAbacus"],"cards":["Flying Knee","Flechettes","Storm of Steel","Noxious Fumes","Madness","Metamorphosis"],"potions":["FearPotion","EssenceOfSteel","SneckoOil"]}],"circlet_count":0,"master_deck":["AscendersBane","Strike_G","Defend_G","Defend_G","Defend_G","Defend_G","Survivor","Neutralize","Blade Dance+1","Blade Dance","Bouncing Flask","Dash","Doppelganger+1","Escape Plan","Footwork","Noxious Fumes+1","Calculated Gamble+1","Cloak And Dagger","Bullet Time","Corpse Explosion","Calculated Gamble+1","Blade Dance"],"potion_use_per_floor":[[],[],[],[],[],[],[],[],[],["EssenceOfSteel"],[],["Strength Potion"],[],[],[],["Poison Potion"],[],[],[],[],[],[],[],[],[],[],[],["LiquidBronze","Explosive Potion"],[],[],[],[],["PowerPotion"]],"relics":["Ring of the Snake","NeowsBlessing","Vajra","Snake Skull","Kunai","Runic Pyramid","MawBank","Boot"],"potions_floor_usage":[10,12,16,28,28,33],"damage_taken":[{"damage":0,"enemies":"Cultist","floor":1,"turns":1},{"damage":0,"enemies":"Jaw Worm","floor":2,"turns":1},{"damage":0,"enemies":"2 Louse","floor":3,"turns":1},{"damage":15,"enemies":"Exordium Thugs","floor":4,"turns":4},{"damage":2,"enemies":"2 Fungi Beasts","floor":5,"turns":3},{"damage":1,"enemies":"Large Slime","floor":7,"turns":5},{"damage":6,"enemies":"Looter","floor":8,"turns":3},{"damage":8,"enemies":"3 Sentries","floor":10,"turns":10},{"damage":14,"enemies":"Gremlin Nob","floor":12,"turns":3},{"damage":2,"enemies":"Hexaghost","floor":16,"turns":8},{"damage":12,"enemies":"Chosen","floor":18,"turns":6},{"damage":7,"enemies":"Spheric Guardian","floor":19,"turns":4},{"damage":20,"enemies":"Snake Plant","floor":22,"turns":5},{"damage":9,"enemies":"Book of Stabbing","floor":28,"turns":4},{"damage":0,"enemies":"Snecko","floor":29,"turns":4},{"damage":0,"enemies":"Cultist and Chosen","floor":31,"turns":5},{"damage":32,"enemies":"Champ","floor":33,"turns":8}],"seed_played":"5742673310122966908","neow_bonus_log":{"cardsObtained":[],"cardsUpgraded":[],"cardsRemoved":[],"cardsTransformed":[],"relicsObtained":["NeowsBlessing"],"maxHpGained":0,"goldGained":0,"damageTaken":0,"goldLost":0,"maxHpLost":0},"potions_obtained":[{"floor":2,"key":"EssenceOfSteel"},{"floor":5,"key":"EssenceOfSteel"},{"floor":7,"key":"Poison Potion"},{"floor":19,"key":"LiquidBronze"},{"floor":22,"key":"Explosive Potion"},{"floor":28,"key":"FearPotion"},{"floor":29,"key":"PowerPotion"}],"is_trial":false,"path_per_floor":["M","M","M","M","M","R","M","M","T","E","$","E","R","$","R","B",null,"M","M","?","?","M","R","?","R","T","$","E","M","R","M","R","B"],"character_chosen":"THE_SILENT","basemod:card_modifiers":[null,null,null,null,null,null,null,null,null,null,null,null,null,null,null,null,null,null,null,null,null,null],"items_purchased":["Footwork","Strength Potion","Calculated Gamble"],"campfire_rested":2,"item_purchase_floors":[11,11,27],"current_hp_per_floor":[59,59,59,44,42,42,41,35,35,27,27,13,32,32,32,30,57,45,38,38,38,18,37,37,37,37,37,28,28,28,28,28,0],"gold":96,"neow_bonus":"THREE_ENEMY_KILL","is_prod":false,"is_daily":false,"rewards_skipped":[{"floor":8,"relics":[],"potions":["SkillPotion"]}],"chose_seed":false,"campfire_upgraded":5,"win_rate":0,"floor_exit_playtime":[21,28,39,89,124,136,190,222,224,339,364,402,404,421,431,520,536,636,711,719,723,807,810,824,836,838,877,968,1042,1058,1136,1151],"timestamp":1726258040,"path_taken":["M","M","M","?","M","R","?","M","T","E","$","E","R","?","R","BOSS","M","M","?","?","M","R","?","R","T","$","E","M","R","M","R","BOSS"],"build_version":"2022-12-18","purchased_purges":2,"victory":false,"max_hp_per_floor":[66,66,66,66,66,66,66,66,66,66,66,66,66,66,66,66,66,66,66,66,66,66,66,66,66,66,66,66,66,66,66,66,66],"relic_stats":{"counters":[17,75],"Snake Skull":[62],"Kunai":[35],"MawBank":12,"Boot":[34],"obtain_stats":[{"NeowsBlessing":0,"Vajra":9,"Snake Skull":10,"Kunai":12,"MawBank":26,"Boot":28,"Ring of the Snake":0,"Runic Pyramid":17},{"NeowsBlessing":0,"Vajra":7,"Snake Skull":8,"Kunai":9,"MawBank":13,"Boot":14,"Ring of the Snake":0,"Runic Pyramid":10},{"NeowsBlessing":0,"Vajra":18,"Snake Skull":28,"Kunai":31,"MawBank":54,"Boot":58,"Ring of the Snake":0,"Runic Pyramid":39}],"Ring of the Snake":[34]},"card_choices":[{"not_picked":["Acrobatics","Deflect"],"picked":"Blade Dance","floor":1},{"not_picked":["Dodge and Roll","Acrobatics"],"picked":"Blade Dance","floor":2},{"not_picked":["Dagger Throw","Escape Plan"],"picked":"Bouncing Flask","floor":3},{"not_picked":["Sucker Punch","Prepared"],"picked":"Dash","floor":4},{"not_picked":["Setup","Prepared","Expertise"],"picked":"SKIP","floor":5},{"not_picked":["Dodge and Roll","Skewer"],"picked":"Doppelganger","floor":7},{"not_picked":["Deflect","Prepared","Eviscerate"],"picked":"SKIP","floor":8},{"not_picked":["Eviscerate","Acrobatics"],"picked":"Escape Plan","floor":10},{"not_picked":["Outmaneuver","Storm of Steel"],"picked":"Noxious Fumes","floor":12},{"not_picked":["A Thousand Cuts","Grand Finale","Unload"],"picked":"SKIP","floor":16},{"not_picked":["Reflex+1","All Out Attack"],"picked":"Calculated Gamble","floor":18},{"not_picked":["Setup","Slice"],"picked":"Cloak And Dagger","floor":19},{"not_picked":["Slice+1","Sucker Punch+1","Dagger Spray"],"picked":"SKIP","floor":22},{"not_picked":["Bane","Backstab"],"picked":"Blade Dance","floor":28},{"not_picked":["Deadly Poison+1","Slice","Bane"],"picked":"SKIP","floor":29},{"not_picked":["Dagger Throw","Outmaneuver","Slice"],"picked":"SKIP","floor":31}],"player_experience":2707552,"relics_obtained":[{"floor":9,"key":"Vajra"},{"floor":10,"key":"Snake Skull"},{"floor":12,"key":"Kunai"},{"floor":26,"key":"MawBank"},{"floor":28,"key":"Boot"}],"event_choices":[{"cards_removed":["Strike_G"],"damage_healed":0,"gold_gain":0,"player_choice":"Gave Gold","damage_taken":0,"max_hp_gain":0,"max_hp_loss":0,"event_name":"Beggar","floor":20,"gold_loss":75},{"damage_healed":0,"gold_gain":50,"player_choice":"Stole From Cult","damage_taken":0,"max_hp_gain":0,"max_hp_loss":0,"event_name":"Nest","floor":21,"gold_loss":0},{"damage_healed":0,"gold_gain":0,"cards_transformed":["Strike_G","Defend_G"],"player_choice":"Became Test Subject","damage_taken":0,"max_hp_gain":0,"max_hp_loss":0,"event_name":"Drug Dealer","floor":24,"gold_loss":0,"cards_obtained":["Bullet Time","Corpse Explosion"]}],"is_beta":false,"boss_relics":[{"not_picked":["Ectoplasm","Calling Bell"],"picked":"Runic Pyramid"}],"items_purged_floors":[11,27],"is_endless":false,"potions_floor_spawned":[2,5,7,8,19,22,28,29],"killed_by":"Champ","ascension_level":20,"potion_discard_per_floor":[[],[],[],[],[],[],["EssenceOfSteel"],[],[],[],[],[],[],[],[],[],[],[],[],[],[],[],[],[],[],[],[],[],[],[],[],[],[]]}