{"neow_bonuses_skipped_log":["REMOVE_CARD","THREE_RARE_CARDS","BOSS_RELIC"],"neow_costs_skipped_log":["NONE","PERCENT_DAMAGE","NONE"],"potions_obtained_entropic_brew":[[],[],[],[],[],[],[],[],[],[],[],[],[],[],[],[],[],[],[],[],[],[],[],[],[],[],[],[],[],[],[],[],[],[],[],[],[],[],[],[]],"gold_per_floor":[110,185,203,217,230,230,260,280,350,362,362,362,375,393,393,470,470,490,508,419,437,68,94,94,294,294,307,307,307,307,126,126,203,203,216,51,62,76,76,76],"floor_reached":40,"playtime":2770,"items_purged":["Distraction","Flying Knee"],"score":1020,"play_id":"3a01f492-8dde-4319-a29e-e2079eb611a5","local_time":"20241006195651","falling_options_log":["Blade Dance+1","Footwork+1"],"score_breakdown":["Floors Climbed (40): 200","Enemies Slain (15): 30","Exordium Elites Killed (1): 10","City Elites Killed (1): 20","Beyond Elites Killed (0): 0","Bosses Slain (2): 150","Champion (1): 25","Perfect (1): 50","C-c-c-combo: 25","Ascension (20): 510"],"is_ascension_mode":true,"potions_obtained_alchemize":[[],[],[],[],[],[],[],[],[],[],[],[],[],[],[],[],[],[],[],[],[],[],["AttackPotion"],[],[],[],["AttackPotion"],[],[],[],[],[],[],[],["Poison Potion"],[],["Strength Potion"],["SmokeBomb"],[],["BlessingOfTheForge"]],"campfire_choices":[{"data":"Blade Dance","floor":6.0,"key":"SMITH"},{"floor":11.0,"key":"REST"},{"data":"Malaise","floor":15.0,"key":"SMITH"},{"floor":24,"key":"REST"},{"data":"Footwork","floor":28,"key":"SMITH"},{"data":"Well Laid Plans","floor":30,"key":"SMITH"},{"data":"Burst","floor":32,"key":"SMITH"}],"lesson_learned_per_floor":[[],[],[],[],[],[],[],[],[],[],[],[],[],[],[],[],[],[],[],[],[],[],[],[],[],[],[],[],[],[],[],[],[],[],[],[],[],[],[],[]],"neow_cost":"NONE","improvable_cards":{},"seed_source_timestamp":2124505641919800,"shop_contents":[{"floor":22,"relics":["FossilizedHelix","CaptainsWheel"],"cards":["Riddle With Holes","Predator","Expertise","Mind Blast","Sadistic Nature"],"potions":["SneckoOil","Swift Potion","Block Potion"]},{"floor":31,"relics":["Art of War","Molten Egg 2","DollysMirror"],"cards":["Slice","Dagger Throw","Crippling Poison","Noxious Fumes","Deep Breath","The Bomb"],"potions":["SneckoOil","SneckoOil","LiquidBronze"]},{"floor":36,"relics":["Girya","Akabeko"],"cards":["Underhanded Strike","Choke","Phantasmal Killer","Backflip","Footwork","Purity","Secret Weapon"],"potions":["PowerPotion","AttackPotion","Explosive Potion"]}],"circlet_count":0,"master_deck":["AscendersBane","Survivor+1","Neutralize","Poisoned Stab","Blade Dance+1","Well Laid Plans+1","Accuracy+1","Calculated Gamble","PiercingWail","Malaise+1","Doppelganger","Dash","Crippling Poison","Deflect+1","Sucker Punch","Flying Knee","Bullet Time","Burst+1","Tactician","Acrobatics","Venomology","Cloak And Dagger","Footwork+1","Escape Plan","Footwork","Terror","Wraith Form v2","Dodge and Roll+1","Cloak And Dagger","Noxious Fumes","Expertise+1"],"special_seed":0,"potion_use_per_floor":[[],[],[],[],[],[],["GamblersBrew"],["FairyPotion"],[],[],[],[],[],[],[],[],[],["Explosive Potion"],[],[],[],[],["Weak Potion","Fire Potion"],[],[],[],[],[],[],[],[],[],[],[],["AttackPotion"],[],["SkillPotion"],["Strength Potion"],[],["DuplicationPotion"]],"relics":["Ring of the Snake","Pen Nib","Sundial","Shuriken","Pandora\u0027s Box","Pocketwatch","ClockworkSouvenir","War Paint","Bottled Tornado","SlaversCollar","Orrery"],"potions_floor_usage":[23,23,35,37,38,40],"damage_taken":[{"damage":0.0,"enemies":"2 Louse","floor":1.0,"turns":5.0},{"damage":4.0,"enemies":"Small Slimes","floor":3.0,"turns":4.0},{"damage":1.0,"enemies":"Cultist","floor":4.0,"turns":3.0},{"damage":9.0,"enemies":"3 Louse","floor":5.0,"turns":4.0},{"damage":29.0,"enemies":"Gremlin Nob","floor":7.0,"turns":4.0},{"damage":18.0,"enemies":"Gremlin Gang","floor":8.0,"turns":6.0},{"damage":1.0,"enemies":"Red Slaver","floor":10.0,"turns":2.0},{"damage":1.0,"enemies":"Exordium Thugs","floor":13.0,"turns":5.0},{"damage":1.0,"enemies":"Exordium Wildlife","floor":14.0,"turns":2.0},{"damage":1.0,"enemies":"The Guardian","floor":16.0,"turns":12.0},{"damage":0.0,"enemies":"3 Byrds","floor":18.0,"turns":4.0},{"damage":13.0,"enemies":"Spheric Guardian","floor":19.0,"turns":4.0},{"damage":19,"enemies":"Shelled Parasite and Fungi","floor":21,"turns":2},{"damage":0,"enemies":"Gremlin Leader","floor":23,"turns":4},{"damage":9,"enemies":"Snecko","floor":27,"turns":5},{"damage":0,"enemies":"Champ","floor":33,"turns":9},{"damage":1,"enemies":"3 Shapes","floor":35,"turns":7},{"damage":7,"enemies":"Orb Walker","floor":37,"turns":5},{"damage":8,"enemies":"3 Darklings","floor":38,"turns":6},{"damage":62,"enemies":"Reptomancer","floor":40,"turns":6}],"seed_played":"-5023740765129882291","neow_bonus_log":{"cardsObtained":[],"cardsUpgraded":[],"cardsRemoved":[],"cardsTransformed":[],"relicsObtained":["Pen Nib"],"maxHpGained":0,"goldGained":0,"damageTaken":0,"goldLost":0,"maxHpLost":0},"potions_obtained":[{"floor":4.0,"key":"GamblersBrew"},{"floor":7.0,"key":"FairyPotion"},{"floor":13.0,"key":"Fire Potion"},{"floor":16.0,"key":"Explosive Potion"},{"floor":18.0,"key":"ColorlessPotion"},{"floor":19.0,"key":"Weak Potion"},{"floor":27,"key":"SkillPotion"},{"floor":35,"key":"DuplicationPotion"}],"is_trial":false,"path_per_floor":["M","?","M","M","M","R","E","M","T","M","R","?","M","M","R","B",null,"M","M","?","M","$","E","R","?","T","M","R","T","R","$","R","B",null,"M","$","M","M","?","E"],"character_chosen":"THE_SILENT","basemod:card_modifiers":[null,null,null,null,null,null,null,null,null,null,null,null,null,null,null,null,null,null,null,null,null,null,null,null,null,null,null,null,null,null,null],"items_purchased":["ClockworkSouvenir","Cloak And Dagger","Footwork","Terror","Orrery"],"campfire_rested":2,"item_purchase_floors":[22,22,22,31,36],"current_hp_per_floor":[59,48,44,43,34,34,5,6,6,5,24,24,23,22,22,21,55,55,42,42,23,23,23,42,42,42,33,33,33,33,33,33,33,58,57,57,50,42,42,0],"gold":76,"neow_bonus":"RANDOM_COMMON_RELIC","is_prod":false,"is_daily":false,"rewards_skipped":[{"floor":33,"relics":[],"potions":["CunningPotion"]}],"chose_seed":false,"campfire_upgraded":5,"win_rate":0,"floor_exit_playtime":[79,83,111,171,231,239,298,405,408,462,465,479,534,571,577,730,768,894,998,1006,1077,1175,1322,1325,1339,1343,1491,1514,1533,1542,1588,1598,1957,1991,2159,2216,2347,2532,2537],"timestamp":1728259011,"blue_key_relic_skipped_log":{"floor":26,"relicID":"StrikeDummy"},"path_taken":["M","?","M","M","M","R","E","M","T","M","R","?","?","M","R","BOSS","M","M","?","?","$","E","R","?","T","?","R","?","R","$","R","BOSS","M","$","M","M","?","E"],"build_version":"2022-12-18","purchased_purges":2,"victory":false,"max_hp_per_floor":[66,66,66,66,66,66,66,66,66,66,66,66,66,66,66,66,66,66,66,66,66,66,66,66,66,66,66,66,66,66,66,66,66,66,66,66,66,66,66,66],"relic_stats":{"counters":[20,99],"Sundial":[12],"Shuriken":[41],"Pandora\u0027s Box":["Distraction","Dash","Slice","Crippling Poison","Deflect","Sucker Punch","Flying Knee","Bullet Time","Burst","Tactician"],"Pen Nib":[24],"War Paint":["Survivor","Deflect"],"Bottled Tornado":"Well Laid Plans","obtain_stats":[{"SlaversCollar":34,"Sundial":7,"Shuriken":9,"Orrery":36,"Pandora\u0027s Box":17,"Pen Nib":0,"War Paint":23,"Bottled Tornado":29,"Ring of the Snake":0,"Pocketwatch":20,"ClockworkSouvenir":22},{"SlaversCollar":16,"Sundial":5,"Shuriken":6,"Orrery":17,"Pandora\u0027s Box":10,"Pen Nib":0,"War Paint":14,"Bottled Tornado":15,"Ring of the Snake":0,"Pocketwatch":12,"ClockworkSouvenir":13},{"SlaversCollar":75,"Sundial":20,"Shuriken":26,"Orrery":82,"Pandora\u0027s Box":47,"Pen Nib":0,"War Paint":61,"Bottled Tornado":66,"Ring of the Snake":0,"Pocketwatch":55,"ClockworkSouvenir":57}],"Ring of the Snake":[40],"Pocketwatch":[39]},"card_choices":[{"not_picked":["Tactician","Backflip"],"picked":"Poisoned Stab","floor":1.0},{"not_picked":["Riddle With Holes","Bane"],"picked":"Blade Dance","floor":3.0},{"not_picked":["Dash","Cloak And Dagger"],"picked":"Well Laid Plans","floor":4.0},{"not_picked":["PiercingWail","Acrobatics"],"picked":"Flying Knee","floor":5.0},{"not_picked":["Concentrate","Acrobatics"],"picked":"Accuracy","floor":7.0},{"not_picked":["Catalyst","Acrobatics"],"picked":"Calculated Gamble","floor":8.0},{"not_picked":["Bouncing Flask","Deflect"],"picked":"PiercingWail","floor":10.0},{"not_picked":["Finisher","Underhanded Strike","Eviscerate"],"picked":"SKIP","floor":13.0},{"not_picked":["Deadly Poison","Blade Dance"],"picked":"Malaise","floor":14.0},{"not_picked":["Unload","Grand Finale"],"picked":"Doppelganger","floor":16.0},{"not_picked":["Expertise","Sucker Punch+1","Dagger Spray"],"picked":"SKIP","floor":18.0},{"not_picked":["Flying Knee","Dodge and Roll"],"picked":"Acrobatics","floor":19.0},{"not_picked":["Calculated Gamble+1","Flying Knee"],"picked":"Venomology","floor":21},{"not_picked":["Backstab","Endless Agony+1"],"picked":"Escape Plan","floor":23},{"not_picked":["Deflect","Skewer"],"picked":"Footwork","floor":27},{"not_picked":["Unload","Die Die Die"],"picked":"Wraith Form v2","floor":33},{"not_picked":["Dagger Throw+1","Masterful Stab","Bane+1"],"picked":"SKIP","floor":35},{"not_picked":["Choke","Acrobatics"],"picked":"Dodge and Roll+1","floor":36},{"not_picked":["All Out Attack","Quick Slash"],"picked":"Cloak And Dagger","floor":36},{"not_picked":["Deadly Poison+1","Flying Knee"],"picked":"Noxious Fumes","floor":36},{"not_picked":["Poisoned Stab+1","Underhanded Strike+1","Sucker Punch"],"picked":"SKIP","floor":36},{"not_picked":["Sucker Punch","All Out Attack+1","Dash"],"picked":"SKIP","floor":36},{"not_picked":["Finisher","Corpse Explosion"],"picked":"Expertise+1","floor":37},{"not_picked":["Well Laid Plans","Poisoned Stab+1","Eviscerate"],"picked":"SKIP","floor":38}],"player_experience":2728041,"relics_obtained":[{"floor":7.0,"key":"Sundial"},{"floor":9.0,"key":"Shuriken"},{"floor":23,"key":"War Paint"},{"floor":29,"key":"Bottled Tornado"}],"event_choices":[{"damage_healed":0.0,"max_hp_gain":0.0,"max_hp_loss":0.0,"gold_gain":75.0,"event_name":"World of Goop","player_choice":"Gather Gold","floor":2.0,"gold_loss":0.0,"damage_taken":11.0},{"damage_healed":0.0,"max_hp_gain":0.0,"max_hp_loss":0.0,"gold_gain":0.0,"event_name":"Accursed Blacksmith","player_choice":"Forge","floor":12.0,"gold_loss":0.0,"damage_taken":0.0,"cards_upgraded":["Accuracy"]},{"damage_healed":0.0,"max_hp_gain":0.0,"max_hp_loss":0.0,"gold_gain":0.0,"event_name":"WeMeetAgain","player_choice":"Paid Gold","floor":20.0,"gold_loss":89.0,"damage_taken":0.0,"relics_obtained":["Pocketwatch"]},{"damage_healed":0,"gold_gain":200,"player_choice":"Gold","damage_taken":0,"max_hp_gain":0,"max_hp_loss":0,"event_name":"Wheel of Change","floor":25,"gold_loss":0},{"cards_removed":["Slice"],"damage_healed":0,"gold_gain":0,"player_choice":"Removed Attack","damage_taken":0,"max_hp_gain":0,"max_hp_loss":0,"event_name":"Falling","floor":39,"gold_loss":0}],"is_beta":false,"boss_relics":[{"not_picked":["Velvet Choker","Calling Bell"],"picked":"Pandora\u0027s Box"},{"not_picked":["Philosopher\u0027s Stone","Empty Cage"],"picked":"SlaversCollar"}],"items_purged_floors":[22,31],"is_endless":false,"potions_floor_spawned":[4,7,13,16,18,19,27,33,35],"killed_by":"Reptomancer","ascension_level":20,"potion_discard_per_floor":[[],[],[],[],[],[],[],[],[],[],[],[],[],[],[],[],[],[],["ColorlessPotion"],[],[],[],[],[],[],[],["AttackPotion"],[],[],[],[],[],[],[],["Poison Potion"],[],[],[],[],["SmokeBomb"]]}