{"neow_bonuses_skipped_log":["ONE_RANDOM_RARE_CARD","THREE_ENEMY_KILL","BOSS_RELIC"],"neow_costs_skipped_log":["NONE","NONE","NONE"],"potions_obtained_entropic_brew":[[],[],[],[],[],[],[],[],[],[],[],[],[],[],[],[],[],[],[],[],[],[],["Weak Potion","SmokeBomb"],[],[],[],[],[],[],[],[],[],[],[],[],[],[],[],[],[],[],[],[],[],[],[],[],[],[],[],[],[],[],[],[],[],[]],"gold_per_floor":[362,375,38,38,53,53,82,97,176,176,176,186,186,211,211,282,282,294,305,320,320,69,100,100,133,179,191,225,225,225,238,238,312,312,329,329,347,347,347,376,376,387,413,446,457,474,474,213,213,213,213,213,213,42,70,70],"floor_reached":57,"playtime":5807,"items_purged":["Strike_G","Unload"],"score":3160,"play_id":"1a66b655-5414-4656-8609-4982ca3cef09","local_time":"20241007204144","score_breakdown":["Floors Climbed (57): 285","Enemies Slain (15): 30","Exordium Elites Killed (2): 20","City Elites Killed (3): 60","Beyond Elites Killed (2): 60","Bosses Slain (5): 750","Champion (1): 25","Beyond Perfect: 200","Overkill: 25","Ascension (20): 1455","Heartbreaker: 250"],"is_ascension_mode":true,"potions_obtained_alchemize":[[],[],[],[],[],[],[],[],[],[],[],[],[],[],[],[],[],["DistilledChaos"],["DuplicationPotion"],[],[],[],["Strength Potion"],[],["Dexterity Potion"],[],[],["Strength Potion"],[],[],["FearPotion"],[],["CultistPotion","DuplicationPotion"],[],[],[],[],[],[],["SpeedPotion"],[],["BlessingOfTheForge","FearPotion"],[],["EntropicBrew"],["Dexterity Potion"],[],[],[],[],["Dexterity Potion"],["LiquidBronze","SpeedPotion"],[],[],[],["Energy Potion","DuplicationPotion"],["Fire Potion","Energy Potion","DuplicationPotion"],[]],"campfire_choices":[{"data":"Bouncing Flask","floor":6,"key":"SMITH"},{"floor":10,"key":"REST"},{"data":"Noxious Fumes","floor":13,"key":"SMITH"},{"data":"Calculated Gamble","floor":15,"key":"SMITH"},{"floor":24,"key":"REST"},{"data":"Burst","floor":29,"key":"SMITH"},{"data":"Bullet Time","floor":32,"key":"SMITH"},{"data":"Catalyst","floor":41,"key":"SMITH"},{"data":"Prepared","floor":47,"key":"SMITH"},{"floor":49,"key":"RECALL"},{"data":"Footwork","floor":53,"key":"SMITH"}],"lesson_learned_per_floor":[[],[],[],[],[],[],[],[],[],[],[],[],[],[],[],[],[],[],[],[],[],[],[],[],[],[],[],[],[],[],[],[],[],[],[],[],[],[],[],[],[],[],[],[],[],[],[],[],[],[],[],[],[],[],[],[],[]],"neow_cost":"PERCENT_DAMAGE","improvable_cards":{},"seed_source_timestamp":62349061517300,"shop_contents":[{"floor":3,"relics":["Mummified Hand","InkBottle"],"cards":["Poisoned Stab","Skewer","Setup","Trip","Metamorphosis"],"potions":["CultistPotion","SkillPotion"]},{"floor":22,"relics":["Ancient Tea Set","PreservedInsect","Cauldron"],"cards":["Poisoned Stab","Bane","Blade Dance","Well Laid Plans","Blind","The Bomb"],"potions":["DistilledChaos","EntropicBrew","SpeedPotion"]},{"floor":48,"relics":["Meat on the Bone","Prayer Wheel"],"cards":["Heel Hook","Flying Knee","Deadly Poison","Blade Dance","Accuracy","Madness","Violence"],"potions":["SpeedPotion","Swift Potion","Dexterity Potion"]},{"floor":54,"relics":["Calipers","Blood Vial"],"cards":["Choke","Dagger Spray","Backflip","Reflex","Accuracy","Good Instincts","Secret Technique"],"potions":["Regen Potion","LiquidMemories","Poison Potion"]}],"circlet_count":0,"master_deck":["AscendersBane","Survivor","Neutralize","Underhanded Strike","Bouncing Flask+1","Noxious Fumes+1","Leg Sweep","Blur","Calculated Gamble+1","Blade Dance","Leg Sweep","Venomology","Flechettes","PiercingWail+1","Burst+1","Bullet Time+1","Outmaneuver","Backflip","Backflip","Adrenaline","Quick Slash","Storm of Steel","Phantasmal Killer","Skewer","Eviscerate","Venomology","Catalyst+1","Dark Shackles","Footwork+1","Prepared+1","PiercingWail"],"potion_use_per_floor":[[],[],[],[],[],[],["DistilledChaos"],["Energy Potion"],[],[],[],[],[],["SteroidPotion"],[],["Dexterity Potion"],[],[],[],[],[],[],["DuplicationPotion","EntropicBrew","Weak Potion"],[],[],[],[],["Strength Potion"],[],[],[],[],["EssenceOfSteel","FearPotion"],[],[],[],[],[],[],[],[],["DuplicationPotion","BlessingOfTheForge"],[],["FearPotion"],[],[],[],[],[],["Dexterity Potion"],["Dexterity Potion","LiquidBronze"],[],[],[],["SpeedPotion","Energy Potion"],["SpeedPotion","DuplicationPotion","Fire Potion","Energy Potion","DuplicationPotion"],[]],"relics":["Ring of the Snake","OrangePellets","FossilizedHelix","Sundial","Juzu Bracelet","Runic Pyramid","Ornamental Fan","Darkstone Periapt","Anchor","Nunchaku","Letter Opener","Pandora\u0027s Box","Bronze Scales","Incense Burner","Lee\u0027s Waffle","ClockworkSouvenir","Kunai"],"potions_floor_usage":[7,8,14,16,23,23,23,28,33,33,42,42,44,50,51,51,55,55,56,56,56,56,56],"damage_taken":[{"damage":2,"enemies":"Small Slimes","floor":1,"turns":5},{"damage":3,"enemies":"Jaw Worm","floor":2,"turns":4},{"damage":0,"enemies":"Cultist","floor":5,"turns":5},{"damage":21,"enemies":"Gremlin Nob","floor":7,"turns":4},{"damage":5,"enemies":"Gremlin Gang","floor":8,"turns":5},{"damage":0,"enemies":"2 Fungi Beasts","floor":12,"turns":3},{"damage":7,"enemies":"3 Sentries","floor":14,"turns":7},{"damage":0,"enemies":"Hexaghost","floor":16,"turns":9},{"damage":0,"enemies":"3 Byrds","floor":18,"turns":5},{"damage":0,"enemies":"Spheric Guardian","floor":19,"turns":6},{"damage":0,"enemies":"Centurion and Healer","floor":20,"turns":7},{"damage":21,"enemies":"Slavers","floor":23,"turns":5},{"damage":15,"enemies":"Book of Stabbing","floor":25,"turns":7},{"damage":0,"enemies":"Cultist and Chosen","floor":27,"turns":6},{"damage":7,"enemies":"Slavers","floor":28,"turns":8},{"damage":0,"enemies":"Snecko","floor":31,"turns":6},{"damage":0,"enemies":"Automaton","floor":33,"turns":10},{"damage":0,"enemies":"Orb Walker","floor":35,"turns":4},{"damage":0,"enemies":"3 Shapes","floor":37,"turns":4},{"damage":7,"enemies":"Giant Head","floor":40,"turns":6},{"damage":0,"enemies":"3 Darklings","floor":42,"turns":6},{"damage":0,"enemies":"Nemesis","floor":44,"turns":5},{"damage":0,"enemies":"4 Shapes","floor":45,"turns":6},{"damage":0,"enemies":"Writhing Mass","floor":46,"turns":4},{"damage":0,"enemies":"Awakened One","floor":50,"turns":17},{"damage":7,"enemies":"Time Eater","floor":51,"turns":7},{"damage":40,"enemies":"Shield and Spear","floor":55,"turns":13},{"damage":22,"enemies":"The Heart","floor":56,"turns":8}],"green_key_taken_log":40,"seed_played":"-4996315798234016606","neow_bonus_log":{"cardsObtained":[],"cardsUpgraded":[],"cardsRemoved":[],"cardsTransformed":[],"relicsObtained":[],"maxHpGained":0,"goldGained":250,"damageTaken":15,"goldLost":0,"maxHpLost":0},"potions_obtained":[{"floor":5,"key":"DistilledChaos"},{"floor":7,"key":"Dexterity Potion"},{"floor":8,"key":"SteroidPotion"},{"floor":16,"key":"SmokeBomb"},{"floor":19,"key":"EntropicBrew"},{"floor":28,"key":"EssenceOfSteel"}],"is_trial":false,"path_per_floor":["M","M","$","?","M","R","E","M","T","R","?","M","R","E","R","B",null,"M","M","M","?","$","E","R","E","T","M","E","R","?","M","R","B",null,"M","?","M","?","?","E","R","M","T","E","M","M","R","$","R","B","B",null,"R","$","E","B",null],"character_chosen":"THE_SILENT","basemod:card_modifiers":[null,null,null,null,null,null,null,null,null,null,null,null,null,null,null,null,null,null,null,null,null,null,null,null,null,null,null,null,null,null,null],"items_purchased":["Noxious Fumes","Leg Sweep","OrangePellets","Energy Potion","Burst","Lee\u0027s Waffle","ClockworkSouvenir"],"campfire_rested":2,"item_purchase_floors":[3,3,3,3,22,48,54],"current_hp_per_floor":[42,39,39,32,32,32,11,6,6,25,25,25,25,18,18,18,54,54,54,54,54,54,33,52,37,37,37,30,30,30,30,30,30,57,57,57,57,57,47,40,40,40,40,40,40,40,40,70,70,70,63,68,68,68,28,6],"gold":70,"neow_bonus":"TWO_FIFTY_GOLD","is_prod":false,"is_daily":false,"rewards_skipped":[{"floor":20,"relics":[],"potions":["SmokeBomb"]},{"floor":31,"relics":[],"potions":["Ancient Potion"]},{"floor":33,"relics":[],"potions":["EssenceOfSteel"]},{"floor":40,"relics":[],"potions":["Swift Potion"]},{"floor":46,"relics":[],"potions":["DistilledChaos"]}],"chose_seed":false,"campfire_upgraded":8,"win_rate":0,"floor_exit_playtime":[54,89,120,138,177,191,281,397,400,402,410,493,499,641,647,809,830,981,1141,1288,1303,1339,1523,1527,1703,1707,1860,2069,2083,2097,2224,2237,2618,2669,2752,2767,2859,2861,2881,3089,3102,3295,3298,3515,3683,3803,3818,3845,3848,4537,4812,4824,4860,4878,5463,5807],"timestamp":1728348104,"blue_key_relic_skipped_log":{"floor":43,"relicID":"Potion Belt"},"path_taken":["M","M","$","?","M","R","E","M","T","R","?","M","R","E","R","BOSS","M","M","M","?","$","E","R","E","T","M","E","R","?","M","R","BOSS","M","?","M","?","?","E","R","M","T","E","M","M","R","$","R","BOSS","BOSS","R","$","E","BOSS"],"build_version":"2022-12-18","purchased_purges":2,"victory":true,"max_hp_per_floor":[66,66,66,66,66,66,66,66,66,66,66,66,66,66,66,66,66,66,66,66,66,66,66,66,66,66,66,66,66,66,66,66,66,66,66,63,63,63,63,63,63,63,63,63,63,63,63,70,70,70,70,70,70,70,70,70],"relic_stats":{"Darkstone Periapt":0,"Lee\u0027s Waffle":30,"counters":[28,182],"Juzu Bracelet":2,"Letter Opener":[505],"OrangePellets":[5],"Nunchaku":[16],"Sundial":[24],"Ornamental Fan":[164],"Bronze Scales":[320],"Pandora\u0027s Box":["Quick Slash","Unload","Storm of Steel","Phantasmal Killer","Skewer","Eviscerate","Venomology"],"Kunai":[1],"obtain_stats":[{"Darkstone Periapt":25,"Lee\u0027s Waffle":48,"Juzu Bracelet":14,"Incense Burner":44,"Letter Opener":30,"ClockworkSouvenir":54,"OrangePellets":3,"Anchor":26,"Nunchaku":28,"Sundial":9,"Ornamental Fan":23,"Bronze Scales":40,"Pandora\u0027s Box":34,"Kunai":55,"FossilizedHelix":7,"Ring of the Snake":0,"Runic Pyramid":17},{"Darkstone Periapt":13,"Lee\u0027s Waffle":24,"Juzu Bracelet":7,"Incense Burner":22,"Letter Opener":15,"ClockworkSouvenir":26,"OrangePellets":2,"Anchor":13,"Nunchaku":15,"Sundial":5,"Ornamental Fan":12,"Bronze Scales":20,"Pandora\u0027s Box":17,"Kunai":27,"FossilizedHelix":4,"Ring of the Snake":0,"Runic Pyramid":8},{"Darkstone Periapt":72,"Lee\u0027s Waffle":137,"Juzu Bracelet":33,"Incense Burner":127,"Letter Opener":86,"ClockworkSouvenir":161,"OrangePellets":9,"Anchor":72,"Nunchaku":86,"Sundial":23,"Ornamental Fan":65,"Bronze Scales":116,"Pandora\u0027s Box":102,"Kunai":174,"FossilizedHelix":18,"Ring of the Snake":0,"Runic Pyramid":42}],"FossilizedHelix":[206],"Ring of the Snake":[56]},"card_choices":[{"not_picked":["Outmaneuver","Flechettes"],"picked":"Underhanded Strike","floor":1},{"not_picked":["Masterful Stab","Quick Slash"],"picked":"Bouncing Flask","floor":2},{"not_picked":["Concentrate","Deflect","Outmaneuver"],"picked":"SKIP","floor":5},{"not_picked":["Bane","Bouncing Flask"],"picked":"Blur","floor":7},{"not_picked":["Underhanded Strike","Reflex"],"picked":"Calculated Gamble","floor":8},{"not_picked":["Tactician","Poisoned Stab"],"picked":"Blade Dance","floor":12},{"not_picked":["Bane","Outmaneuver"],"picked":"Leg Sweep","floor":14},{"not_picked":["Doppelganger","Night Terror"],"picked":"Venomology","floor":16},{"not_picked":["Blade Dance","Quick Slash"],"picked":"Flechettes","floor":18},{"not_picked":["Flying Knee","Slice","Setup"],"picked":"SKIP","floor":19},{"not_picked":["Quick Slash","Cloak And Dagger"],"picked":"PiercingWail+1","floor":20},{"not_picked":["Dodge and Roll","Deflect"],"picked":"Bullet Time","floor":23},{"not_picked":["Well Laid Plans","Poisoned Stab","Concentrate"],"picked":"SKIP","floor":25},{"not_picked":["Cloak And Dagger","Poisoned Stab"],"picked":"Outmaneuver","floor":27},{"not_picked":["Quick Slash","Outmaneuver+1"],"picked":"Backflip","floor":28},{"not_picked":["Die Die Die","Dagger Throw"],"picked":"Backflip","floor":31},{"not_picked":["Corpse Explosion","Tools of the Trade"],"picked":"Adrenaline","floor":33},{"not_picked":["Well Laid Plans","Leg Sweep+1","Eviscerate+1"],"picked":"SKIP","floor":35},{"not_picked":["Infinite Blades","Underhanded Strike"],"picked":"Catalyst","floor":37},{"not_picked":["HandOfGreed","Mind Blast"],"picked":"Dark Shackles","floor":39},{"not_picked":["Flash of Steel","Metamorphosis","Mayhem"],"picked":"SKIP","floor":39},{"not_picked":["Finesse","Bandage Up","Violence"],"picked":"SKIP","floor":39},{"not_picked":["Noxious Fumes+1","Deadly Poison"],"picked":"Footwork","floor":40},{"not_picked":["Leg Sweep","Well Laid Plans","Bane"],"picked":"SKIP","floor":42},{"not_picked":["Flying Knee","Bane"],"picked":"Prepared","floor":44},{"not_picked":["Blade Dance","Eviscerate+1","Storm of Steel"],"picked":"SKIP","floor":45},{"not_picked":["Flying Knee+1","Well Laid Plans"],"picked":"PiercingWail","floor":46},{"not_picked":["Sucker Punch","Blade Dance+1","Masterful Stab"],"picked":"SKIP","floor":55}],"player_experience":2743291,"relics_obtained":[{"floor":7,"key":"FossilizedHelix"},{"floor":9,"key":"Sundial"},{"floor":14,"key":"Juzu Bracelet"},{"floor":23,"key":"Ornamental Fan"},{"floor":25,"key":"Darkstone Periapt"},{"floor":26,"key":"Anchor"},{"floor":28,"key":"Nunchaku"},{"floor":40,"key":"Bronze Scales"},{"floor":44,"key":"Incense Burner"},{"floor":55,"key":"Kunai"}],"event_choices":[{"cards_removed":["Defend_G"],"damage_healed":0,"gold_gain":0,"player_choice":"Card Removal","damage_taken":7,"max_hp_gain":0,"max_hp_loss":0,"event_name":"Golden Wing","floor":4,"gold_loss":0},{"damage_healed":0,"gold_gain":0,"player_choice":"Searched \u00270\u0027 times","damage_taken":0,"max_hp_gain":0,"max_hp_loss":0,"event_name":"Dead Adventurer","floor":11,"gold_loss":0},{"cards_removed":["Strike_G"],"damage_healed":0,"gold_gain":0,"player_choice":"Card Removal","damage_taken":0,"max_hp_gain":0,"max_hp_loss":0,"event_name":"Wheel of Change","floor":21,"gold_loss":0},{"damage_healed":0,"gold_gain":0,"player_choice":"Gave Potion","damage_taken":0,"relics_obtained":["Letter Opener"],"max_hp_gain":0,"max_hp_loss":0,"event_name":"WeMeetAgain","floor":30,"gold_loss":0},{"damage_healed":0,"gold_gain":0,"player_choice":"Max HP","damage_taken":0,"max_hp_gain":0,"max_hp_loss":3,"event_name":"Winding Halls","floor":36,"gold_loss":0},{"damage_healed":0,"gold_gain":0,"player_choice":"Ignored","damage_taken":0,"max_hp_gain":0,"max_hp_loss":0,"event_name":"Tomb of Lord Red Mask","floor":38,"gold_loss":0},{"damage_healed":0,"gold_gain":0,"player_choice":"Memory 3","damage_taken":10,"max_hp_gain":0,"max_hp_loss":0,"event_name":"SensoryStone","floor":39,"gold_loss":0}],"is_beta":false,"boss_relics":[{"not_picked":["HoveringKite","SlaversCollar"],"picked":"Runic Pyramid"},{"not_picked":["Coffee Dripper","Snecko Eye"],"picked":"Pandora\u0027s Box"}],"items_purged_floors":[22,48],"is_endless":false,"potions_floor_spawned":[5,7,8,16,19,20,28,31,33,40,46],"ascension_level":20,"potion_discard_per_floor":[[],[],[],[],[],[],[],[],[],[],[],[],[],[],[],[],[],[],["SmokeBomb","DistilledChaos"],[],[],[],[],[],["SmokeBomb"],[],[],["Strength Potion"],[],[],[],[],[],[],[],[],[],[],[],["CultistPotion"],[],[],[],[],["EntropicBrew"],[],[],[],[],[],[],[],[],[],[],[],[]]}