{"neow_bonuses_skipped_log":["THREE_SMALL_POTIONS","TWENTY_PERCENT_HP_BONUS","BOSS_RELIC"],"neow_costs_skipped_log":["NONE","NO_GOLD","NONE"],"potions_obtained_entropic_brew":[[],[],[],[],[],[],[],[],[],[],[],[],[],[],[],[],[],[],[],[],[],[],[],[],[],[],["Swift Potion","Dexterity Potion","Block Potion","LiquidBronze"],[],[],[],[],[],[],[],[],[],[],[],[],[],[],[],[],[],[],[],[],[],[],[],[],[],[],[],[],[],[]],"gold_per_floor":[109,109,120,134,82,82,93,122,122,122,136,167,167,182,182,253,253,273,323,339,339,359,394,394,22,22,122,134,163,163,198,198,272,272,288,303,303,317,336,336,349,378,404,435,435,483,483,499,499,499,499,499,499,17,50,50],"floor_reached":57,"playtime":3330,"items_purged":["Defend_G","Backstab+1"],"score":3189,"play_id":"5fbe5a35-3c0d-4b39-b615-9bbb6f5bb5f8","local_time":"20241019035354","score_breakdown":["Floors Climbed (57): 285","Enemies Slain (16): 32","Exordium Elites Killed (2): 20","City Elites Killed (3): 60","Beyond Elites Killed (2): 60","Bosses Slain (5): 750","Speedster: 25","Collector (1): 25","Librarian: 25","Champion (3): 75","Perfect (2): 100","Overkill: 25","C-c-c-combo: 25","Ascension (20): 1432","Heartbreaker: 250"],"is_ascension_mode":true,"potions_obtained_alchemize":[[],[],[],[],[],[],[],[],[],[],[],[],[],[],[],[],[],[],[],[],[],[],[],[],[],[],[],[],[],[],[],[],[],[],[],[],[],[],[],[],[],[],[],[],[],[],[],[],[],[],[],[],[],[],[],[],[]],"campfire_choices":[{"data":"Blade Dance","floor":6.0,"key":"SMITH"},{"data":"Backstab","floor":10.0,"key":"SMITH"},{"floor":15.0,"key":"REST"},{"floor":30.0,"key":"RECALL"},{"floor":32.0,"key":"REST"},{"floor":40,"key":"REST"},{"floor":49,"key":"REST"},{"floor":53,"key":"REST"}],"lesson_learned_per_floor":[[],[],[],[],[],[],[],[],[],[],[],[],[],[],[],[],[],[],[],[],[],[],[],[],[],[],[],[],[],[],[],[],[],[],[],[],[],[],[],[],[],[],[],[],[],[],[],[],[],[],[],[],[],[],[],[],[]],"neow_cost":"NONE","improvable_cards":{},"seed_source_timestamp":698145353544100,"shop_contents":[{"floor":5,"relics":["War Paint","Ornamental Fan","Lee\u0027s Waffle"],"cards":["Slice","Bane","PiercingWail","Infinite Blades","Blind","The Bomb"],"potions":["SpeedPotion","Weak Potion","LiquidBronze"]},{"floor":25,"relics":["Akabeko","Toxic Egg 2","Blood Vial"],"cards":["All Out Attack","Dagger Throw","PiercingWail","Blade Dance","Infinite Blades","Trip","Secret Technique"],"potions":["LiquidMemories","BlessingOfTheForge","Fire Potion"]},{"floor":54,"relics":["Du-Vu Doll","Blue Candle","TwistedFunnel"],"cards":["Finisher","All Out Attack","Prepared","PiercingWail","Infinite Blades","Trip","HandOfGreed"],"potions":["Dexterity Potion","Block Potion","Block Potion"]}],"circlet_count":0,"master_deck":["AscendersBane","Survivor+1","Neutralize+1","Leg Sweep+1","Blade Dance+1","Heel Hook+1","Acrobatics+1","Noxious Fumes+1","PiercingWail+1","Doppelganger+1","Cloak And Dagger+1","After Image+1","Acrobatics+1","Blade Dance+1","Wraith Form v2+1","Ghostly+1","Ghostly+1","Ghostly+1","Blade Dance+1","Phantasmal Killer+1","Accuracy+1","Blade Dance+1","After Image+1","Slice+1","Blade Dance+1","Adrenaline+1","Adrenaline+1","Grand Finale+1","Blur+1","Cloak And Dagger+1","Flechettes+1","Acrobatics+1","Backflip+1","PiercingWail","Well Laid Plans","PiercingWail"],"special_seed":0,"potion_use_per_floor":[[],[],[],[],[],[],[],["Dexterity Potion"],[],[],[],[],[],[],[],["Energy Potion"],[],[],[],[],[],[],["DistilledChaos"],[],[],[],["EntropicBrew","Block Potion"],[],[],[],[],[],["Swift Potion"],[],[],[],[],[],[],[],[],[],[],["DuplicationPotion"],[],[],[],[],[],[],[],[],[],[],[],["LiquidBronze","Dexterity Potion","DuplicationPotion"],[]],"relics":["Ring of the Snake","Shuriken","The Courier","Matryoshka","Fusion Hammer","Bottled Lightning","ClockworkSouvenir","Dream Catcher","Potion Belt","Tingsha","Pantograph","Singing Bowl","Pandora\u0027s Box","HornCleat","Nunchaku","Mummified Hand","Mark of the Bloom","Unceasing Top","Whetstone","Gremlin Horn","Oddly Smooth Stone"],"potions_floor_usage":[44,56,56,56],"damage_taken":[{"damage":2.0,"enemies":"2 Louse","floor":1.0,"turns":4.0},{"damage":1.0,"enemies":"Cultist","floor":3.0,"turns":4.0},{"damage":0.0,"enemies":"Jaw Worm","floor":4.0,"turns":3.0},{"damage":0.0,"enemies":"Blue Slaver","floor":7.0,"turns":6.0},{"damage":11.0,"enemies":"Lagavulin","floor":8.0,"turns":9.0},{"damage":1.0,"enemies":"Red Slaver","floor":11.0,"turns":3.0},{"damage":17.0,"enemies":"3 Sentries","floor":12.0,"turns":8.0},{"damage":0.0,"enemies":"Looter","floor":14.0,"turns":3.0},{"damage":18.0,"enemies":"Hexaghost","floor":16.0,"turns":10.0},{"damage":6.0,"enemies":"Spheric Guardian","floor":18.0,"turns":6.0},{"damage":1.0,"enemies":"Shell Parasite","floor":20.0,"turns":4.0},{"damage":0.0,"enemies":"Snecko","floor":22.0,"turns":6.0},{"damage":5.0,"enemies":"Slavers","floor":23.0,"turns":5.0},{"damage":0.0,"enemies":"Colosseum Slavers","floor":27.0,"turns":6.0},{"damage":0.0,"enemies":"Colosseum Nobs","floor":27.0,"turns":5.0},{"damage":0.0,"enemies":"Centurion and Healer","floor":28.0,"turns":4.0},{"damage":0.0,"enemies":"Gremlin Leader","floor":29.0,"turns":7.0},{"damage":1.0,"enemies":"Slavers","floor":31.0,"turns":6.0},{"damage":8.0,"enemies":"Collector","floor":33.0,"turns":8.0},{"damage":0.0,"enemies":"3 Darklings","floor":35.0,"turns":5.0},{"damage":0.0,"enemies":"3 Shapes","floor":36.0,"turns":6.0},{"damage":0,"enemies":"Sphere and 2 Shapes","floor":38,"turns":3},{"damage":1,"enemies":"Maw","floor":39,"turns":6},{"damage":1,"enemies":"4 Shapes","floor":41,"turns":6},{"damage":0,"enemies":"Giant Head","floor":42,"turns":6},{"damage":3,"enemies":"Reptomancer","floor":44,"turns":4},{"damage":0,"enemies":"2 Orb Walkers","floor":46,"turns":3},{"damage":0,"enemies":"Jaw Worm Horde","floor":48,"turns":2},{"damage":0,"enemies":"Time Eater","floor":50,"turns":8},{"damage":0,"enemies":"Donu and Deca","floor":51,"turns":5},{"damage":0,"enemies":"Shield and Spear","floor":55,"turns":4},{"damage":3,"enemies":"The Heart","floor":56,"turns":7}],"green_key_taken_log":44,"seed_played":"5060413052606763828","neow_bonus_log":{"cardsObtained":[],"cardsUpgraded":[],"cardsRemoved":[],"cardsTransformed":[],"relicsObtained":[],"maxHpGained":0,"goldGained":0,"damageTaken":0,"goldLost":0,"maxHpLost":0},"potions_obtained":[{"floor":3.0,"key":"Dexterity Potion"},{"floor":7.0,"key":"ColorlessPotion"},{"floor":8.0,"key":"EntropicBrew"},{"floor":14.0,"key":"Energy Potion"},{"floor":22.0,"key":"DistilledChaos"},{"floor":28.0,"key":"ColorlessPotion"},{"floor":29.0,"key":"EssenceOfSteel"},{"floor":36,"key":"Explosive Potion"},{"floor":39,"key":"DuplicationPotion"},{"floor":48,"key":"PowerPotion"}],"is_trial":false,"path_per_floor":["M","?","M","M","$","R","M","E","T","R","M","E","?","M","R","B",null,"M","?","M","?","M","E","?","$","T","?","M","E","R","E","R","B",null,"M","M","?","M","M","R","M","E","T","E","?","?","?","M","R","B","B",null,"R","$","E","B",null],"character_chosen":"THE_SILENT","basemod:card_modifiers":[null,null,null,null,null,null,null,null,null,null,null,null,null,null,null,null,null,null,null,null,null,null,null,null,null,null,null,null,null,null,null,null,null,null,null,null],"items_purchased":["Acrobatics","Blade Dance","ClockworkSouvenir","Phantasmal Killer","Whetstone","DuplicationPotion","Gremlin Horn"],"campfire_rested":5,"item_purchase_floors":[5,25,25,25,54,54,54],"current_hp_per_floor":[57,48,47,47,47,47,47,36,36,36,35,18,11,11,30,12,53,47,47,46,46,46,41,33,33,33,33,33,33,33,34,37,29,35,35,35,35,37,38,41,40,42,42,39,39,39,39,39,39,39,39,39,39,39,39,36],"gold":50,"neow_bonus":"THREE_CARDS","is_prod":false,"is_daily":false,"rewards_skipped":[{"floor":12,"relics":[],"potions":["SpeedPotion"]},{"floor":29,"relics":["Bottled Flame"],"potions":[]},{"floor":42,"relics":[],"potions":["AttackPotion"]}],"chose_seed":false,"campfire_upgraded":2,"win_rate":0,"floor_exit_playtime":[60,73,100,131,170,176,240,329,332,340,368,486,504,555,557,691,711,787,795,856,867,961,1073,1079,1124,1128,1303,1352,1472,1476,1587,1592,1723,1750,1849,1934,1936,1999,2086,2105,2207,2324,2327,2435,2443,2525,2546,2615,2620,2835,2948,2959,2971,3022,3118,3330],"timestamp":1729324434,"blue_key_relic_skipped_log":{"floor":43,"relicID":"Boot"},"path_taken":["M","?","M","M","$","R","M","E","T","R","?","E","?","M","R","BOSS","M","?","M","?","?","E","?","$","T","?","M","E","R","E","R","BOSS","M","M","?","M","M","R","M","E","T","E","?","?","?","M","R","BOSS","BOSS","R","$","E","BOSS"],"build_version":"2022-12-18","purchased_purges":2,"victory":true,"max_hp_per_floor":[66,66,66,66,66,66,66,66,66,66,66,66,66,66,66,66,66,66,66,66,66,66,66,33,33,33,33,33,33,33,35,37,37,37,37,37,37,39,41,41,41,43,43,43,43,43,43,43,45,45,45,45,45,45,47,47],"relic_stats":{"Mark of the Bloom":109,"Singing Bowl":14,"Gremlin Horn":[1,1],"counters":[32,172],"Tingsha":[135],"The Courier":213,"Whetstone":[],"Dream Catcher":4,"Nunchaku":[19],"Matryoshka":2,"Shuriken":[146],"Mummified Hand":[34],"Pantograph":0,"Pandora\u0027s Box":["Slice","Blade Dance","Bane","Adrenaline","Adrenaline","Grand Finale","Blur"],"Bottled Lightning":"Acrobatics","obtain_stats":[{"Potion Belt":26,"Mark of the Bloom":45,"Singing Bowl":31,"Gremlin Horn":54,"Oddly Smooth Stone":55,"Tingsha":27,"The Courier":9,"Whetstone":54,"ClockworkSouvenir":25,"Dream Catcher":26,"Nunchaku":43,"Matryoshka":12,"HornCleat":42,"Shuriken":8,"Mummified Hand":44,"Pantograph":27,"Pandora\u0027s Box":34,"Fusion Hammer":17,"Bottled Lightning":23,"Unceasing Top":46,"Ring of the Snake":0},{"Potion Belt":13,"Mark of the Bloom":26,"Singing Bowl":18,"Gremlin Horn":30,"Oddly Smooth Stone":31,"Tingsha":15,"The Courier":5,"Whetstone":30,"ClockworkSouvenir":13,"Dream Catcher":13,"Nunchaku":25,"Matryoshka":7,"HornCleat":25,"Shuriken":5,"Mummified Hand":26,"Pantograph":15,"Pandora\u0027s Box":19,"Fusion Hammer":9,"Bottled Lightning":13,"Unceasing Top":27,"Ring of the Snake":0},{"Potion Belt":71,"Mark of the Bloom":143,"Singing Bowl":99,"Gremlin Horn":161,"Oddly Smooth Stone":165,"Tingsha":82,"The Courier":26,"Whetstone":161,"ClockworkSouvenir":71,"Dream Catcher":71,"Nunchaku":139,"Matryoshka":37,"HornCleat":139,"Shuriken":26,"Mummified Hand":143,"Pantograph":82,"Pandora\u0027s Box":107,"Fusion Hammer":50,"Bottled Lightning":71,"Unceasing Top":146,"Ring of the Snake":0}],"Unceasing Top":[0],"Ring of the Snake":[64]},"card_choices":[{"not_picked":["Dagger Throw","Sucker Punch"],"picked":"Leg Sweep","floor":0.0},{"not_picked":["Prepared","Dodge and Roll"],"picked":"Backstab","floor":1.0},{"not_picked":["Sucker Punch","Dagger Spray"],"picked":"Blade Dance","floor":3.0},{"not_picked":["Sucker Punch","Prepared"],"picked":"Heel Hook","floor":4.0},{"not_picked":["Dagger Throw","Blade Dance"],"picked":"Noxious Fumes","floor":7.0},{"not_picked":["Deflect","Acrobatics"],"picked":"PiercingWail","floor":8.0},{"not_picked":["Outmaneuver","Blur","Dodge and Roll"],"picked":"SKIP","floor":11.0},{"not_picked":["Prepared","Phantasmal Killer"],"picked":"Doppelganger","floor":12.0},{"not_picked":["Prepared","PiercingWail"],"picked":"Cloak And Dagger","floor":14.0},{"not_picked":["Night Terror","Venomology"],"picked":"After Image","floor":16.0},{"not_picked":["Blur","Distraction"],"picked":"Acrobatics","floor":18.0},{"not_picked":["Deflect","Dodge and Roll"],"picked":"Blade Dance","floor":20.0},{"not_picked":["Deflect","Dagger Throw"],"picked":"Wraith Form v2","floor":22.0},{"not_picked":["Finisher+1","Prepared","Slice"],"picked":"SKIP","floor":23.0},{"not_picked":["Crippling Poison","Dagger Spray"],"picked":"Accuracy","floor":27.0},{"not_picked":["Distraction","Noxious Fumes","Sucker Punch"],"picked":"SKIP","floor":28.0},{"not_picked":["Skewer","Dagger Spray"],"picked":"Blade Dance","floor":29.0},{"not_picked":["Finisher+1","Escape Plan","Blade Dance"],"picked":"Singing Bowl","floor":31.0},{"not_picked":["Distraction","Outmaneuver","Quick Slash"],"picked":"Singing Bowl","floor":32.0},{"not_picked":["Envenom","Unload"],"picked":"After Image","floor":33.0},{"not_picked":["Heel Hook","Riddle With Holes"],"picked":"Cloak And Dagger+1","floor":35.0},{"not_picked":["Setup+1","Riddle With Holes","Quick Slash"],"picked":"SKIP","floor":36},{"not_picked":["Cloak And Dagger","Dash","Sucker Punch"],"picked":"Singing Bowl","floor":38},{"not_picked":["Deflect","Heel Hook","Flying Knee"],"picked":"Singing Bowl","floor":39},{"not_picked":["Catalyst","PiercingWail"],"picked":"Flechettes+1","floor":40},{"not_picked":["Blade Dance","Dagger Throw"],"picked":"Acrobatics","floor":41},{"not_picked":["Accuracy","Heel Hook+1","Bane"],"picked":"Singing Bowl","floor":42},{"not_picked":["Dodge and Roll+1","PiercingWail"],"picked":"Backflip+1","floor":44},{"not_picked":["Footwork","Slice"],"picked":"PiercingWail","floor":46},{"not_picked":["Heel Hook","Dash+1"],"picked":"Well Laid Plans","floor":48},{"not_picked":["Backflip","Bullet Time","Backstab+1"],"picked":"Singing Bowl","floor":49},{"not_picked":["Flying Knee","Catalyst"],"picked":"PiercingWail","floor":53},{"not_picked":["Noxious Fumes","Distraction","Skewer"],"picked":"Singing Bowl","floor":55}],"player_experience":2770549,"relics_obtained":[{"floor":8.0,"key":"Shuriken"},{"floor":9.0,"key":"The Courier"},{"floor":12.0,"key":"Matryoshka"},{"floor":23.0,"key":"Bottled Lightning"},{"floor":26.0,"key":"Dream Catcher"},{"floor":26.0,"key":"Potion Belt"},{"floor":27.0,"key":"Tingsha"},{"floor":27.0,"key":"Pantograph"},{"floor":31.0,"key":"Singing Bowl"},{"floor":42,"key":"HornCleat"},{"floor":43,"key":"Nunchaku"},{"floor":44,"key":"Mummified Hand"},{"floor":46,"key":"Unceasing Top"},{"floor":55,"key":"Oddly Smooth Stone"}],"event_choices":[{"damage_healed":0.0,"max_hp_gain":0.0,"max_hp_loss":0.0,"gold_gain":0.0,"event_name":"Wheel of Change","player_choice":"Damaged","floor":2.0,"gold_loss":0.0,"damage_taken":9.0},{"cards_removed":["Strike_G"],"damage_healed":0.0,"max_hp_gain":0.0,"max_hp_loss":0.0,"gold_gain":0.0,"event_name":"Golden Wing","player_choice":"Card Removal","floor":13.0,"gold_loss":0.0,"damage_taken":7.0},{"damage_healed":0.0,"max_hp_gain":0.0,"max_hp_loss":0.0,"gold_gain":50.0,"event_name":"Nest","player_choice":"Stole From Cult","floor":19.0,"gold_loss":0.0,"damage_taken":0.0},{"cards_removed":["Strike_G"],"damage_healed":0.0,"max_hp_gain":0.0,"max_hp_loss":0.0,"gold_gain":0.0,"event_name":"Purifier","player_choice":"Purged","floor":21.0,"gold_loss":0.0,"damage_taken":0.0},{"damage_healed":0.0,"max_hp_gain":0.0,"max_hp_loss":33.0,"gold_gain":0.0,"event_name":"Ghosts","player_choice":"Became a Ghost","floor":24.0,"gold_loss":0.0,"damage_taken":0.0,"cards_obtained":["Ghostly","Ghostly","Ghostly"]},{"damage_healed":0.0,"max_hp_gain":0.0,"max_hp_loss":0.0,"gold_gain":0.0,"event_name":"Colosseum","player_choice":"Fight","floor":27.0,"gold_loss":0.0,"damage_taken":0.0},{"damage_healed":0.0,"max_hp_gain":0.0,"max_hp_loss":0.0,"gold_gain":0.0,"event_name":"Colosseum","player_choice":"Fought Nobs","floor":27.0,"gold_loss":0.0,"damage_taken":0.0},{"damage_healed":0,"gold_gain":0,"player_choice":"Ignored","damage_taken":0,"max_hp_gain":0,"max_hp_loss":0,"event_name":"Tomb of Lord Red Mask","floor":37,"gold_loss":0},{"damage_healed":0,"gold_gain":0,"player_choice":"Upgrade","damage_taken":0,"relics_obtained":["Mark of the Bloom"],"max_hp_gain":0,"max_hp_loss":0,"event_name":"MindBloom","floor":45,"gold_loss":0,"cards_upgraded":["Survivor","Neutralize","Leg Sweep","Heel Hook","Acrobatics","Noxious Fumes","PiercingWail","Doppelganger","Cloak And Dagger","After Image","Acrobatics","Blade Dance","Wraith Form v2","Ghostly","Ghostly","Ghostly","Blade Dance","Phantasmal Killer","Accuracy","Blade Dance","After Image","Slice","Blade Dance","Bane","Adrenaline","Adrenaline","Grand Finale","Blur","Acrobatics"]},{"damage_healed":0,"gold_gain":0,"player_choice":"Fight","damage_taken":0,"max_hp_gain":0,"max_hp_loss":0,"event_name":"Mysterious Sphere","floor":46,"gold_loss":0},{"cards_removed":["Bane"],"damage_healed":0,"gold_gain":0,"player_choice":"Purged","damage_taken":0,"max_hp_gain":0,"max_hp_loss":0,"event_name":"Purifier","floor":47,"gold_loss":0}],"is_beta":false,"boss_relics":[{"not_picked":["Tiny House","Empty Cage"],"picked":"Fusion Hammer"},{"not_picked":["Velvet Choker","Coffee Dripper"],"picked":"Pandora\u0027s Box"}],"items_purged_floors":[25,54],"is_endless":false,"potions_floor_spawned":[3,7,8,12,14,22,28,29,36,39,42,48],"ascension_level":20,"potion_discard_per_floor":[[],[],[],[],[],[],[],[],[],[],[],[],[],["ColorlessPotion"],[],[],[],[],[],[],[],[],[],[],[],[],[],[],["ColorlessPotion"],[],[],[],[],[],[],[],[],[],["EssenceOfSteel"],[],[],[],[],[],[],[],[],[],[],[],[],[],[],["Explosive Potion"],[],[],[]]}