{"neow_bonuses_skipped_log":["TRANSFORM_CARD","TEN_PERCENT_HP_BONUS","BOSS_RELIC"],"neow_costs_skipped_log":["NONE","NONE","NONE"],"potions_obtained_entropic_brew":[[],[],[],[],[],[],[],[],[],[],[],[],[],[],[],[],[],[],[],[],[],[],[],[],[]],"gold_per_floor":[360,86,106,106,123,123,123,123,191,229,229,244,265,279,279,372,372,390,404,422,38,38,102,102,102],"floor_reached":25,"playtime":1359,"items_purged":["Regret"],"score":446,"play_id":"4d0fe98b-34da-4fe9-8185-c2e2fd35a257","local_time":"20241019005707","score_breakdown":["Floors Climbed (25): 125","Enemies Slain (9): 18","Exordium Elites Killed (1): 10","City Elites Killed (1): 20","Bosses Slain (1): 50","Ascension (20): 223"],"is_ascension_mode":true,"potions_obtained_alchemize":[[],[],[],[],[],[],[],[],[],[],[],[],[],[],[],[],[],["Regen Potion"],["SneckoOil"],[],[],[],["ColorlessPotion"],[],["SteroidPotion"]],"campfire_choices":[{"floor":6,"key":"REST"},{"floor":11,"key":"REST"},{"data":"Envenom","floor":15,"key":"SMITH"},{"floor":24,"key":"REST"}],"lesson_learned_per_floor":[[],[],[],[],[],[],[],[],[],[],[],[],[],[],[],[],[],[],[],[],[],[],[],[],[]],"neow_cost":"CURSE","improvable_cards":{},"seed_source_timestamp":689544487783900,"shop_contents":[{"floor":2,"relics":["Darkstone Periapt","Mummified Hand","Strange Spoon"],"cards":["Masterful Stab","Outmaneuver","Blur","Impatience","Secret Weapon"],"potions":["BlessingOfTheForge","EntropicBrew"]},{"floor":21,"relics":["Calipers","PrismaticShard"],"cards":["Flying Knee","Skewer","Prepared","Acrobatics","Caltrops","Blind","Thinking Ahead"],"potions":["Regen Potion","Weak Potion"]}],"circlet_count":0,"master_deck":["AscendersBane","Strike_G","Defend_G","Defend_G","Defend_G","Defend_G","Survivor","Neutralize","Terror","Accuracy","Flying Knee","Quick Slash","Heel Hook","Dagger Throw","Predator","Noxious Fumes","Envenom+1","Venomology","Dodge and Roll+1","Corpse Explosion+1","Cloak And Dagger+1","PiercingWail+1","Blade Dance"],"potion_use_per_floor":[[],[],[],[],[],[],[],[],[],["Ancient Potion"],[],[],[],[],[],["DuplicationPotion","EssenceOfSteel","GhostInAJar"],[],["Regen Potion"],["EssenceOfSteel","BlessingOfTheForge"],["SneckoOil"],[],[],["Fire Potion","ColorlessPotion"],[],["Dexterity Potion"]],"relics":["Ring of the Snake","Golden Idol","Pantograph","Potion Belt","Astrolabe","Lizard Tail","Shuriken"],"potions_floor_usage":[10,16,16,16,18,19,19,20,23,23,25],"damage_taken":[{"damage":8,"enemies":"Jaw Worm","floor":1,"turns":7},{"damage":13,"enemies":"Small Slimes","floor":3,"turns":4},{"damage":6,"enemies":"2 Louse","floor":5,"turns":3},{"damage":25,"enemies":"Gremlin Nob","floor":10,"turns":4},{"damage":12,"enemies":"Looter","floor":12,"turns":3},{"damage":7,"enemies":"Exordium Thugs","floor":13,"turns":4},{"damage":10,"enemies":"Gremlin Gang","floor":14,"turns":4},{"damage":6,"enemies":"Hexaghost","floor":16,"turns":10},{"damage":48,"enemies":"Spheric Guardian","floor":18,"turns":9},{"damage":18,"enemies":"2 Thieves","floor":19,"turns":4},{"damage":0,"enemies":"Centurion and Healer","floor":20,"turns":4},{"damage":31,"enemies":"Slavers","floor":23,"turns":5},{"damage":25,"enemies":"Book of Stabbing","floor":25,"turns":4}],"seed_played":"4972507442529884972","neow_bonus_log":{"cardsObtained":["Regret"],"cardsUpgraded":[],"cardsRemoved":[],"cardsTransformed":[],"relicsObtained":[],"maxHpGained":0,"goldGained":250,"damageTaken":0,"goldLost":0,"maxHpLost":0},"potions_obtained":[{"floor":5,"key":"Ancient Potion"},{"floor":10,"key":"DuplicationPotion"},{"floor":12,"key":"EssenceOfSteel"},{"floor":14,"key":"EssenceOfSteel"},{"floor":18,"key":"BlessingOfTheForge"},{"floor":23,"key":"Dexterity Potion"}],"is_trial":false,"path_per_floor":["M","$","M","?","M","R","?","?","T","E","R","M","M","M","R","B",null,"M","M","M","$","?","E","R","E"],"character_chosen":"THE_SILENT","basemod:card_modifiers":[null,null,null,null,null,null,null,null,null,null,null,null,null,null,null,null,null,null,null,null,null,null,null],"items_purchased":["GhostInAJar","Accuracy","Flying Knee","Lizard Tail","Fire Potion"],"campfire_rested":3,"item_purchase_floors":[2,2,2,21,21],"current_hp_per_floor":[51,51,38,38,32,51,51,44,44,19,37,25,18,8,8,27,52,19,1,1,1,1,3,21,0],"gold":102,"neow_bonus":"TWO_FIFTY_GOLD","is_prod":false,"is_daily":false,"rewards_skipped":[],"chose_seed":false,"campfire_upgraded":1,"win_rate":0,"floor_exit_playtime":[80,134,199,208,266,276,279,286,288,334,346,374,434,511,516,645,666,794,852,921,938,942,1284,1287],"timestamp":1729313827,"path_taken":["M","$","M","?","M","R","?","?","T","E","R","M","M","M","R","BOSS","M","M","M","$","?","E","R","E"],"build_version":"2022-12-18","purchased_purges":1,"victory":false,"max_hp_per_floor":[66,66,66,66,66,66,60,60,60,60,60,60,60,60,60,60,60,60,60,60,60,60,60,60,60],"relic_stats":{"Lizard Tail":30,"counters":[13,65],"Golden Idol":57,"Shuriken":[3],"Pantograph":25,"Astrolabe":["Dodge and Roll","Corpse Explosion","Cloak And Dagger"],"obtain_stats":[{"Potion Belt":10,"Lizard Tail":21,"Golden Idol":7,"Shuriken":23,"Pantograph":9,"Astrolabe":17,"Ring of the Snake":0},{"Potion Belt":4,"Lizard Tail":11,"Golden Idol":3,"Shuriken":12,"Pantograph":3,"Astrolabe":8,"Ring of the Snake":0},{"Potion Belt":18,"Lizard Tail":56,"Golden Idol":14,"Shuriken":61,"Pantograph":14,"Astrolabe":39,"Ring of the Snake":0}],"Ring of the Snake":[26]},"card_choices":[{"not_picked":["Underhanded Strike","Deflect"],"picked":"Terror","floor":1},{"not_picked":["Deadly Poison","Dodge and Roll"],"picked":"Quick Slash","floor":3},{"not_picked":["Bane","Masterful Stab"],"picked":"Dagger Throw","floor":5},{"not_picked":["Heel Hook","Dagger Spray"],"picked":"Predator","floor":10},{"not_picked":["Dagger Throw","Masterful Stab","Outmaneuver"],"picked":"SKIP","floor":12},{"not_picked":["PiercingWail","Setup"],"picked":"Noxious Fumes","floor":13},{"not_picked":["Acrobatics","Sucker Punch"],"picked":"Envenom","floor":14},{"not_picked":["Burst","Bullet Time"],"picked":"Venomology","floor":16},{"not_picked":["Reflex","Prepared","Flechettes"],"picked":"SKIP","floor":18},{"not_picked":["Blur","Dodge and Roll"],"picked":"PiercingWail+1","floor":19},{"not_picked":["Poisoned Stab","Flying Knee","Terror"],"picked":"SKIP","floor":20},{"not_picked":["Dash","Finisher"],"picked":"Blade Dance","floor":23}],"player_experience":2762019,"relics_obtained":[{"floor":9,"key":"Pantograph"},{"floor":10,"key":"Potion Belt"},{"floor":23,"key":"Shuriken"}],"event_choices":[{"damage_healed":0,"gold_gain":0,"cards_transformed":["Defend_G"],"player_choice":"Change","damage_taken":0,"max_hp_gain":0,"max_hp_loss":0,"event_name":"Living Wall","floor":4,"gold_loss":0,"cards_obtained":["Heel Hook"]},{"damage_healed":0,"gold_gain":0,"player_choice":"Lose Max HP","damage_taken":0,"relics_obtained":["Golden Idol"],"max_hp_gain":0,"max_hp_loss":6,"event_name":"Golden Idol","floor":7,"gold_loss":0},{"cards_removed":["Strike_G"],"damage_healed":0,"gold_gain":0,"player_choice":"Card Removal","damage_taken":7,"max_hp_gain":0,"max_hp_loss":0,"event_name":"Golden Wing","floor":8,"gold_loss":0}],"is_beta":false,"boss_relics":[{"not_picked":["SacredBark","Philosopher\u0027s Stone"],"picked":"Astrolabe"}],"items_purged_floors":[2],"is_endless":false,"potions_floor_spawned":[5,10,12,14,18,23],"killed_by":"Book of Stabbing","ascension_level":20,"potion_discard_per_floor":[[],[],[],[],[],[],[],[],[],[],[],[],[],[],[],[],[],[],[],[],[],[],[],[],[]]}