{"neow_bonuses_skipped_log":["RANDOM_COLORLESS","THREE_SMALL_POTIONS","BOSS_RELIC"],"potions_obtained_entropic_brew":[[],[],[],[],[],[],[],[],[],[],[],[],[],[],[],[],[],[],[],[],[],[],[],[],[],[],[],[],[],[],[],[],[],[],[],[],[],[],[],[],[],[],[],[],[],[],[],[],[],[],[],[],[],[],[],[],[]],"neow_costs_skipped_log":["NONE","NONE","NONE"],"gold_per_floor":[19,33,83,94,108,108,120,149,176,176,191,221,239,252,252,323,323,335,387,148,165,185,216,216,246,272,197,232,232,250,268,268,347,347,361,361,380,13,85,112,122,151,151,179,196,213,238,252,252,252,252,252,252,30,60,60],"floor_reached":57,"playtime":4898,"items_purged":["Strike_G","Strike_G","Strike_G"],"score":3486,"play_id":"c6f92598-086b-4a11-9e23-1047113eae93","local_time":"20241017142054","score_breakdown":["Floors Climbed (57): 285","Enemies Slain (19): 38","Exordium Elites Killed (2): 20","City Elites Killed (3): 60","Beyond Elites Killed (3): 90","Bosses Slain (5): 750","Librarian: 25","Well Fed: 25","Champion (4): 100","Beyond Perfect: 200","Overkill: 25","C-c-c-combo: 25","Ascension (20): 1593","Heartbreaker: 250"],"is_ascension_mode":true,"potions_obtained_alchemize":[[],[],[],[],[],[],[],[],[],[],[],[],[],[],[],[],[],[],[],[],[],[],[],[],[],[],[],[],[],[],[],[],[],[],[],[],[],[],[],[],[],[],[],[],[],[],[],[],[],[],[],[],[],[],[],[],[]],"campfire_choices":[{"data":"Apotheosis","floor":6,"key":"SMITH"},{"data":"Adrenaline","floor":10,"key":"SMITH"},{"floor":15,"key":"REST"},{"data":"Well Laid Plans","floor":24,"key":"SMITH"},{"floor":32,"key":"REST"},{"floor":49,"key":"RECALL"},{"data":"Calculated Gamble","floor":53,"key":"SMITH"}],"lesson_learned_per_floor":[[],[],[],[],[],[],[],[],[],[],[],[],[],[],[],[],[],[],[],[],[],[],[],[],[],[],[],[],[],[],[],[],[],[],[],[],[],[],[],[],[],[],[],[],[],[],[],[],[],[],[],[],[],[],[],[],[]],"neow_cost":"NO_GOLD","improvable_cards":{},"seed_source_timestamp":561414035392800,"shop_contents":[{"floor":20,"relics":["Mummified Hand","War Paint"],"cards":["Quick Slash","Flying Knee","Deflect","Escape Plan","Accuracy","Enlightenment","Mayhem"],"potions":["ColorlessPotion","Regen Potion","FearPotion"]},{"floor":38,"relics":["Gremlin Horn","Strange Spoon"],"cards":["Dagger Spray+1","Slice+1","Outmaneuver","Expertise","Well Laid Plans","Enlightenment","HandOfGreed+1"],"potions":["BlessingOfTheForge","LiquidMemories"]},{"floor":54,"relics":["Mango","Pen Nib","Toolbox"],"cards":["Dagger Spray+1","Underhanded Strike+1","Deflect","Caltrops","Good Instincts","Chrysalis"],"potions":["LiquidBronze","GamblersBrew"]}],"circlet_count":0,"master_deck":["AscendersBane","Strike_G","Defend_G","Defend_G","Defend_G","Defend_G","Survivor","Neutralize+1","Apotheosis+1","PiercingWail","Dagger Throw","Poisoned Stab+1","Leg Sweep","Adrenaline+1","Acrobatics","Well Laid Plans+1","Backflip","Tactician","Doppelganger","Calculated Gamble+1","Adrenaline+1","Acrobatics","Concentrate","Underhanded Strike+1","Deadly Poison","Noxious Fumes","Flechettes+1","Malaise","Master of Strategy","Finesse","Footwork","Catalyst","PiercingWail","Blur","PiercingWail+1"],"potion_use_per_floor":[[],[],[],[],[],[],[],["Dexterity Potion"],[],[],[],[],[],[],[],[],[],[],[],[],[],[],["DuplicationPotion"],[],[],[],[],[],[],[],[],[],[],[],[],[],[],[],[],[],[],[],[],["Fruit Juice"],[],[],[],[],[],[],[],[],[],[],["Block Potion"],["Dexterity Potion","GhostInAJar"],[]],"relics":["Ring of the Snake","Singing Bowl","Akabeko","Oddly Smooth Stone","Philosopher\u0027s Stone","DollysMirror","Whetstone","Molten Egg 2","Tiny Chest","Potion Belt","Runic Pyramid","Bag of Preparation","Pantograph","Centennial Puzzle","Snake Skull","CaptainsWheel","Sundial","Girya","Nunchaku"],"potions_floor_usage":[8,23,44,55,56,56],"damage_taken":[{"damage":0,"enemies":"2 Louse","floor":1,"turns":4},{"damage":0,"enemies":"Cultist","floor":2,"turns":5},{"damage":6,"enemies":"Jaw Worm","floor":4,"turns":4},{"damage":1,"enemies":"Blue Slaver","floor":5,"turns":4},{"damage":0,"enemies":"2 Fungi Beasts","floor":7,"turns":3},{"damage":14,"enemies":"3 Sentries","floor":8,"turns":11},{"damage":0,"enemies":"3 Louse","floor":11,"turns":3},{"damage":5,"enemies":"Lagavulin","floor":12,"turns":6},{"damage":18,"enemies":"Exordium Thugs","floor":13,"turns":6},{"damage":0,"enemies":"Blue Slaver","floor":14,"turns":3},{"damage":0,"enemies":"Hexaghost","floor":16,"turns":9},{"damage":2,"enemies":"Chosen","floor":18,"turns":6},{"damage":0,"enemies":"3 Byrds","floor":21,"turns":5},{"damage":0,"enemies":"Snecko","floor":22,"turns":5},{"damage":21,"enemies":"Slavers","floor":23,"turns":11},{"damage":13,"enemies":"Book of Stabbing","floor":25,"turns":6},{"damage":0,"enemies":"Gremlin Leader","floor":28,"turns":3},{"damage":0,"enemies":"Centurion and Healer","floor":30,"turns":5},{"damage":0,"enemies":"Chosen and Byrds","floor":31,"turns":6},{"damage":0,"enemies":"Collector","floor":33,"turns":5},{"damage":0,"enemies":"3 Darklings","floor":35,"turns":4},{"damage":0,"enemies":"3 Shapes","floor":37,"turns":5},{"damage":7,"enemies":"Giant Head","floor":40,"turns":7},{"damage":0,"enemies":"Sphere and 2 Shapes","floor":41,"turns":5},{"damage":0,"enemies":"Reptomancer","floor":42,"turns":6},{"damage":0,"enemies":"Nemesis","floor":44,"turns":3},{"damage":0,"enemies":"3 Darklings","floor":45,"turns":3},{"damage":0,"enemies":"Writhing Mass","floor":46,"turns":3},{"damage":0,"enemies":"Mind Bloom Boss Battle","floor":47,"turns":5},{"damage":2,"enemies":"Jaw Worm Horde","floor":48,"turns":3},{"damage":11,"enemies":"Time Eater","floor":50,"turns":13},{"damage":0,"enemies":"Donu and Deca","floor":51,"turns":7},{"damage":0,"enemies":"Shield and Spear","floor":55,"turns":8},{"damage":10,"enemies":"The Heart","floor":56,"turns":11}],"green_key_taken_log":40,"seed_played":"116475165544918734","neow_bonus_log":{"cardsObtained":[],"cardsUpgraded":[],"cardsRemoved":[],"cardsTransformed":[],"relicsObtained":[],"maxHpGained":0,"goldGained":0,"damageTaken":0,"goldLost":99,"maxHpLost":0},"potions_obtained":[{"floor":5,"key":"Dexterity Potion"},{"floor":7,"key":"Energy Potion"},{"floor":8,"key":"DuplicationPotion"},{"floor":25,"key":"Fire Potion"},{"floor":31,"key":"Weak Potion"},{"floor":33,"key":"ColorlessPotion"},{"floor":40,"key":"Fruit Juice"},{"floor":44,"key":"Regen Potion"},{"floor":48,"key":"Block Potion"}],"is_trial":false,"path_per_floor":["M","M","?","M","M","R","M","E","T","R","M","E","M","M","R","B",null,"M","T","$","M","M","E","R","E","T","?","E","?","M","M","R","B",null,"M","?","M","$","T","E","M","E","T","E","M","M","?","M","R","B","B",null,"R","$","E","B",null],"character_chosen":"THE_SILENT","basemod:card_modifiers":[null,null,null,null,null,null,null,null,null,null,null,null,null,null,null,null,null,null,null,null,null,null,null,null,null,null,null,null,null,null,null,null,null,null,null],"items_purchased":["DollysMirror","Bag of Preparation","GhostInAJar","Blur","Dexterity Potion"],"campfire_rested":2,"item_purchase_floors":[20,38,38,54,54],"current_hp_per_floor":[59,59,59,53,52,52,52,38,38,38,38,33,15,15,34,34,58,56,56,56,56,56,37,37,24,24,24,24,24,24,24,44,44,62,64,54,56,56,56,51,51,51,51,58,58,60,85,85,85,76,87,87,87,87,87,77],"gold":60,"neow_bonus":"RANDOM_COLORLESS_2","is_prod":false,"is_daily":false,"rewards_skipped":[{"floor":12,"relics":[],"potions":["BlessingOfTheForge"]},{"floor":35,"relics":[],"potions":["CunningPotion"]}],"chose_seed":false,"campfire_upgraded":4,"win_rate":0,"floor_exit_playtime":[63,103,107,141,194,201,232,376,379,388,429,503,580,611,613,763,785,865,868,958,1164,1367,1560,1577,1725,1727,1733,1849,1858,1968,2077,2080,2265,2282,2389,2426,2544,2569,2571,2894,3027,3210,3212,3296,3415,3487,3585,3686,3691,4101,4307,4318,4334,4375,4625,4898],"timestamp":1729189254,"blue_key_relic_skipped_log":{"floor":19,"relicID":"Juzu Bracelet"},"path_taken":["M","M","?","M","?","R","M","E","T","R","M","E","M","M","R","BOSS","M","?","$","M","M","E","R","E","T","?","E","?","M","M","R","BOSS","M","?","M","$","?","E","M","E","T","E","M","M","?","M","R","BOSS","BOSS","R","$","E","BOSS"],"build_version":"2022-12-18","purchased_purges":3,"victory":true,"max_hp_per_floor":[66,66,66,66,66,66,66,66,66,66,66,66,66,66,66,66,66,66,66,66,66,66,68,68,68,68,68,68,68,68,68,68,68,68,70,70,72,72,72,74,74,74,74,81,81,83,85,87,87,87,87,87,87,87,87,87],"relic_stats":{"Girya":0,"Singing Bowl":16,"counters":[34,193],"Snake Skull":[90],"Bag of Preparation":[24],"Whetstone":["Poisoned Stab","Neutralize"],"Centennial Puzzle":[8],"Nunchaku":[1],"Sundial":[14],"Pantograph":36,"Tiny Chest":1,"obtain_stats":[{"Potion Belt":28,"Girya":47,"Singing Bowl":8,"Oddly Smooth Stone":12,"Snake Skull":42,"Bag of Preparation":38,"Whetstone":23,"Akabeko":9,"Centennial Puzzle":40,"CaptainsWheel":43,"Nunchaku":55,"DollysMirror":20,"Sundial":44,"Pantograph":39,"Philosopher\u0027s Stone":17,"Molten Egg 2":25,"Tiny Chest":26,"Ring of the Snake":0,"Runic Pyramid":34},{"Potion Belt":17,"Girya":29,"Singing Bowl":6,"Oddly Smooth Stone":8,"Snake Skull":25,"Bag of Preparation":22,"Whetstone":15,"Akabeko":6,"Centennial Puzzle":23,"CaptainsWheel":25,"Nunchaku":33,"DollysMirror":12,"Sundial":26,"Pantograph":22,"Philosopher\u0027s Stone":11,"Molten Egg 2":16,"Tiny Chest":16,"Ring of the Snake":0,"Runic Pyramid":20},{"Potion Belt":94,"Girya":151,"Singing Bowl":31,"Oddly Smooth Stone":40,"Snake Skull":137,"Bag of Preparation":119,"Whetstone":85,"Akabeko":31,"Centennial Puzzle":126,"CaptainsWheel":137,"Nunchaku":182,"DollysMirror":64,"Sundial":140,"Pantograph":119,"Philosopher\u0027s Stone":58,"Molten Egg 2":91,"Tiny Chest":91,"Ring of the Snake":0,"Runic Pyramid":110}],"Ring of the Snake":[68]},"card_choices":[{"not_picked":["The Bomb","Secret Technique"],"picked":"Apotheosis","floor":0},{"not_picked":["Expertise","Caltrops"],"picked":"PiercingWail","floor":1},{"not_picked":["Eviscerate","Riddle With Holes","Outmaneuver"],"picked":"SKIP","floor":2},{"not_picked":["Poisoned Stab","Underhanded Strike"],"picked":"Dagger Throw","floor":4},{"not_picked":["Expertise","Sucker Punch"],"picked":"Poisoned Stab","floor":5},{"not_picked":["Outmaneuver","Expertise"],"picked":"Leg Sweep","floor":7},{"not_picked":["Tools of the Trade","Backflip"],"picked":"Adrenaline","floor":8},{"not_picked":["Setup","Slice"],"picked":"Acrobatics","floor":11},{"not_picked":["Glass Knife","Prepared"],"picked":"Well Laid Plans","floor":12},{"not_picked":["Outmaneuver","Infinite Blades"],"picked":"Backflip","floor":13},{"not_picked":["Reflex","Dagger Spray"],"picked":"Tactician","floor":14},{"not_picked":["Phantasmal Killer","Envenom"],"picked":"Doppelganger","floor":16},{"not_picked":["Heel Hook","Flying Knee"],"picked":"Calculated Gamble","floor":18},{"not_picked":["Setup","Expertise"],"picked":"Acrobatics","floor":21},{"not_picked":["Calculated Gamble","Slice"],"picked":"Concentrate","floor":22},{"not_picked":["Sucker Punch","Leg Sweep","Flying Knee+1"],"picked":"Singing Bowl","floor":23},{"not_picked":["Bane+1","Predator+1"],"picked":"Underhanded Strike+1","floor":25},{"not_picked":["Heel Hook+1","Riddle With Holes+1"],"picked":"Deadly Poison","floor":28},{"not_picked":["Poisoned Stab+1","Setup"],"picked":"Noxious Fumes","floor":30},{"not_picked":["Slice+1","Dagger Throw+1"],"picked":"Flechettes+1","floor":31},{"not_picked":["Tools of the Trade","Phantasmal Killer"],"picked":"Malaise","floor":33},{"not_picked":["Dodge and Roll+1","Slice+1","Bane+1"],"picked":"Singing Bowl","floor":35},{"not_picked":["Dramatic Entrance+1","Panache"],"picked":"Master of Strategy","floor":36},{"not_picked":["Deep Breath","Flash of Steel+1"],"picked":"Finesse","floor":36},{"not_picked":["Transmutation","Dramatic Entrance+1","Deep Breath"],"picked":"SKIP","floor":36},{"not_picked":["Dagger Spray+1","Quick Slash+1","Expertise"],"picked":"Singing Bowl","floor":37},{"not_picked":["Terror","Storm of Steel","Dodge and Roll+1"],"picked":"Singing Bowl","floor":40},{"not_picked":["Underhanded Strike+1","Bane+1"],"picked":"Footwork","floor":41},{"not_picked":["Blade Dance","Poisoned Stab+1"],"picked":"Catalyst","floor":42},{"not_picked":["Bane+1","Deflect","All Out Attack+1"],"picked":"Singing Bowl","floor":44},{"not_picked":["Cloak And Dagger+1","Poisoned Stab+1"],"picked":"PiercingWail","floor":45},{"not_picked":["Bouncing Flask","Quick Slash+1","Eviscerate+1"],"picked":"Singing Bowl","floor":46},{"not_picked":["Prepared","Slice+1","All Out Attack+1"],"picked":"Singing Bowl","floor":47},{"not_picked":["Sucker Punch+1","Envenom","Predator+1"],"picked":"Singing Bowl","floor":48},{"not_picked":["Bane+1","Slice+1"],"picked":"PiercingWail+1","floor":55}],"player_experience":2751189,"relics_obtained":[{"floor":8,"key":"Singing Bowl"},{"floor":9,"key":"Akabeko"},{"floor":12,"key":"Oddly Smooth Stone"},{"floor":23,"key":"Whetstone"},{"floor":25,"key":"Molten Egg 2"},{"floor":26,"key":"Tiny Chest"},{"floor":28,"key":"Potion Belt"},{"floor":39,"key":"Pantograph"},{"floor":40,"key":"Centennial Puzzle"},{"floor":42,"key":"Snake Skull"},{"floor":43,"key":"CaptainsWheel"},{"floor":44,"key":"Sundial"},{"floor":47,"key":"Girya"},{"floor":55,"key":"Nunchaku"}],"event_choices":[{"damage_healed":0,"gold_gain":50,"player_choice":"Pray","damage_taken":0,"max_hp_gain":0,"max_hp_loss":0,"event_name":"Golden Shrine","floor":3,"gold_loss":0},{"cards_removed":["Defend_G"],"damage_healed":0,"gold_gain":0,"player_choice":"Gave Gold","damage_taken":0,"max_hp_gain":0,"max_hp_loss":0,"event_name":"Beggar","floor":27,"gold_loss":75},{"cards_removed":["Strike_G"],"damage_healed":0,"gold_gain":0,"player_choice":"Elegance","damage_taken":0,"max_hp_gain":0,"max_hp_loss":0,"event_name":"Back to Basics","floor":29,"gold_loss":0},{"damage_healed":0,"gold_gain":0,"player_choice":"Memory 3","damage_taken":10,"max_hp_gain":0,"max_hp_loss":0,"event_name":"SensoryStone","floor":36,"gold_loss":0},{"damage_healed":0,"gold_gain":0,"player_choice":"Fight","damage_taken":0,"max_hp_gain":0,"max_hp_loss":0,"event_name":"MindBloom","floor":47,"gold_loss":0}],"is_beta":false,"boss_relics":[{"not_picked":["SacredBark","Pandora\u0027s Box"],"picked":"Philosopher\u0027s Stone"},{"not_picked":["Runic Dome","Velvet Choker"],"picked":"Runic Pyramid"}],"items_purged_floors":[20,38,54],"is_endless":false,"potions_floor_spawned":[5,7,8,12,25,31,33,35,40,44,48],"ascension_level":20,"potion_discard_per_floor":[[],[],[],[],[],[],[],[],[],[],[],[],[],[],[],[],[],[],[],[],[],[],[],[],[],[],[],[],[],[],[],[],[],[],[],[],[],["ColorlessPotion"],[],["Weak Potion"],[],[],[],[],[],[],[],["Fire Potion"],[],[],[],[],[],["Regen Potion"],[],[],[]]}