{"neow_bonuses_skipped_log":["REMOVE_CARD","RANDOM_COMMON_RELIC","BOSS_RELIC"],"potions_obtained_entropic_brew":[[],[],[],[],[],[],[],[],[],[],[],[],[],[],[],[],[],[],[],[],[],[],[],[],[],[],[],[],[],[],[],[],[],[],[],[],[],[],[],[],[],[],[],[],[],[],[],[],[],[],[],[],[],[],[],[]],"neow_costs_skipped_log":["NONE","NONE","NONE"],"gold_per_floor":[366,381,361,21,35,35,45,45,45,45,59,87,107,120,120,197,197,217,217,230,69,83,112,112,147,174,38,38,38,66,82,82,154,154,165,165,179,179,193,219,239,251,251,281,281,307,319,348,348,348,348,348,348,24,54,54],"floor_reached":56,"playtime":3012,"items_purged":["Strike_G","Strike_G"],"score":2483,"play_id":"d6bfbaa7-cade-485f-a2c8-f7c235faf582","local_time":"20241029221250","falling_options_log":["PiercingWail+1","After Image"],"score_breakdown":["Floors Climbed (56): 280","Enemies Slain (17): 34","Exordium Elites Killed (1): 10","City Elites Killed (3): 60","Beyond Elites Killed (4): 120","Bosses Slain (4): 500","Collector (2): 50","Librarian: 25","Champion (5): 125","Perfect (1): 50","C-c-c-combo: 25","Ascension (20): 1204"],"is_ascension_mode":true,"potions_obtained_alchemize":[[],[],[],[],[],[],[],[],[],[],[],[],[],[],[],[],[],[],[],[],[],[],[],[],[],[],[],[],[],[],[],[],[],[],[],[],[],[],[],[],[],[],[],[],[],[],[],[],[],[],[],[],[],[],[],[]],"campfire_choices":[{"data":"Dagger Spray","floor":6,"key":"SMITH"},{"data":"Glass Knife","floor":8,"key":"SMITH"},{"data":"Well Laid Plans","floor":15,"key":"SMITH"},{"floor":24,"key":"RECALL"},{"floor":32,"key":"REST"},{"floor":45,"key":"DIG"},{"floor":49,"key":"DIG"},{"floor":53,"key":"DIG"}],"lesson_learned_per_floor":[[],[],[],[],[],[],[],[],[],[],[],[],[],[],[],[],[],[],[],[],[],[],[],[],[],[],[],[],[],[],[],[],[],[],[],[],[],[],[],[],[],[],[],[],[],[],[],[],[],[],[],[],[],[],[],[]],"neow_cost":"PERCENT_DAMAGE","improvable_cards":{},"seed_source_timestamp":1628439219220000,"shop_contents":[{"floor":4,"relics":["Calipers","Frozen Eye"],"cards":["Backstab","Prepared+1","Reflex+1","Accuracy","Jack Of All Trades+1","Secret Technique+1"],"potions":["AttackPotion","Dexterity Potion","Weak Potion"]},{"floor":10,"relics":["Toy Ornithopter","Bottled Flame","ClockworkSouvenir"],"cards":["Choke","Dagger Spray","Blade Dance+1","PiercingWail+1","A Thousand Cuts","Good Instincts+1","Mayhem"],"potions":["DuplicationPotion","LiquidMemories","Fire Potion"]},{"floor":21,"relics":["Pear","Whetstone","Strange Spoon"],"cards":["Dagger Spray","Slice","Cloak And Dagger+1","Infinite Blades","Dramatic Entrance","Magnetism"],"potions":["PowerPotion","AttackPotion","Weak Potion"]},{"floor":27,"relics":["Nunchaku","Vajra","TwistedFunnel"],"cards":["Die Die Die","Dagger Throw","Deflect+1","Madness+1","Thinking Ahead+1"],"potions":["Energy Potion","FearPotion","Block Potion"]},{"floor":28,"relics":["Art of War","InkBottle","Membership Card"],"cards":["Dagger Throw","Underhanded Strike","Prepared+1","Tactician+1","Well Laid Plans","Forethought+1","Master of Strategy+1"],"potions":["Poison Potion","ColorlessPotion","LiquidBronze"]},{"floor":54,"relics":["Blood Vial","Oddly Smooth Stone"],"cards":["Grand Finale","Dagger Spray","Venomology+1","Caltrops","Dramatic Entrance","HandOfGreed"],"potions":["AttackPotion","Strength Potion"]}],"circlet_count":0,"master_deck":["AscendersBane","Strike_G","Strike_G","Defend_G","Defend_G","Defend_G","Defend_G","Defend_G","Survivor","Dagger Spray+1","Sucker Punch","Glass Knife+1","Acrobatics+1","Endless Agony","Blade Dance+1","Cloak And Dagger+1","Well Laid Plans+1","PiercingWail+1","After Image","Blade Dance+1","Cloak And Dagger+1","Crippling Poison+1","PiercingWail+1","Blade Dance+1","Accuracy","Backflip+1","Terror+1","Blade Dance+1","Burst+1","Cloak And Dagger+1","Escape Plan+1","Acrobatics+1","Backflip+1","Backflip+1","Backflip+1","Blade Dance+1","Backflip+1","Doppelganger+1"],"potion_use_per_floor":[[],[],[],[],[],[],[],[],[],[],[],["SteroidPotion"],[],[],[],["CultistPotion"],[],[],[],["CunningPotion"],[],[],[],[],[],[],[],[],[],[],[],[],["SteroidPotion"],[],[],[],[],[],[],[],[],[],[],[],[],[],[],[],[],[],[],[],[],[],[],["FairyPotion"]],"relics":["Ring of the Snake","Toxic Egg 2","Shuriken","Paper Crane","Fusion Hammer","Eternal Feather","Blue Candle","Bag of Marbles","Ornamental Fan","Coffee Dripper","Smiling Mask","Shovel","Anchor","Bag of Preparation","Mummified Hand","Sundial","Toolbox","Boot"],"potions_floor_usage":[12,16,20,33],"damage_taken":[{"damage":0,"enemies":"2 Louse","floor":1,"turns":4},{"damage":6,"enemies":"Cultist","floor":2,"turns":5},{"damage":0,"enemies":"Jaw Worm","floor":5,"turns":4},{"damage":0,"enemies":"2 Fungi Beasts","floor":7,"turns":4},{"damage":1,"enemies":"Exordium Wildlife","floor":11,"turns":2},{"damage":5,"enemies":"3 Sentries","floor":12,"turns":3},{"damage":1,"enemies":"Lots of Slimes","floor":13,"turns":4},{"damage":0,"enemies":"Gremlin Gang","floor":14,"turns":4},{"damage":8,"enemies":"The Guardian","floor":16,"turns":10},{"damage":0,"enemies":"3 Byrds","floor":18,"turns":5},{"damage":0,"enemies":"2 Thieves","floor":20,"turns":1},{"damage":0,"enemies":"Snecko","floor":22,"turns":3},{"damage":0,"enemies":"Gremlin Leader","floor":23,"turns":5},{"damage":5,"enemies":"Book of Stabbing","floor":25,"turns":4},{"damage":13,"enemies":"Gremlin Leader","floor":30,"turns":3},{"damage":1,"enemies":"Centurion and Healer","floor":31,"turns":2},{"damage":0,"enemies":"Collector","floor":33,"turns":6},{"damage":0,"enemies":"Orb Walker","floor":35,"turns":2},{"damage":0,"enemies":"3 Darklings","floor":37,"turns":3},{"damage":0,"enemies":"Writhing Mass","floor":39,"turns":6},{"damage":0,"enemies":"Reptomancer","floor":40,"turns":5},{"damage":0,"enemies":"Spire Growth","floor":41,"turns":2},{"damage":0,"enemies":"Maw","floor":42,"turns":4},{"damage":0,"enemies":"Nemesis","floor":44,"turns":5},{"damage":0,"enemies":"Giant Head","floor":46,"turns":5},{"damage":0,"enemies":"Writhing Mass","floor":47,"turns":6},{"damage":0,"enemies":"Reptomancer","floor":48,"turns":4},{"damage":18,"enemies":"Time Eater","floor":50,"turns":9},{"damage":38,"enemies":"Donu and Deca","floor":51,"turns":6},{"damage":27,"enemies":"Shield and Spear","floor":55,"turns":8},{"damage":58,"enemies":"The Heart","floor":56,"turns":6}],"green_key_taken_log":30,"seed_played":"-4195817731331254891","neow_bonus_log":{"cardsObtained":[],"cardsUpgraded":[],"cardsRemoved":[],"cardsTransformed":[],"relicsObtained":[],"maxHpGained":0,"goldGained":250,"damageTaken":15,"goldLost":0,"maxHpLost":0},"potions_obtained":[{"floor":1,"key":"FairyPotion"},{"floor":3,"key":"PowerPotion"},{"floor":5,"key":"SteroidPotion"},{"floor":12,"key":"CultistPotion"},{"floor":16,"key":"FairyPotion"},{"floor":18,"key":"CunningPotion"},{"floor":30,"key":"SteroidPotion"},{"floor":37,"key":"ColorlessPotion"},{"floor":40,"key":"DuplicationPotion"}],"is_trial":false,"path_per_floor":["M","M","?","$","M","R","M","R","T","$","M","E","M","M","R","B",null,"M","?","M","$","M","E","R","E","T","$","$","?","E","M","R","B",null,"M","?","M","?","M","E","M","M","T","E","R","E","M","E","R","B","B",null,"R","$","E","B"],"character_chosen":"THE_SILENT","basemod:card_modifiers":[null,null,null,null,null,null,null,null,null,null,null,null,null,null,null,null,null,null,null,null,null,null,null,null,null,null,null,null,null,null,null,null,null,null,null,null,null,null],"items_purchased":["Toxic Egg 2","Glass Knife","Crippling Poison+1","Accuracy","Backflip+1","GamblersBrew","Backflip+1","Toolbox"],"campfire_rested":1,"item_purchase_floors":[4,4,21,27,27,54,54,54],"current_hp_per_floor":[44,38,38,38,38,38,38,38,38,38,37,32,31,31,31,23,55,55,55,55,55,55,55,66,61,61,61,61,61,48,47,66,66,66,66,66,66,66,66,66,66,66,66,66,66,66,66,66,66,48,10,52,66,66,39,0],"gold":54,"neow_bonus":"TWO_FIFTY_GOLD","is_prod":false,"is_daily":false,"rewards_skipped":[{"floor":13,"relics":[],"potions":["Swift Potion"]},{"floor":19,"relics":[],"potions":["SmokeBomb","Regen Potion"]},{"floor":31,"relics":[],"potions":["FearPotion"]},{"floor":42,"relics":[],"potions":["Poison Potion"]},{"floor":46,"relics":[],"potions":["DistilledChaos"]},{"floor":48,"relics":["Dead Branch"],"potions":["SneckoOil"]},{"floor":55,"relics":[],"potions":["FearPotion"]}],"chose_seed":false,"campfire_upgraded":3,"win_rate":0,"floor_exit_playtime":[74,114,118,133,171,181,231,236,242,250,279,322,400,458,462,636,648,739,747,799,817,858,961,964,1037,1046,1062,1069,1079,1135,1170,1172,1286,1311,1348,1366,1438,1446,1548,1717,1749,1805,1807,1892,1896,2006,2114,2223,2226,2441,2548,2560,2563,2614,2808],"timestamp":1730254370,"blue_key_relic_skipped_log":{"floor":43,"relicID":"Frozen Egg 2"},"path_taken":["M","M","?","$","M","R","M","R","T","?","?","E","M","M","R","BOSS","M","?","M","$","M","E","R","E","T","?","$","?","E","M","R","BOSS","M","?","M","?","?","E","M","M","T","E","R","E","M","E","R","BOSS","BOSS","R","$","E","BOSS"],"build_version":"2022-12-18","purchased_purges":2,"victory":false,"max_hp_per_floor":[66,66,66,66,66,66,66,66,66,66,66,66,66,66,66,66,66,66,66,66,66,66,66,66,66,66,66,66,66,66,66,66,66,66,66,66,66,66,66,66,66,66,66,66,66,66,66,66,66,66,66,66,66,66,66,66],"relic_stats":{"counters":[31,140],"Blue Candle":[0],"Eternal Feather":43,"Bag of Preparation":[12],"Smiling Mask":50,"Boot":[0],"Shovel":3,"Shuriken":[165],"Ornamental Fan":[472],"Mummified Hand":[12],"Sundial":[2],"obtain_stats":[{"Blue Candle":25,"Eternal Feather":23,"Bag of Preparation":46,"Paper Crane":12,"Smiling Mask":40,"Boot":55,"Anchor":45,"Shovel":44,"Shuriken":9,"Ornamental Fan":30,"Mummified Hand":49,"Sundial":53,"Toolbox":54,"Fusion Hammer":17,"Bag of Marbles":26,"Coffee Dripper":34,"Toxic Egg 2":4,"Ring of the Snake":0},{"Blue Candle":14,"Eternal Feather":13,"Bag of Preparation":25,"Paper Crane":6,"Smiling Mask":21,"Boot":30,"Anchor":24,"Shovel":24,"Shuriken":4,"Ornamental Fan":15,"Mummified Hand":27,"Sundial":29,"Toolbox":29,"Fusion Hammer":9,"Bag of Marbles":14,"Coffee Dripper":17,"Toxic Egg 2":2,"Ring of the Snake":0},{"Blue Candle":58,"Eternal Feather":54,"Bag of Preparation":101,"Paper Crane":22,"Smiling Mask":85,"Boot":134,"Anchor":96,"Shovel":96,"Shuriken":17,"Ornamental Fan":61,"Mummified Hand":111,"Sundial":126,"Toolbox":126,"Fusion Hammer":40,"Bag of Marbles":58,"Coffee Dripper":69,"Toxic Egg 2":9,"Ring of the Snake":0}],"Ring of the Snake":[68]},"card_choices":[{"not_picked":["Choke","PiercingWail"],"picked":"Dagger Spray","floor":1},{"not_picked":["PiercingWail","Expertise"],"picked":"Sucker Punch","floor":2},{"not_picked":["Underhanded Strike","Blur+1"],"picked":"Acrobatics+1","floor":5},{"not_picked":["Acrobatics+1","Quick Slash"],"picked":"Endless Agony","floor":7},{"not_picked":["Night Terror+1","Expertise+1"],"picked":"Blade Dance+1","floor":11},{"not_picked":["Prepared+1","Acrobatics+1"],"picked":"Cloak And Dagger+1","floor":12},{"not_picked":["Flying Knee","Cloak And Dagger+1"],"picked":"Well Laid Plans","floor":13},{"not_picked":["Eviscerate","Setup+1"],"picked":"PiercingWail+1","floor":14},{"not_picked":["Adrenaline+1","Doppelganger+1"],"picked":"After Image","floor":16},{"not_picked":["Noxious Fumes+1","All Out Attack"],"picked":"Blade Dance+1","floor":18},{"not_picked":["Slice","Calculated Gamble+1"],"picked":"Cloak And Dagger+1","floor":20},{"not_picked":["Dagger Throw","Dagger Spray"],"picked":"PiercingWail+1","floor":22},{"not_picked":["Sucker Punch","Backflip+1"],"picked":"Blade Dance+1","floor":23},{"not_picked":["Poisoned Stab","Endless Agony","A Thousand Cuts"],"picked":"SKIP","floor":25},{"not_picked":["Blade Dance+1","Riddle With Holes","Acrobatics+1","Outmaneuver+1","Quick Slash","Predator","Escape Plan+1","Sucker Punch","Deadly Poison+1","Poisoned Stab","Expertise+1","Underhanded Strike","Reflex+1","Slice","Bane","Choke","Dash","Bouncing Flask+1","Caltrops"],"picked":"Terror+1","floor":29},{"not_picked":["Outmaneuver+1","Riddle With Holes+1"],"picked":"Blade Dance+1","floor":30},{"not_picked":["Quick Slash","Poisoned Stab","Terror+1"],"picked":"SKIP","floor":31},{"not_picked":["Night Terror+1","Storm of Steel+1"],"picked":"Burst+1","floor":33},{"not_picked":["Dagger Throw","All Out Attack+1","Bane"],"picked":"SKIP","floor":35},{"not_picked":["Dagger Spray","Slice"],"picked":"Cloak And Dagger+1","floor":37},{"not_picked":["Blur+1","Cloak And Dagger+1"],"picked":"Escape Plan+1","floor":39},{"not_picked":["Terror+1","Sucker Punch","Masterful Stab"],"picked":"SKIP","floor":40},{"not_picked":["Accuracy","Bane"],"picked":"Acrobatics+1","floor":41},{"not_picked":["Setup+1","Flying Knee+1"],"picked":"Backflip+1","floor":42},{"not_picked":["Sucker Punch","PiercingWail+1"],"picked":"Backflip+1","floor":44},{"not_picked":["Dagger Spray","Quick Slash","Well Laid Plans"],"picked":"SKIP","floor":46},{"not_picked":["Sucker Punch","Distraction+1"],"picked":"Backflip+1","floor":47},{"not_picked":["Catalyst+1","Poisoned Stab"],"picked":"Blade Dance+1","floor":48},{"not_picked":["Backflip+1","Dodge and Roll+1"],"picked":"Doppelganger+1","floor":55}],"player_experience":2780582,"relics_obtained":[{"floor":9,"key":"Shuriken"},{"floor":12,"key":"Paper Crane"},{"floor":23,"key":"Eternal Feather"},{"floor":25,"key":"Blue Candle"},{"floor":26,"key":"Bag of Marbles"},{"floor":30,"key":"Ornamental Fan"},{"floor":40,"key":"Smiling Mask"},{"floor":44,"key":"Shovel"},{"floor":45,"key":"Anchor"},{"floor":46,"key":"Bag of Preparation"},{"floor":49,"key":"Mummified Hand"},{"floor":53,"key":"Sundial"},{"floor":55,"key":"Boot"}],"event_choices":[{"damage_healed":0,"gold_gain":0,"player_choice":"Bought 1 Potion","damage_taken":0,"max_hp_gain":0,"max_hp_loss":0,"event_name":"The Woman in Blue","floor":3,"gold_loss":0},{"damage_healed":0,"gold_gain":0,"player_choice":"Got Potions","damage_taken":0,"max_hp_gain":0,"max_hp_loss":0,"event_name":"Lab","floor":19,"gold_loss":0},{"damage_healed":0,"gold_gain":0,"player_choice":"Read","damage_taken":0,"max_hp_gain":0,"max_hp_loss":0,"event_name":"The Library","floor":29,"gold_loss":0,"cards_obtained":["Terror"]},{"cards_removed":["Neutralize"],"damage_healed":0,"gold_gain":0,"player_choice":"Removed Attack","damage_taken":0,"max_hp_gain":0,"max_hp_loss":0,"event_name":"Falling","floor":36,"gold_loss":0},{"cards_removed":["Strike_G"],"damage_healed":0,"gold_gain":0,"player_choice":"Purged","damage_taken":0,"max_hp_gain":0,"max_hp_loss":0,"event_name":"Purifier","floor":38,"gold_loss":0}],"is_beta":false,"boss_relics":[{"not_picked":["Calling Bell","Sozu"],"picked":"Fusion Hammer"},{"not_picked":["Cursed Key","Tiny House"],"picked":"Coffee Dripper"}],"items_purged_floors":[21,54],"is_endless":false,"potions_floor_spawned":[1,5,12,13,16,18,30,31,37,40,42,46,48,55],"killed_by":"The Heart","ascension_level":20,"potion_discard_per_floor":[[],[],[],[],["PowerPotion"],[],[],[],[],[],[],[],[],[],[],[],[],["FairyPotion"],[],[],[],[],[],[],[],[],[],[],[],[],[],[],[],[],[],[],[],[],[],["ColorlessPotion"],[],[],[],[],[],[],[],[],[],[],[],[],[],["DuplicationPotion"],[],[]]}