{"neow_bonuses_skipped_log":["THREE_CARDS","THREE_RARE_CARDS","BOSS_RELIC"],"neow_costs_skipped_log":["NONE","TEN_PERCENT_HP_LOSS","NONE"],"potions_obtained_entropic_brew":[[],[],[],[],[],[],[],[],[],[],[],[],[],[],[],[],[],[],[],[],[],[],[],[],[],[],[],[],[],[],[],[],[],[],[],[],[],[],["SmokeBomb","SneckoOil"],[],[],[],[],[],[],[],[],[],[],[],[],[],[],[],[],[],[]],"gold_per_floor":[113,131,131,143,158,190,190,216,216,216,229,248,278,278,278,354,354,365,4,14,28,42,69,89,89,164,199,209,234,244,164,164,243,243,261,277,177,177,177,177,211,224,224,224,240,240,270,150,150,150,150,150,150,17,49,49],"floor_reached":57,"playtime":6297,"items_purged":["Strike_G","Strike_G","Strike_G","Strike_G+1"],"score":3117,"play_id":"edd06927-ea2d-44d0-bf10-dbca7419cd1b","local_time":"20250114222752","score_breakdown":["Floors Climbed (57): 285","Enemies Slain (18): 36","Exordium Elites Killed (3): 30","City Elites Killed (3): 60","Beyond Elites Killed (2): 60","Bosses Slain (5): 750","Librarian: 25","Champion (3): 75","Perfect (2): 100","C-c-c-combo: 25","Ascension (20): 1421","Heartbreaker: 250"],"is_ascension_mode":true,"potions_obtained_alchemize":[[],[],[],[],[],[],[],[],[],[],[],[],[],[],[],[],[],[],[],["Ancient Potion"],["Energy Potion"],["SpeedPotion"],["ColorlessPotion"],["Swift Potion"],[],[],["SteroidPotion"],["Fire Potion"],["Fire Potion"],["SmokeBomb"],[],[],["EntropicBrew"],[],["Weak Potion"],[],[],[],["AttackPotion"],[],["Poison Potion"],["BlessingOfTheForge"],[],[],["SteroidPotion"],[],["SpeedPotion"],[],[],["Fire Potion"],["Strength Potion"],[],[],[],["PowerPotion"],["SpeedPotion"],[]],"campfire_choices":[{"data":"Terror","floor":7,"key":"SMITH"},{"data":"All Out Attack","floor":10,"key":"SMITH"},{"data":"Accuracy","floor":15,"key":"SMITH"},{"floor":25,"key":"REST"},{"data":"Well Laid Plans","floor":32,"key":"SMITH"},{"data":"Footwork","floor":40,"key":"SMITH"},{"data":"Footwork","floor":46,"key":"SMITH"},{"floor":49,"key":"RECALL"},{"floor":53,"key":"REST"}],"lesson_learned_per_floor":[[],[],[],[],[],[],[],[],[],[],[],[],[],[],[],[],[],[],[],[],[],[],[],[],[],[],[],[],[],[],[],[],[],[],[],[],[],[],[],[],[],[],[],[],[],[],[],[],[],[],[],[],[],[],[],[],[]],"neow_cost":"NONE","improvable_cards":{},"seed_source_timestamp":2823393798741800,"shop_contents":[{"floor":19,"relics":["Letter Opener","CaptainsWheel","Mercury Hourglass"],"cards":["Underhanded Strike","Quick Slash","Distraction+1","Prepared+1","Noxious Fumes","Flash of Steel","Mayhem"],"potions":["Strength Potion","SneckoOil","Ancient Potion"]},{"floor":31,"relics":["Orichalcum","Anchor","Cauldron"],"cards":["Eviscerate","Skewer","Outmaneuver+1","Prepared+1","Caltrops","Swift Strike","Transmutation+1"],"potions":["PowerPotion","Strength Potion","SmokeBomb"]},{"floor":37,"relics":["StrikeDummy","Sundial","HandDrill"],"cards":["Eviscerate","Sucker Punch","Outmaneuver+1","Prepared+1","Infinite Blades","Deep Breath+1","Thinking Ahead+1"],"potions":["Strength Potion","DistilledChaos","AttackPotion"]},{"floor":48,"relics":["Kunai","Boot","Frozen Eye"],"cards":["Skewer","Glass Knife","Bouncing Flask+1","Blur+1","Caltrops","Impatience+1","Apotheosis+1"],"potions":["GamblersBrew","AttackPotion","Poison Potion"]},{"floor":54,"relics":["Blood Vial","Ornamental Fan","Ninja Scroll"],"cards":["Skewer","Sucker Punch","Crippling Poison+1","Catalyst+1","Accuracy","Trip+1","Mayhem"],"potions":["FearPotion","EssenceOfSteel","Fire Potion"]}],"circlet_count":0,"master_deck":["AscendersBane","Defend_G+1","Defend_G","Defend_G","Defend_G","Defend_G","Survivor+1","Neutralize","Terror+1","Dagger Throw+1","All Out Attack+1","Backstab","Backstab","Blade Dance+1","Accuracy+1","Blade Dance+1","Malaise+1","Adrenaline+1","Well Laid Plans","Prepared+1","Venomology+1","Blade Dance+1","Blur+1","Calculated Gamble+1","Backflip+1","Well Laid Plans+1","Footwork+1","Backflip+1","Tactician+1","Adrenaline+1","Acrobatics+1","After Image","Escape Plan+1","Footwork+1","Malaise+1","Backflip+1","PiercingWail+1","Dodge and Roll+1","Night Terror+1","Secret Technique+1","Blind+1","Dodge and Roll+1","Tactician+1"],"potion_use_per_floor":[[],[],[],[],[],["BlessingOfTheForge"],[],[],[],[],[],[],[],[],[],[],[],[],[],[],["DuplicationPotion"],["Ancient Potion"],["Fire Potion","SpeedPotion"],[],[],[],["Swift Potion"],["ColorlessPotion"],["Fire Potion"],[],[],[],["SteroidPotion"],[],["GamblersBrew"],[],[],[],["Weak Potion","AttackPotion","EntropicBrew","SmokeBomb"],[],[],["Poison Potion"],[],[],[],[],[],[],[],["SteroidPotion"],["Fire Potion"],[],[],[],["Strength Potion"],["SpeedPotion"],[]],"relics":["Ring of the Snake","NeowsBlessing","Pear","Toxic Egg 2","Regal Pillow","Unceasing Top","The Courier","HoveringKite","Orrery","White Beast Statue","Bottled Tornado","Thread and Needle","The Specimen","Black Star","Dream Catcher","Whetstone","TungstenRod","War Paint","ClockworkSouvenir","Centennial Puzzle"],"potions_floor_usage":[6,21,22,23,23,27,28,29,33,35,39,39,39,39,42,50,51,55,56],"damage_taken":[{"damage":0,"enemies":"Cultist","floor":1,"turns":1},{"damage":0,"enemies":"Small Slimes","floor":2,"turns":1},{"damage":0,"enemies":"2 Louse","floor":4,"turns":1},{"damage":3,"enemies":"Blue Slaver","floor":5,"turns":5},{"damage":14,"enemies":"Lagavulin","floor":6,"turns":7},{"damage":8,"enemies":"Gremlin Nob","floor":8,"turns":3},{"damage":0,"enemies":"3 Louse","floor":11,"turns":3},{"damage":0,"enemies":"Looter","floor":12,"turns":2},{"damage":9,"enemies":"Lagavulin","floor":13,"turns":6},{"damage":5,"enemies":"The Guardian","floor":16,"turns":9},{"damage":0,"enemies":"3 Byrds","floor":18,"turns":5},{"damage":0,"enemies":"Shell Parasite","floor":20,"turns":2},{"damage":15,"enemies":"Snake Plant","floor":21,"turns":3},{"damage":11,"enemies":"Shelled Parasite and Fungi","floor":22,"turns":4},{"damage":0,"enemies":"Slavers","floor":23,"turns":4},{"damage":0,"enemies":"Centurion and Healer","floor":24,"turns":5},{"damage":1,"enemies":"Book of Stabbing","floor":27,"turns":3},{"damage":0,"enemies":"Chosen and Byrds","floor":28,"turns":6},{"damage":0,"enemies":"Slavers","floor":29,"turns":4},{"damage":0,"enemies":"3 Cultists","floor":30,"turns":4},{"damage":0,"enemies":"Champ","floor":33,"turns":8},{"damage":0,"enemies":"3 Darklings","floor":35,"turns":5},{"damage":0,"enemies":"Orb Walker","floor":36,"turns":2},{"damage":0,"enemies":"Jaw Worm Horde","floor":39,"turns":2},{"damage":0,"enemies":"Nemesis","floor":41,"turns":5},{"damage":5,"enemies":"Sphere and 2 Shapes","floor":42,"turns":6},{"damage":0,"enemies":"Writhing Mass","floor":45,"turns":7},{"damage":8,"enemies":"Reptomancer","floor":47,"turns":9},{"damage":5,"enemies":"Awakened One","floor":50,"turns":23},{"damage":0,"enemies":"Time Eater","floor":51,"turns":23},{"damage":20,"enemies":"Shield and Spear","floor":55,"turns":9},{"damage":29,"enemies":"The Heart","floor":56,"turns":14}],"green_key_taken_log":47,"seed_played":"1313982235569223770","neow_bonus_log":{"cardsObtained":[],"cardsUpgraded":[],"cardsRemoved":[],"cardsTransformed":[],"relicsObtained":["NeowsBlessing"],"maxHpGained":0,"goldGained":0,"damageTaken":0,"goldLost":0,"maxHpLost":0},"potions_obtained":[{"floor":1,"key":"BlessingOfTheForge"},{"floor":4,"key":"DuplicationPotion"},{"floor":12,"key":"Energy Potion"},{"floor":21,"key":"Fire Potion"},{"floor":30,"key":"GamblersBrew"},{"floor":41,"key":"SmokeBomb"},{"floor":42,"key":"SkillPotion"}],"is_trial":false,"path_per_floor":["M","M","T","M","M","E","R","E","T","R","M","M","E","?","R","B",null,"M","$","M","M","M","E","M","R","T","E","M","E","M","$","R","B",null,"M","M","$","?","M","R","E","M","T","?","M","R","E","$","R","B","B",null,"R","$","E","B",null],"character_chosen":"THE_SILENT","basemod:card_modifiers":[null,null,null,null,null,null,null,null,null,null,null,null,null,null,null,null,null,null,null,null,null,null,null,null,null,null,null,null,null,null,null,null,null,null,null,null,null,null,null,null,null,null,null],"items_purchased":["Orrery","Calculated Gamble+1","Backflip+1","Well Laid Plans","ClockworkSouvenir"],"campfire_rested":2,"item_purchase_floors":[19,19,19,19,54],"current_hp_per_floor":[59,59,69,69,66,52,52,44,44,44,44,44,35,35,35,30,65,65,65,65,50,39,39,39,76,76,75,75,75,75,75,75,75,76,76,76,76,76,76,76,76,71,71,61,61,61,53,53,53,48,48,69,76,76,56,27],"gold":49,"neow_bonus":"THREE_ENEMY_KILL","is_prod":false,"is_daily":false,"rewards_skipped":[{"floor":5,"relics":[],"potions":["FearPotion"]},{"floor":16,"relics":[],"potions":["ColorlessPotion"]},{"floor":22,"relics":[],"potions":["Weak Potion"]},{"floor":24,"relics":[],"potions":["Energy Potion"]},{"floor":27,"relics":[],"potions":["Energy Potion"]},{"floor":28,"relics":[],"potions":["Energy Potion"]},{"floor":29,"relics":[],"potions":["CunningPotion"]},{"floor":33,"relics":[],"potions":["SpeedPotion"]},{"floor":35,"relics":[],"potions":["Block Potion"]},{"floor":36,"relics":[],"potions":["Weak Potion"]},{"floor":45,"relics":[],"potions":["Poison Potion"]},{"floor":47,"relics":[],"potions":["Dexterity Potion"]},{"floor":55,"relics":["Bottled Flame"],"potions":["ColorlessPotion"]}],"chose_seed":false,"campfire_upgraded":6,"win_rate":0,"floor_exit_playtime":[53,62,65,119,170,241,247,278,283,290,329,356,446,451,458,540,566,639,1550,1631,1680,1811,1889,1957,1960,1982,2065,2216,2357,2453,2465,2470,2706,2726,2866,2908,2918,2924,2991,3000,3110,3437,3440,3470,3666,3673,3942,3991,3998,4557,5152,5573,5595,5606,5911,6297],"timestamp":1736911672,"blue_key_relic_skipped_log":{"floor":43,"relicID":"Strawberry"},"path_taken":["M","M","?","M","M","E","R","E","T","R","M","M","E","?","R","BOSS","M","$","M","?","M","E","?","R","T","E","M","E","M","$","R","BOSS","M","M","$","?","?","R","E","M","T","?","M","R","E","$","R","BOSS","BOSS","R","$","E","BOSS"],"build_version":"2022-12-18","purchased_purges":4,"victory":true,"max_hp_per_floor":[66,66,76,76,76,76,76,76,76,76,76,76,76,76,76,76,76,76,76,76,76,76,76,76,76,76,76,76,76,76,76,76,76,76,76,76,76,76,76,76,76,76,76,76,76,76,76,76,76,76,76,76,76,76,76,76],"relic_stats":{"Regal Pillow":15,"The Specimen":[0],"counters":[32,191],"HoveringKite":[95],"The Courier":198,"Whetstone":["Strike_G","Dagger Throw"],"Bottled Tornado":"Well Laid Plans","War Paint":["Defend_G","Survivor"],"White Beast Statue":[0.0,0.0,0.0,0.4,0.0,0.6000000000000001,0.0,0.0,0.0,0.0,0.0,6.504857600000001],"Dream Catcher":1,"Centennial Puzzle":[3],"Black Star":3,"obtain_stats":[{"Regal Pillow":8,"Pear":3,"NeowsBlessing":0,"The Specimen":29,"HoveringKite":17,"Thread and Needle":27,"The Courier":13,"Whetstone":41,"Bottled Tornado":26,"War Paint":47,"White Beast Statue":23,"ClockworkSouvenir":54,"Dream Catcher":41,"Centennial Puzzle":55,"Orrery":19,"Black Star":34,"Toxic Egg 2":6,"Unceasing Top":9,"TungstenRod":47,"Ring of the Snake":0},{"Regal Pillow":6,"Pear":2,"NeowsBlessing":0,"The Specimen":19,"HoveringKite":10,"Thread and Needle":17,"The Courier":9,"Whetstone":25,"Bottled Tornado":16,"War Paint":28,"White Beast Statue":15,"ClockworkSouvenir":30,"Dream Catcher":25,"Centennial Puzzle":31,"Orrery":11,"Black Star":21,"Toxic Egg 2":5,"Unceasing Top":6,"TungstenRod":28,"Ring of the Snake":0},{"Regal Pillow":18,"Pear":2,"NeowsBlessing":0,"The Specimen":74,"HoveringKite":38,"Thread and Needle":64,"The Courier":29,"Whetstone":100,"Bottled Tornado":61,"War Paint":122,"White Beast Statue":56,"ClockworkSouvenir":168,"Dream Catcher":100,"Centennial Puzzle":177,"Orrery":43,"Black Star":86,"Toxic Egg 2":15,"Unceasing Top":18,"TungstenRod":122,"Ring of the Snake":0}],"Unceasing Top":[13],"TungstenRod":9,"Ring of the Snake":[64]},"card_choices":[{"not_picked":["Deadly Poison","Deflect"],"picked":"Terror","floor":1},{"not_picked":["Quick Slash","Choke"],"picked":"Dagger Throw","floor":2},{"not_picked":["Bouncing Flask","Dash"],"picked":"All Out Attack","floor":4},{"not_picked":["Underhanded Strike","Concentrate"],"picked":"Backstab","floor":5},{"not_picked":["Slice","Dagger Throw"],"picked":"Backstab","floor":6},{"not_picked":["Dagger Throw","Dagger Spray"],"picked":"Blade Dance+1","floor":8},{"not_picked":["Flying Knee","Skewer"],"picked":"Accuracy","floor":11},{"not_picked":["Grand Finale","Flechettes"],"picked":"Blade Dance+1","floor":12},{"not_picked":["Dagger Spray","Reflex+1"],"picked":"Malaise+1","floor":13},{"not_picked":["Burst+1","Grand Finale"],"picked":"Adrenaline+1","floor":16},{"not_picked":["Quick Slash+1","Setup+1"],"picked":"Well Laid Plans","floor":18},{"not_picked":["Backstab","Endless Agony+1"],"picked":"Prepared+1","floor":19},{"not_picked":["PiercingWail+1","Predator"],"picked":"Venomology+1","floor":19},{"not_picked":["Catalyst+1","Deadly Poison+1"],"picked":"Blade Dance+1","floor":19},{"not_picked":["Bouncing Flask+1","Dagger Spray"],"picked":"Blur+1","floor":19},{"not_picked":["Catalyst+1","Flying Knee","Heel Hook"],"picked":"SKIP","floor":19},{"not_picked":["Quick Slash","Underhanded Strike"],"picked":"Footwork","floor":20},{"not_picked":["Slice+1","Bouncing Flask+1"],"picked":"Backflip+1","floor":21},{"not_picked":["Deadly Poison+1","Dagger Spray+1"],"picked":"Tactician+1","floor":22},{"not_picked":["Backflip+1","Dagger Throw"],"picked":"Adrenaline+1","floor":23},{"not_picked":["Flechettes","Slice"],"picked":"Acrobatics+1","floor":24},{"not_picked":["Blade Dance+1","Noxious Fumes"],"picked":"After Image","floor":27},{"not_picked":["Eviscerate","Dagger Throw"],"picked":"Escape Plan+1","floor":28},{"not_picked":["Crippling Poison+1","Poisoned Stab+1","Underhanded Strike"],"picked":"SKIP","floor":29},{"not_picked":["Prepared+1","Blade Dance+1"],"picked":"Footwork","floor":30},{"not_picked":["Envenom","Bullet Time+1"],"picked":"Malaise+1","floor":33},{"not_picked":["Finisher","Footwork"],"picked":"Backflip+1","floor":35},{"not_picked":["Outmaneuver+1","Poisoned Stab"],"picked":"PiercingWail+1","floor":36},{"not_picked":["Accuracy","Bane+1"],"picked":"Dodge and Roll+1","floor":41},{"not_picked":["Calculated Gamble+1","Well Laid Plans+1"],"picked":"Night Terror+1","floor":42},{"not_picked":["Apotheosis+1","Jack Of All Trades+1"],"picked":"Secret Technique+1","floor":44},{"not_picked":["Good Instincts+1","Purity+1"],"picked":"Blind+1","floor":44},{"not_picked":["Trip+1","Swift Strike","Purity+1"],"picked":"SKIP","floor":44},{"not_picked":["Flying Knee","Sucker Punch"],"picked":"Dodge and Roll+1","floor":45},{"not_picked":["Cloak And Dagger+1","Outmaneuver+1"],"picked":"Tactician+1","floor":47},{"not_picked":["Noxious Fumes","Skewer","Poisoned Stab+1"],"picked":"SKIP","floor":55}],"player_experience":2798591,"relics_obtained":[{"floor":3,"key":"Pear"},{"floor":6,"key":"Toxic Egg 2"},{"floor":8,"key":"Regal Pillow"},{"floor":9,"key":"Unceasing Top"},{"floor":13,"key":"The Courier"},{"floor":23,"key":"White Beast Statue"},{"floor":26,"key":"Bottled Tornado"},{"floor":27,"key":"Thread and Needle"},{"floor":29,"key":"The Specimen"},{"floor":41,"key":"Dream Catcher"},{"floor":41,"key":"Whetstone"},{"floor":47,"key":"TungstenRod"},{"floor":47,"key":"War Paint"},{"floor":55,"key":"Centennial Puzzle"}],"event_choices":[{"cards_removed":["Strike_G"],"damage_healed":0,"gold_gain":0,"player_choice":"Purged","damage_taken":0,"max_hp_gain":0,"max_hp_loss":0,"event_name":"Purifier","floor":14,"gold_loss":0},{"damage_healed":0,"gold_gain":0,"player_choice":"Ignored","damage_taken":0,"max_hp_gain":0,"max_hp_loss":0,"event_name":"SecretPortal","floor":38,"gold_loss":0},{"damage_healed":0,"gold_gain":0,"player_choice":"Memory 3","damage_taken":10,"max_hp_gain":0,"max_hp_loss":0,"event_name":"SensoryStone","floor":44,"gold_loss":0}],"is_beta":false,"boss_relics":[{"not_picked":["Cursed Key","Runic Dome"],"picked":"HoveringKite"},{"not_picked":["Runic Pyramid","Snecko Eye"],"picked":"Black Star"}],"items_purged_floors":[19,31,37,48],"is_endless":false,"potions_floor_spawned":[1,4,5,12,16,21,22,24,27,28,29,30,33,35,36,39,41,42,45,47,55],"ascension_level":20,"potion_discard_per_floor":[[],[],[],[],[],[],[],[],[],[],[],[],[],[],[],[],[],[],[],["Energy Potion"],["Energy Potion"],[],[],[],[],[],[],[],[],["Fire Potion","SmokeBomb"],[],[],[],[],[],[],[],[],[],[],["SneckoOil"],["SmokeBomb"],[],[],["BlessingOfTheForge"],[],["SkillPotion"],[],[],[],[],[],[],[],[],[],[]]}