{"neow_bonuses_skipped_log":["RANDOM_COLORLESS","TEN_PERCENT_HP_BONUS","BOSS_RELIC"],"neow_costs_skipped_log":["NONE","NONE","NONE"],"potions_obtained_entropic_brew":[[],[],[],[],[],[],[],[],[],[],[],[],[],[],[],[]],"gold_per_floor":[114,39,58,58,58,58,78,23,23,48,48,23,23,55,55,55],"floor_reached":16,"playtime":700,"items_purged":["Doubt"],"score":212,"play_id":"8e0e88c6-ec6a-4e2e-8889-5f9018183b19","local_time":"20250114203631","score_breakdown":["Floors Climbed (16): 80","Enemies Slain (3): 6","Exordium Elites Killed (2): 20","Bosses Slain (0): 0","Ascension (20): 106"],"is_ascension_mode":true,"potions_obtained_alchemize":[[],[],[],[],[],[],[],[],[],[],[],[],[],[],[],[]],"campfire_choices":[{"data":"Poisoned Stab","floor":6,"key":"SMITH"},{"data":"Noxious Fumes","floor":15,"key":"SMITH"}],"lesson_learned_per_floor":[[],[],[],[],[],[],[],[],[],[],[],[],[],[],[],[]],"neow_cost":"CURSE","improvable_cards":{},"seed_source_timestamp":2822684461527500,"shop_contents":[{"floor":2,"relics":["Strawberry","Sundial","Lee\u0027s Waffle"],"cards":["Poisoned Stab","Choke","Terror","Outmaneuver","Accuracy","PanicButton","Violence"],"potions":["Strength Potion","Ancient Potion","Dexterity Potion"]},{"floor":8,"relics":["CeramicFish","Ancient Tea Set","Strange Spoon"],"cards":["Eviscerate","Dagger Throw","Backflip","Deflect","Well Laid Plans","Dark Shackles","Sadistic Nature"],"potions":["Ancient Potion","PowerPotion"]},{"floor":12,"relics":["Oddly Smooth Stone","StrikeDummy","OrangePellets"],"cards":["Masterful Stab","Dagger Spray","Malaise","A Thousand Cuts","Mind Blast","Mayhem"],"potions":["Weak Potion","Block Potion","SteroidPotion"]}],"circlet_count":0,"master_deck":["AscendersBane","Strike_G","Strike_G+1","Strike_G","Strike_G","Strike_G","Defend_G+1","Defend_G","Defend_G","Defend_G","Defend_G","Survivor","Neutralize","Sucker Punch","Poisoned Stab+1","Footwork","Noxious Fumes+1","Cloak And Dagger","Blade Dance"],"potion_use_per_floor":[[],[],[],[],[],[],[],[],[],["BlessingOfTheForge"],[],[],[],["Fire Potion"],[],[]],"relics":["Ring of the Snake","Ice Cream","HornCleat","Kunai","Bag of Marbles"],"potions_floor_usage":[10,14],"damage_taken":[{"damage":4,"enemies":"Jaw Worm","floor":1,"turns":6},{"damage":0,"enemies":"Small Slimes","floor":3,"turns":2},{"damage":0,"enemies":"2 Louse","floor":7,"turns":2},{"damage":16,"enemies":"Lagavulin","floor":10,"turns":8},{"damage":10,"enemies":"Gremlin Nob","floor":14,"turns":4},{"damage":35,"enemies":"Slime Boss","floor":16,"turns":9}],"green_key_taken_log":10,"seed_played":"8460596224239744972","neow_bonus_log":{"cardsObtained":["Doubt"],"cardsUpgraded":[],"cardsRemoved":[],"cardsTransformed":[],"relicsObtained":["Ice Cream"],"maxHpGained":0,"goldGained":0,"damageTaken":0,"goldLost":0,"maxHpLost":0},"potions_obtained":[{"floor":3,"key":"BlessingOfTheForge"}],"is_trial":false,"path_per_floor":["M","$","M","?","T","R","M","$","T","E","?","$","?","E","R","B"],"character_chosen":"THE_SILENT","basemod:card_modifiers":[null,null,null,null,null,null,null,null,null,null,null,null,null,null,null,null,null,null,null],"items_purchased":["Fire Potion","Cloak And Dagger"],"campfire_rested":0,"item_purchase_floors":[8,12],"current_hp_per_floor":[55,55,55,35,35,35,35,35,35,19,41,41,41,31,31,0],"gold":55,"neow_bonus":"ONE_RARE_RELIC","is_prod":false,"is_daily":false,"rewards_skipped":[],"chose_seed":false,"campfire_upgraded":2,"win_rate":0,"floor_exit_playtime":[80,91,116,123,128,135,161,172,174,483,486,497,506,556,561],"timestamp":1736904991,"blue_key_relic_skipped_log":{"floor":5,"relicID":"Bottled Flame"},"path_taken":["M","$","M","?","?","R","M","?","T","E","?","$","?","E","R","BOSS"],"build_version":"2022-12-18","purchased_purges":1,"victory":false,"max_hp_per_floor":[66,66,66,66,66,66,66,66,66,66,66,66,66,66,66,66],"relic_stats":{"Ice Cream":[8],"counters":[6,31],"Kunai":[6],"obtain_stats":[{"Ice Cream":0,"HornCleat":9,"Bag of Marbles":14,"Kunai":10,"Ring of the Snake":0},{"Ice Cream":0,"HornCleat":3,"Bag of Marbles":5,"Kunai":4,"Ring of the Snake":0},{"Ice Cream":0,"HornCleat":10,"Bag of Marbles":22,"Kunai":18,"Ring of the Snake":0}],"Ring of the Snake":[12]},"card_choices":[{"not_picked":["Dodge and Roll","Cloak And Dagger"],"picked":"Sucker Punch","floor":1},{"not_picked":["Reflex","Infinite Blades"],"picked":"Poisoned Stab","floor":3},{"not_picked":["PiercingWail","Riddle With Holes"],"picked":"Footwork","floor":7},{"not_picked":["Dodge and Roll","Dagger Throw"],"picked":"Noxious Fumes","floor":10},{"not_picked":["Slice","Quick Slash"],"picked":"Blade Dance","floor":14}],"player_experience":2797891,"relics_obtained":[{"floor":9,"key":"HornCleat"},{"floor":10,"key":"Kunai"},{"floor":14,"key":"Bag of Marbles"}],"event_choices":[{"damage_healed":0,"gold_gain":0,"player_choice":"Entered Light","damage_taken":20,"max_hp_gain":0,"max_hp_loss":0,"event_name":"Shining Light","floor":4,"gold_loss":0,"cards_upgraded":["Defend_G","Strike_G"]},{"damage_healed":22,"gold_gain":0,"player_choice":"Banana","damage_taken":0,"max_hp_gain":0,"max_hp_loss":0,"event_name":"Big Fish","floor":11,"gold_loss":0},{"damage_healed":0,"gold_gain":0,"player_choice":"Searched \u00270\u0027 times","damage_taken":0,"max_hp_gain":0,"max_hp_loss":0,"event_name":"Dead Adventurer","floor":13,"gold_loss":0}],"is_beta":false,"boss_relics":[],"items_purged_floors":[2],"is_endless":false,"potions_floor_spawned":[3],"killed_by":"Slime Boss","ascension_level":20,"potion_discard_per_floor":[[],[],[],[],[],[],[],[],[],[],[],[],[],[],[],[]]}