{"neow_bonuses_skipped_log":["REMOVE_CARD","REMOVE_TWO","BOSS_RELIC"],"potions_obtained_entropic_brew":[[],[],[],[],[],[],[],[],[],[],[],[],[],[],[],[],[],[],[],[],[],[],[],[],[],[],[],[],[],[],[],[],[],[],[],[],[],[],[],[],[],[],[],[],[],[],[],[],[],[],[],[],[],[],[],[]],"neow_costs_skipped_log":["NONE","PERCENT_DAMAGE","NONE"],"gold_per_floor":[211,231,248,323,22,22,52,52,52,63,98,116,116,41,41,116,116,136,147,72,89,139,139,170,170,216,216,216,216,226,241,241,318,318,338,338,338,352,362,362,118,153,153,164,176,176,205,221,221,221,221,221,221,58,88,88],"floor_reached":56,"playtime":4581,"items_purged":["Poisoned Stab+1"],"score":1924,"play_id":"e0bd82be-a35b-47ab-bb28-de276af75598","local_time":"20250107132704","score_breakdown":["Floors Climbed (56): 280","Enemies Slain (16): 32","Exordium Elites Killed (2): 20","City Elites Killed (1): 20","Beyond Elites Killed (2): 60","Bosses Slain (4): 500","Champion (1): 25","Overkill: 25","Ascension (20): 962"],"is_ascension_mode":true,"potions_obtained_alchemize":[[],[],[],[],[],[],[],[],[],[],[],[],[],[],[],[],[],["SpeedPotion"],[],[],[],[],[],["EssenceOfSteel"],[],[],[],[],[],[],["Dexterity Potion"],[],["LiquidMemories"],[],["Dexterity Potion"],[],[],["BlessingOfTheForge"],["Block Potion","FairyPotion"],[],[],["SmokeBomb","Dexterity Potion"],[],["Ancient Potion"],[],[],[],["CunningPotion"],[],["DuplicationPotion","Block Potion"],["Poison Potion","Fire Potion"],[],[],[],["SneckoOil","SteroidPotion"],["EssenceOfSteel","FearPotion"]],"campfire_choices":[{"floor":6.0,"key":"REST"},{"data":"Dagger Spray","floor":8.0,"key":"SMITH"},{"data":"Well Laid Plans","floor":13.0,"key":"SMITH"},{"data":"Cloak And Dagger","floor":15.0,"key":"SMITH"},{"data":"Wraith Form v2","floor":23.0,"key":"SMITH"},{"data":"Terror","floor":25.0,"key":"SMITH"},{"data":"Tools of the Trade","floor":27.0,"key":"SMITH"},{"data":"Venomology","floor":29.0,"key":"SMITH"},{"data":"Phantasmal Killer","floor":32.0,"key":"SMITH"},{"floor":40.0,"key":"RECALL"},{"data":"Blade Dance","floor":49,"key":"SMITH"},{"floor":53,"key":"REST"}],"lesson_learned_per_floor":[[],[],[],[],[],[],[],[],[],[],[],[],[],[],[],[],[],[],[],[],[],[],[],[],[],[],[],[],[],[],[],[],[],[],[],[],[],[],[],[],[],[],[],[],[],[],[],[],[],[],[],[],[],[],[],[]],"neow_cost":"NONE","improvable_cards":{},"seed_source_timestamp":2188209884304999,"shop_contents":[{"floor":5,"relics":["Bottled Lightning","Toolbox"],"cards":["Flechettes","Dagger Spray","Tactician","Accuracy","Jack Of All Trades","Violence"],"potions":["BlessingOfTheForge","Strength Potion"]},{"floor":41,"relics":["Bottled Flame","Chemical X"],"cards":["Eviscerate","Dagger Spray","Crippling Poison","Escape Plan","Well Laid Plans","Finesse","Secret Weapon"],"potions":["Poison Potion","CunningPotion","LiquidMemories"]},{"floor":54,"relics":["Blue Candle","Eternal Feather","Cauldron"],"cards":["Flying Knee","Masterful Stab","Dodge and Roll","Enlightenment","Transmutation"],"potions":["EntropicBrew","Regen Potion","EssenceOfSteel"]}],"circlet_count":0,"master_deck":["AscendersBane","Survivor+1","Neutralize+1","Terror+1","Dagger Throw+1","Well Laid Plans+1","Bouncing Flask+1","Dagger Spray+1","Blade Dance+1","Cloak And Dagger+1","Deflect+1","Tools of the Trade+1","Infinite Blades+1","Choke+1","Venomology+1","Wraith Form v2+1","Sucker Punch+1","Corpse Explosion+1","Endless Agony+1","Prepared+1","Calculated Gamble+1","Cloak And Dagger+1","Phantasmal Killer+1","Reflex+1","Wraith Form v2+1","PiercingWail+1","Venomology+1","Flechettes+1","Escape Plan+1","Blade Dance+1","Backflip","Tactician","Caltrops+1","Tactician+1"],"special_seed":0,"potion_use_per_floor":[[],[],[],[],[],[],["Weak Potion"],[],[],[],["Strength Potion"],[],[],[],[],[],[],["FearPotion"],["Block Potion"],[],[],[],[],["Swift Potion"],[],[],[],[],[],["EssenceOfSteel"],["SpeedPotion"],[],["Dexterity Potion"],[],["LiquidMemories","Swift Potion"],[],[],[],["BlessingOfTheForge"],[],[],["Block Potion"],[],[],[],[],[],[],[],["CunningPotion","DuplicationPotion"],["Block Potion","Poison Potion"],[],[],[],["GamblersBrew"],["Fire Potion","EssenceOfSteel"]],"relics":["Ring of the Snake","Bag of Preparation","Darkstone Periapt","Letter Opener","Shuriken","Pandora\u0027s Box","White Beast Statue","Dream Catcher","Meat on the Bone","Cursed Key","Mark of the Bloom","Toy Ornithopter","Omamori","Frozen Egg 2","Pen Nib"],"potions_floor_usage":[50,50,51,51,55,56,56],"damage_taken":[{"damage":0.0,"enemies":"2 Louse","floor":1.0,"turns":3.0},{"damage":2.0,"enemies":"Small Slimes","floor":2.0,"turns":3.0},{"damage":4.0,"enemies":"Jaw Worm","floor":3.0,"turns":4.0},{"damage":10.0,"enemies":"Lagavulin","floor":7.0,"turns":6.0},{"damage":12.0,"enemies":"Lots of Slimes","floor":10.0,"turns":3.0},{"damage":7.0,"enemies":"3 Sentries","floor":11.0,"turns":5.0},{"damage":6.0,"enemies":"Looter","floor":12.0,"turns":3.0},{"damage":4.0,"enemies":"The Guardian","floor":16.0,"turns":8.0},{"damage":9.0,"enemies":"2 Thieves","floor":18.0,"turns":3.0},{"damage":0.0,"enemies":"3 Byrds","floor":19.0,"turns":3.0},{"damage":0.0,"enemies":"3 Cultists","floor":21.0,"turns":3.0},{"damage":9.0,"enemies":"Book of Stabbing","floor":24.0,"turns":5.0},{"damage":8.0,"enemies":"Snecko","floor":30.0,"turns":3.0},{"damage":8.0,"enemies":"Chosen and Byrds","floor":31.0,"turns":4.0},{"damage":38.0,"enemies":"Automaton","floor":33.0,"turns":8.0},{"damage":0.0,"enemies":"3 Darklings","floor":35.0,"turns":2.0},{"damage":2.0,"enemies":"3 Shapes","floor":38.0,"turns":5.0},{"damage":3.0,"enemies":"Maw","floor":39.0,"turns":5.0},{"damage":3.0,"enemies":"Reptomancer","floor":42.0,"turns":6.0},{"damage":0.0,"enemies":"Spire Growth","floor":44.0,"turns":3.0},{"damage":0.0,"enemies":"4 Shapes","floor":45.0,"turns":2.0},{"damage":0.0,"enemies":"Giant Head","floor":47.0,"turns":5.0},{"damage":0.0,"enemies":"Jaw Worm Horde","floor":48.0,"turns":4.0},{"damage":3,"enemies":"Awakened One","floor":50,"turns":7},{"damage":1,"enemies":"Donu and Deca","floor":51,"turns":7},{"damage":36,"enemies":"Shield and Spear","floor":55,"turns":5},{"damage":6,"enemies":"The Heart","floor":56,"turns":3}],"green_key_taken_log":47,"seed_played":"-6709465811492040756","neow_bonus_log":{"cardsObtained":[],"cardsUpgraded":[],"cardsRemoved":[],"cardsTransformed":[],"relicsObtained":[],"maxHpGained":0,"goldGained":100,"damageTaken":0,"goldLost":0,"maxHpLost":0},"potions_obtained":[{"floor":3.0,"key":"Weak Potion"},{"floor":11.0,"key":"FearPotion"},{"floor":12.0,"key":"Block Potion"},{"floor":19.0,"key":"Swift Potion"},{"floor":30.0,"key":"Dexterity Potion"},{"floor":31.0,"key":"PowerPotion"},{"floor":33.0,"key":"Swift Potion"},{"floor":35.0,"key":"Swift Potion"},{"floor":39.0,"key":"CultistPotion"},{"floor":44.0,"key":"GamblersBrew"}],"is_trial":false,"path_per_floor":["M","M","M","?","$","R","E","R","T","M","E","M","R","?","R","B",null,"M","M","?","M","?","R","E","R","T","R","T","R","M","M","R","B",null,"M","?","?","M","M","R","$","E","T","M","M","?","E","M","R","B","B",null,"R","$","E","B"],"character_chosen":"THE_SILENT","basemod:card_modifiers":[null,null,null,null,null,null,null,null,null,null,null,null,null,null,null,null,null,null,null,null,null,null,null,null,null,null,null,null,null,null,null,null,null,null],"items_purchased":["Bouncing Flask","Bag of Preparation","Strength Potion","Omamori","Tactician","Caltrops+1"],"campfire_rested":2,"item_purchase_floors":[5,5,5,41,54,54],"current_hp_per_floor":[59,57,53,42,42,61,51,51,51,39,32,26,26,26,26,22,55,46,46,46,46,46,46,37,37,37,37,37,37,41,45,45,19,54,54,54,54,52,49,49,49,46,46,46,46,46,46,46,46,43,42,42,42,42,6,0],"gold":88,"neow_bonus":"HUNDRED_GOLD","is_prod":false,"is_daily":false,"rewards_skipped":[{"floor":21,"relics":[],"potions":["FairyPotion"]},{"floor":24,"relics":[],"potions":["SmokeBomb"]},{"floor":38,"relics":[],"potions":["SneckoOil"]},{"floor":42,"relics":[],"potions":["SpeedPotion"]},{"floor":45,"relics":[],"potions":["Explosive Potion"]},{"floor":47,"relics":["Ninja Scroll"],"potions":["Regen Potion"]},{"floor":48,"relics":[],"potions":["Poison Potion"]},{"floor":55,"relics":[],"potions":["CunningPotion"]}],"chose_seed":false,"campfire_upgraded":9,"win_rate":0,"floor_exit_playtime":[124,165,208,212,258,272,382,389,392,486,575,617,645,659,689,865,899,1022,1115,1143,1265,1271,1280,1446,1457,1461,1484,1487,1497,1596,1738,1758,2041,2076,2488,2536,2543,2691,2823,2831,2879,3210,3213,3324,3399,3405,3619,3797,3805,4061,4254,4270,4277,4297,4450],"timestamp":1736274424,"blue_key_relic_skipped_log":{"floor":43,"relicID":"Juzu Bracelet"},"path_taken":["M","M","M","?","$","R","E","R","T","M","E","M","R","?","R","BOSS","M","M","?","M","?","R","E","R","T","R","?","R","M","?","R","BOSS","M","?","?","M","?","R","?","E","T","M","M","?","E","M","R","BOSS","BOSS","R","$","E","BOSS"],"build_version":"2022-12-18","purchased_purges":1,"victory":false,"max_hp_per_floor":[66,66,66,66,66,66,66,66,66,66,66,66,66,66,66,66,66,66,66,66,66,66,66,66,66,66,66,66,66,66,66,66,66,66,66,66,66,66,66,66,66,66,66,66,66,66,66,66,66,66,66,66,66,66,66,66],"relic_stats":{"Darkstone Periapt":0,"Mark of the Bloom":94,"counters":[27,118],"Pen Nib":[0],"Bag of Preparation":[49],"Omamori":1,"Letter Opener":[421],"Cursed Key":1,"White Beast Statue":[0.0,0.0,0.0,0.4,0.0,0.6000000000000001,0.0,0.0,0.0,0.0,0.0,4.751886080000002],"Dream Catcher":1,"Shuriken":[76],"Pandora\u0027s Box":["Infinite Blades","Choke","Venomology","Wraith Form v2","Sucker Punch","Poisoned Stab","Corpse Explosion","Skewer","Endless Agony"],"obtain_stats":[{"Darkstone Periapt":7,"Mark of the Bloom":36,"Pen Nib":55,"Bag of Preparation":5,"Omamori":41,"Letter Opener":9,"Frozen Egg 2":42,"Cursed Key":34,"White Beast Statue":24,"Dream Catcher":26,"Shuriken":11,"Pandora\u0027s Box":17,"Toy Ornithopter":37,"Ring of the Snake":0,"Meat on the Bone":28},{"Darkstone Periapt":4,"Mark of the Bloom":16,"Pen Nib":26,"Bag of Preparation":3,"Omamori":18,"Letter Opener":4,"Frozen Egg 2":19,"Cursed Key":15,"White Beast Statue":12,"Dream Catcher":12,"Shuriken":6,"Pandora\u0027s Box":8,"Toy Ornithopter":16,"Ring of the Snake":0,"Meat on the Bone":12},{"Darkstone Periapt":16,"Mark of the Bloom":66,"Pen Nib":115,"Bag of Preparation":10,"Omamori":76,"Letter Opener":16,"Frozen Egg 2":82,"Cursed Key":64,"White Beast Statue":49,"Dream Catcher":49,"Shuriken":24,"Pandora\u0027s Box":35,"Toy Ornithopter":66,"Ring of the Snake":0,"Meat on the Bone":49}],"Toy Ornithopter":0,"Ring of the Snake":[56],"Meat on the Bone":36},"card_choices":[{"not_picked":["Deflect","PiercingWail"],"picked":"Terror","floor":1.0},{"not_picked":["Sucker Punch","Caltrops"],"picked":"Dagger Throw","floor":2.0},{"not_picked":["Quick Slash","PiercingWail"],"picked":"Well Laid Plans","floor":3.0},{"not_picked":["Endless Agony","Distraction"],"picked":"Dagger Spray","floor":7.0},{"not_picked":["Distraction","Flying Knee"],"picked":"Blade Dance","floor":10.0},{"not_picked":["Envenom","Dash"],"picked":"Cloak And Dagger","floor":11.0},{"not_picked":["Quick Slash","Dagger Spray"],"picked":"Deflect","floor":12.0},{"not_picked":["Unload","Bullet Time"],"picked":"Tools of the Trade","floor":16.0},{"not_picked":["Dodge and Roll","Bane+1"],"picked":"Prepared+1","floor":18.0},{"not_picked":["Outmaneuver","Heel Hook"],"picked":"Calculated Gamble","floor":19.0},{"not_picked":["Bane","Distraction"],"picked":"Cloak And Dagger","floor":21.0},{"not_picked":["All Out Attack","Prepared"],"picked":"Phantasmal Killer","floor":24.0},{"not_picked":["Cloak And Dagger","Prepared+1"],"picked":"Reflex","floor":30.0},{"not_picked":["Flying Knee","Slice","Outmaneuver"],"picked":"SKIP","floor":31.0},{"not_picked":["Storm of Steel","Corpse Explosion"],"picked":"Wraith Form v2","floor":33.0},{"not_picked":["Dagger Spray","Dagger Throw"],"picked":"PiercingWail","floor":35.0},{"not_picked":["Cloak And Dagger","Terror"],"picked":"Venomology","floor":38.0},{"not_picked":["Distraction+1","Accuracy","Deadly Poison"],"picked":"SKIP","floor":39.0},{"not_picked":["Catalyst","Predator"],"picked":"Flechettes+1","floor":42.0},{"not_picked":["Caltrops+1","Slice+1"],"picked":"Escape Plan+1","floor":44.0},{"not_picked":["All Out Attack","Bane+1"],"picked":"Blade Dance","floor":45.0},{"not_picked":["Deflect","Catalyst","Caltrops+1"],"picked":"SKIP","floor":47.0},{"not_picked":["Endless Agony","Bane","Backstab"],"picked":"SKIP","floor":48.0},{"not_picked":["Riddle With Holes+1","Blade Dance"],"picked":"Backflip","floor":53},{"not_picked":["Expertise","Skewer"],"picked":"Tactician+1","floor":55}],"player_experience":2783594,"relics_obtained":[{"floor":7.0,"key":"Darkstone Periapt"},{"floor":9.0,"key":"Letter Opener"},{"floor":11.0,"key":"Shuriken"},{"floor":24.0,"key":"White Beast Statue"},{"floor":26.0,"key":"Dream Catcher"},{"floor":28.0,"key":"Meat on the Bone"},{"floor":42.0,"key":"Frozen Egg 2"},{"floor":55,"key":"Pen Nib"}],"event_choices":[{"damage_healed":0.0,"max_hp_gain":0.0,"max_hp_loss":0.0,"gold_gain":75.0,"event_name":"World of Goop","player_choice":"Gather Gold","floor":4.0,"gold_loss":0.0,"damage_taken":11.0},{"cards_removed":["Strike_G"],"damage_healed":0.0,"max_hp_gain":0.0,"max_hp_loss":0.0,"gold_gain":0.0,"event_name":"The Cleric","player_choice":"Card Removal","floor":14.0,"gold_loss":75.0,"damage_taken":0.0},{"cards_removed":["Skewer"],"damage_healed":0.0,"max_hp_gain":0.0,"max_hp_loss":0.0,"gold_gain":0.0,"event_name":"Beggar","player_choice":"Gave Gold","floor":20.0,"gold_loss":75.0,"damage_taken":0.0},{"damage_healed":0.0,"max_hp_gain":0.0,"max_hp_loss":0.0,"gold_gain":50.0,"event_name":"Nest","player_choice":"Stole From Cult","floor":22.0,"gold_loss":0.0,"damage_taken":0.0},{"damage_healed":0.0,"max_hp_gain":0.0,"max_hp_loss":0.0,"gold_gain":0.0,"event_name":"MindBloom","player_choice":"Upgrade","floor":36.0,"gold_loss":0.0,"damage_taken":0.0,"cards_upgraded":["Survivor","Neutralize","Dagger Throw","Bouncing Flask","Blade Dance","Deflect","Infinite Blades","Choke","Sucker Punch","Poisoned Stab","Corpse Explosion","Endless Agony","Calculated Gamble","Cloak And Dagger","Reflex","Wraith Form v2","PiercingWail"],"relics_obtained":["Mark of the Bloom"]},{"damage_healed":0.0,"max_hp_gain":0.0,"max_hp_loss":0.0,"gold_gain":0.0,"event_name":"WeMeetAgain","player_choice":"Gave Potion","floor":37.0,"gold_loss":0.0,"damage_taken":0.0,"relics_obtained":["Toy Ornithopter"]},{"damage_healed":0.0,"max_hp_gain":0.0,"max_hp_loss":0.0,"gold_gain":0.0,"event_name":"Upgrade Shrine","player_choice":"Upgraded","floor":46.0,"gold_loss":0.0,"damage_taken":0.0,"cards_upgraded":["Venomology"]}],"is_beta":false,"boss_relics":[{"not_picked":["HoveringKite","Fusion Hammer"],"picked":"Pandora\u0027s Box"},{"not_picked":["Sozu","Snecko Eye"],"picked":"Cursed Key"}],"items_purged_floors":[41],"is_endless":false,"potions_floor_spawned":[3,11,12,19,21,24,30,31,33,35,38,39,42,44,45,47,48,55],"killed_by":"The Heart","ascension_level":20,"potion_discard_per_floor":[[],[],[],[],[],[],[],[],[],[],[],[],[],[],[],[],[],[],[],[],[],[],[],[],[],[],[],[],[],[],["Dexterity Potion"],[],["PowerPotion"],[],[],[],[],[],["Dexterity Potion","FairyPotion"],[],[],["SmokeBomb"],[],["Dexterity Potion","CultistPotion"],[],[],[],["Ancient Potion"],[],[],[],[],[],[],["SneckoOil"],[]]}