{"neow_bonuses_skipped_log":["TRANSFORM_CARD","THREE_ENEMY_KILL","BOSS_RELIC"],"potions_obtained_entropic_brew":[[],[],[],[],[],[],[],[],[],[],[],[],[],[],[],[],[],[],[],[],[],[],[],[],[],[],[]],"neow_costs_skipped_log":["NONE","NONE","NONE"],"gold_per_floor":[115,132,132,132,142,170,117,117,117,152,24,24,35,46,46,123,123,139,61,76,94,114,144,144,173,199,199],"floor_reached":27,"playtime":1788,"items_purged":["Strike_G"],"score":526,"play_id":"f2d07100-2cd8-482e-9564-03440464a58a","local_time":"20250121165033","score_breakdown":["Floors Climbed (27): 135","Enemies Slain (9): 18","Exordium Elites Killed (2): 20","City Elites Killed (2): 40","Bosses Slain (1): 50","Ascension (20): 263"],"is_ascension_mode":true,"potions_obtained_alchemize":[[],[],[],[],[],[],[],[],[],[],[],[],[],[],[],[],[],[],[],[],[],[],[],[],[],[],[]],"campfire_choices":[{"data":"Die Die Die","floor":8,"key":"SMITH"},{"data":"Blade Dance","floor":12,"key":"SMITH"},{"data":"Footwork","floor":15,"key":"SMITH"}],"lesson_learned_per_floor":[[],[],[],[],[],[],[],[],[],[],[],[],[],[],[],[],[],[],[],[],[],[],[],[],[],[],[]],"neow_cost":"TEN_PERCENT_HP_LOSS","improvable_cards":{},"seed_source_timestamp":490844045310900,"shop_contents":[{"floor":7,"relics":["Pen Nib","Du-Vu Doll","DollysMirror"],"cards":["Skewer","Riddle With Holes","Deadly Poison","PiercingWail","Infinite Blades","Enlightenment","Transmutation"],"potions":["SpeedPotion","Regen Potion"]},{"floor":11,"relics":["War Paint","Pantograph","Strange Spoon"],"cards":["Dash","Poisoned Stab","Venomology","Wraith Form v2","Panacea","Transmutation"],"potions":["Dexterity Potion","DuplicationPotion","GamblersBrew"]},{"floor":19,"relics":["Incense Burner","Girya","TheAbacus"],"cards":["Slice","Backstab","Blade Dance","Bouncing Flask","Panacea","Thinking Ahead"],"potions":["Dexterity Potion","Energy Potion","Fire Potion"]}],"circlet_count":0,"master_deck":["AscendersBane","Strike_G","Strike_G+1","Defend_G","Defend_G","Defend_G","Defend_G","Defend_G","Survivor+1","Neutralize","Die Die Die+1","Slice","Blade Dance+1","Predator","Calculated Gamble","Footwork+1","Backflip","Acrobatics","After Image","Acrobatics","Well Laid Plans","Acrobatics+1","Accuracy","Backflip","Glass Knife+1","Dagger Throw+1","Night Terror"],"potion_use_per_floor":[[],[],[],[],[],["Block Potion"],[],[],[],[],[],[],[],[],[],["AttackPotion"],[],[],[],[],[],[],["CunningPotion","AttackPotion"],[],[],[],[]],"relics":["Ring of the Snake","Lizard Tail","Gambling Chip","Centennial Puzzle","Fusion Hammer","Molten Egg 2","Strawberry","Bronze Scales"],"potions_floor_usage":[6,16,23,23],"damage_taken":[{"damage":0,"enemies":"Small Slimes","floor":1,"turns":4},{"damage":0,"enemies":"2 Louse","floor":2,"turns":2},{"damage":0,"enemies":"Jaw Worm","floor":5,"turns":3},{"damage":7,"enemies":"Lagavulin","floor":6,"turns":5},{"damage":5,"enemies":"3 Sentries","floor":10,"turns":5},{"damage":0,"enemies":"Lots of Slimes","floor":13,"turns":1},{"damage":0,"enemies":"Looter","floor":14,"turns":2},{"damage":25,"enemies":"The Guardian","floor":16,"turns":18},{"damage":0,"enemies":"Chosen","floor":18,"turns":5},{"damage":0,"enemies":"Spheric Guardian","floor":20,"turns":4},{"damage":4,"enemies":"Cultist and Chosen","floor":21,"turns":7},{"damage":0,"enemies":"Snecko","floor":22,"turns":9},{"damage":10,"enemies":"Slavers","floor":23,"turns":6},{"damage":27,"enemies":"Book of Stabbing","floor":25,"turns":6},{"damage":58,"enemies":"Slavers","floor":27,"turns":4}],"seed_played":"-238188058907564622","neow_bonus_log":{"cardsObtained":[],"cardsUpgraded":[],"cardsRemoved":[],"cardsTransformed":[],"relicsObtained":[],"maxHpGained":0,"goldGained":0,"damageTaken":0,"goldLost":0,"maxHpLost":6},"potions_obtained":[{"floor":2,"key":"Block Potion"},{"floor":10,"key":"SneckoOil"},{"floor":13,"key":"AttackPotion"},{"floor":20,"key":"AttackPotion"},{"floor":21,"key":"CunningPotion"}],"is_trial":false,"path_per_floor":["M","M","?","?","M","E","$","R","T","E","$","R","M","M","R","B",null,"M","$","M","M","M","E","?","E","T","E"],"character_chosen":"THE_SILENT","basemod:card_modifiers":[null,null,null,null,null,null,null,null,null,null,null,null,null,null,null,null,null,null,null,null,null,null,null,null,null,null,null],"items_purchased":["AttackPotion","Backflip","Well Laid Plans"],"campfire_rested":0,"item_purchase_floors":[7,11,19],"current_hp_per_floor":[59,59,59,41,41,34,34,34,34,29,29,29,29,29,29,4,46,46,46,46,42,42,32,32,12,12,0],"gold":199,"neow_bonus":"THREE_RARE_CARDS","is_prod":false,"is_daily":false,"rewards_skipped":[],"chose_seed":false,"campfire_upgraded":3,"win_rate":0,"floor_exit_playtime":[137,167,182,185,218,278,293,307,309,390,410,423,625,651,661,890,924,991,1011,1068,1200,1362,1511,1526,1682,1687],"timestamp":1737496233,"path_taken":["M","M","?","?","M","E","?","R","T","E","$","R","M","M","R","BOSS","M","?","M","M","M","E","?","E","T","E"],"build_version":"2022-12-18","purchased_purges":1,"victory":false,"max_hp_per_floor":[60,60,60,60,60,60,60,60,60,60,60,60,60,60,60,60,60,60,60,60,60,60,60,60,67,67,67],"relic_stats":{"Lizard Tail":33,"Centennial Puzzle":[15],"counters":[15,81],"Gambling Chip":[37],"Bronze Scales":[30],"obtain_stats":[{"Lizard Tail":6,"Centennial Puzzle":10,"Gambling Chip":9,"Strawberry":25,"Bronze Scales":26,"Molten Egg 2":23,"Fusion Hammer":17,"Ring of the Snake":0},{"Lizard Tail":4,"Centennial Puzzle":5,"Gambling Chip":4,"Strawberry":14,"Bronze Scales":14,"Molten Egg 2":13,"Fusion Hammer":8,"Ring of the Snake":0},{"Lizard Tail":14,"Centennial Puzzle":19,"Gambling Chip":14,"Strawberry":77,"Bronze Scales":77,"Molten Egg 2":71,"Fusion Hammer":40,"Ring of the Snake":0}],"Ring of the Snake":[30]},"card_choices":[{"not_picked":["Adrenaline","After Image"],"picked":"Die Die Die","floor":0},{"not_picked":["Prepared","PiercingWail"],"picked":"Slice","floor":1},{"not_picked":["Riddle With Holes","Dagger Spray"],"picked":"Blade Dance","floor":2},{"not_picked":["Crippling Poison","Riddle With Holes"],"picked":"Predator","floor":5},{"not_picked":["PiercingWail","Dodge and Roll"],"picked":"Calculated Gamble","floor":6},{"not_picked":["Riddle With Holes","Underhanded Strike"],"picked":"Footwork","floor":10},{"not_picked":["Setup","Underhanded Strike","Expertise"],"picked":"SKIP","floor":13},{"not_picked":["Distraction","Bullet Time"],"picked":"Acrobatics","floor":14},{"not_picked":["Storm of Steel","Venomology"],"picked":"After Image","floor":16},{"not_picked":["Underhanded Strike","Eviscerate"],"picked":"Acrobatics","floor":18},{"not_picked":["Flying Knee","Poisoned Stab"],"picked":"Acrobatics+1","floor":20},{"not_picked":["Outmaneuver","Prepared","Quick Slash"],"picked":"SKIP","floor":21},{"not_picked":["Outmaneuver","Prepared","Quick Slash"],"picked":"SKIP","floor":21},{"not_picked":["PiercingWail+1","Quick Slash"],"picked":"Accuracy","floor":22},{"not_picked":["Blur","Caltrops"],"picked":"Backflip","floor":23},{"not_picked":["Terror","Dagger Throw+1"],"picked":"Night Terror","floor":25}],"player_experience":2804888,"relics_obtained":[{"floor":6,"key":"Lizard Tail"},{"floor":9,"key":"Gambling Chip"},{"floor":10,"key":"Centennial Puzzle"},{"floor":23,"key":"Molten Egg 2"},{"floor":25,"key":"Strawberry"},{"floor":26,"key":"Bronze Scales"}],"event_choices":[{"damage_healed":0,"gold_gain":0,"player_choice":"Ignored","damage_taken":0,"max_hp_gain":0,"max_hp_loss":0,"event_name":"Liars Game","floor":3,"gold_loss":0},{"damage_healed":0,"gold_gain":0,"player_choice":"Entered Light","damage_taken":18,"max_hp_gain":0,"max_hp_loss":0,"event_name":"Shining Light","floor":4,"gold_loss":0,"cards_upgraded":["Survivor","Strike_G"]},{"damage_healed":0,"gold_gain":0,"cards_transformed":["Strike_G","Strike_G"],"player_choice":"Became Test Subject","damage_taken":0,"max_hp_gain":0,"max_hp_loss":0,"event_name":"Drug Dealer","floor":24,"gold_loss":0,"cards_obtained":["Glass Knife","Dagger Throw"]}],"is_beta":false,"boss_relics":[{"not_picked":["Sozu","Calling Bell"],"picked":"Fusion Hammer"}],"items_purged_floors":[11],"is_endless":false,"potions_floor_spawned":[2,10,13,20,21],"killed_by":"Slavers","ascension_level":20,"potion_discard_per_floor":[[],[],[],[],[],[],[],[],[],[],[],[],["SneckoOil"],[],[],[],[],[],[],[],["AttackPotion"],[],[],[],[],[],[]]}