{"neow_bonuses_skipped_log":["REMOVE_CARD","ONE_RARE_RELIC","BOSS_RELIC"],"potions_obtained_entropic_brew":[[],[],[],[],[],[],[],[],[],[],[],[],[],[],[],[],[],[],[],[],[],[],[],[],[],[],[],[],[],[],[],[],[],[],[],[],[],[],[],[],[],[],[],[],[],[],[],[],[],[],[],[],[],[],[],[],[]],"neow_costs_skipped_log":["NONE","PERCENT_DAMAGE","NONE"],"gold_per_floor":[110,110,36,55,74,74,104,104,152,152,185,196,207,114,114,192,192,203,73,93,8,8,8,43,53,79,79,79,113,131,151,151,226,226,237,253,253,125,125,156,156,190,213,213,248,248,228,257,257,257,257,257,257,16,41,41],"floor_reached":57,"playtime":5688,"items_purged":["Strike_G","Defend_G+1"],"score":3203,"play_id":"0772f5f4-009a-4d84-adee-7d2ae1f3f984","local_time":"20250124145637","falling_options_log":["Phantasmal Killer","Caltrops"],"score_breakdown":["Floors Climbed (57): 285","Enemies Slain (12): 24","Exordium Elites Killed (2): 20","City Elites Killed (2): 40","Beyond Elites Killed (4): 120","Bosses Slain (5): 750","Librarian: 25","Champion (7): 175","Perfect (1): 50","Ascension (20): 1464","Heartbreaker: 250"],"is_ascension_mode":true,"potions_obtained_alchemize":[[],[],[],[],[],[],[],[],[],[],[],[],[],[],[],[],[],[],[],[],[],[],[],[],[],[],[],[],[],[],[],[],[],[],[],[],[],[],[],[],[],[],[],[],[],[],[],[],[],[],[],[],[],[],[],[],[]],"campfire_choices":[{"data":"Predator","floor":6,"key":"SMITH"},{"floor":8,"key":"REST"},{"data":"1","floor":15,"key":"LIFT"},{"data":"Terror","floor":23,"key":"SMITH"},{"data":"Acrobatics","floor":27,"key":"SMITH"},{"data":"Ghostly","floor":32,"key":"SMITH"},{"data":"2","floor":41,"key":"LIFT"},{"data":"3","floor":44,"key":"LIFT"},{"floor":49,"key":"RECALL"},{"data":"Tools of the Trade","floor":53,"key":"SMITH"}],"lesson_learned_per_floor":[[],[],[],[],[],[],[],[],[],[],[],[],[],[],[],[],[],[],[],[],[],[],[],[],[],[],[],[],[],[],[],[],[],[],[],[],[],[],[],[],[],[],[],[],[],[],[],[],[],[],[],[],[],[],[],[],[]],"neow_cost":"NONE","improvable_cards":{},"seed_source_timestamp":739300128053300,"shop_contents":[{"floor":3,"relics":["Blue Candle","Eternal Feather","HandDrill"],"cards":["Flying Knee","Backflip","Tactician","Well Laid Plans","Discovery","Secret Weapon"],"potions":["SteroidPotion","BlessingOfTheForge","Energy Potion"]},{"floor":14,"relics":["Snake Skull","Happy Flower","Cauldron"],"cards":["Flying Knee","Dash","Dodge and Roll","Corpse Explosion","Caltrops","Bandage Up","Metamorphosis"],"potions":["Explosive Potion","Dexterity Potion","Dexterity Potion"]},{"floor":19,"relics":["Bottled Tornado","Bronze Scales","Frozen Eye"],"cards":["Choke","Poisoned Stab","Backflip","Crippling Poison","Infinite Blades","Good Instincts","Magnetism"],"potions":["Explosive Potion","PowerPotion","LiquidBronze"]},{"floor":38,"relics":["Blood Vial","Peace Pipe","TwistedFunnel"],"cards":["Dagger Throw","Bane","Distraction","Blade Dance","After Image","Panacea","The Bomb"],"potions":["Strength Potion","DuplicationPotion","Weak Potion"]},{"floor":54,"relics":["InkBottle","Strawberry","Calipers"],"cards":["Sucker Punch","Glass Knife","Leg Sweep","Deadly Poison","Infinite Blades","Impatience","Thinking Ahead"],"potions":["SneckoOil","DuplicationPotion","FearPotion"]}],"circlet_count":0,"master_deck":["AscendersBane","Strike_G+1","Strike_G+1","Strike_G+1","Defend_G+1","Defend_G+1","Defend_G+1","Defend_G+1","Survivor+1","Neutralize+1","Predator+1","Backstab+1","Backflip+1","Terror+1","Leg Sweep+1","Caltrops+1","Phantasmal Killer+1","Acrobatics+1","Noxious Fumes+1","Well Laid Plans+1","Concentrate+1","Backflip+1","Ghostly+1","Ghostly+1","Ghostly+1","Burst+1","Crippling Poison+1","CurseOfTheBell","Prepared+1","Acrobatics+1","Dodge and Roll+1","Expertise+1","Tools of the Trade+1","Caltrops","Acrobatics"],"potion_use_per_floor":[[],[],[],[],[],[],[],[],[],[],["Poison Potion"],[],[],[],[],[],[],[],[],[],[],[],[],["PowerPotion"],[],[],[],[],[],[],[],[],[],[],[],[],[],[],[],[],[],[],[],[],[],[],[],[],[],[],[],[],[],[],[],["DuplicationPotion"],[]],"relics":["Ring of the Snake","NeowsBlessing","HornCleat","Girya","Bag of Preparation","The Courier","Coffee Dripper","Centennial Puzzle","StrikeDummy","Orichalcum","Incense Burner","Calling Bell","Nunchaku","Mercury Hourglass","CaptainsWheel","Oddly Smooth Stone","Mark of the Bloom","Darkstone Periapt","Toy Ornithopter","Juzu Bracelet","Mango","Medical Kit","Anchor"],"potions_floor_usage":[11,24,56],"damage_taken":[{"damage":0,"enemies":"Cultist","floor":1,"turns":1},{"damage":0,"enemies":"Small Slimes","floor":4,"turns":1},{"damage":0,"enemies":"Jaw Worm","floor":5,"turns":1},{"damage":36,"enemies":"Lagavulin","floor":7,"turns":8},{"damage":0,"enemies":"Gremlin Nob","floor":11,"turns":3},{"damage":0,"enemies":"Exordium Wildlife","floor":12,"turns":5},{"damage":0,"enemies":"3 Louse","floor":13,"turns":3},{"damage":34,"enemies":"The Guardian","floor":16,"turns":13},{"damage":16,"enemies":"Spheric Guardian","floor":18,"turns":4},{"damage":0,"enemies":"3 Byrds","floor":20,"turns":4},{"damage":8,"enemies":"Slavers","floor":24,"turns":6},{"damage":14,"enemies":"Shelled Parasite and Fungi","floor":25,"turns":5},{"damage":0,"enemies":"Book of Stabbing","floor":29,"turns":5},{"damage":0,"enemies":"Snake Plant","floor":30,"turns":4},{"damage":0,"enemies":"Centurion and Healer","floor":31,"turns":8},{"damage":4,"enemies":"Automaton","floor":33,"turns":9},{"damage":0,"enemies":"3 Darklings","floor":35,"turns":5},{"damage":0,"enemies":"3 Shapes","floor":36,"turns":7},{"damage":0,"enemies":"Nemesis","floor":40,"turns":5},{"damage":0,"enemies":"Giant Head","floor":42,"turns":6},{"damage":0,"enemies":"Nemesis","floor":45,"turns":7},{"damage":0,"enemies":"Reptomancer","floor":48,"turns":6},{"damage":0,"enemies":"Awakened One","floor":50,"turns":14},{"damage":2,"enemies":"Donu and Deca","floor":51,"turns":13},{"damage":0,"enemies":"Shield and Spear","floor":55,"turns":8},{"damage":14,"enemies":"The Heart","floor":56,"turns":9}],"green_key_taken_log":40,"seed_played":"-3987111212383458874","neow_bonus_log":{"cardsObtained":[],"cardsUpgraded":[],"cardsRemoved":[],"cardsTransformed":[],"relicsObtained":["NeowsBlessing"],"maxHpGained":0,"goldGained":0,"damageTaken":0,"goldLost":0,"maxHpLost":0},"potions_obtained":[{"floor":7,"key":"Poison Potion"},{"floor":11,"key":"PowerPotion"},{"floor":12,"key":"Weak Potion"},{"floor":29,"key":"Ancient Potion"},{"floor":45,"key":"DuplicationPotion"},{"floor":48,"key":"Swift Potion"}],"is_trial":false,"path_per_floor":["M","T","$","M","M","R","E","R","T","?","E","M","M","$","R","B",null,"M","$","M","?","?","R","E","M","T","R","?","E","M","M","R","B",null,"M","M","?","$","?","E","R","E","T","R","E","?","?","E","R","B","B",null,"R","$","E","B",null],"character_chosen":"THE_SILENT","basemod:card_modifiers":[null,null,null,null,null,null,null,null,null,null,null,null,null,null,null,null,null,null,null,null,null,null,null,null,null,null,null,null,null,null,null,null,null,null,null],"items_purchased":["Predator","Caltrops","Noxious Fumes","Well Laid Plans","Oddly Smooth Stone","Medical Kit","Caltrops"],"campfire_rested":1,"item_purchase_floors":[3,14,19,19,38,54,54],"current_hp_per_floor":[59,59,59,59,59,59,23,42,42,66,66,66,66,66,66,32,58,42,42,42,42,42,42,34,20,20,20,20,20,20,20,20,16,29,29,29,29,29,29,29,29,29,29,29,29,29,29,29,29,29,27,27,27,27,27,13],"gold":41,"neow_bonus":"THREE_ENEMY_KILL","is_prod":false,"is_daily":false,"rewards_skipped":[{"floor":16,"relics":[],"potions":["Strength Potion"]},{"floor":31,"relics":[],"potions":["SmokeBomb"]},{"floor":40,"relics":[],"potions":["EssenceOfSteel"]},{"floor":47,"relics":[],"potions":["BlessingOfTheForge"]}],"chose_seed":false,"campfire_upgraded":5,"win_rate":0,"floor_exit_playtime":[64,73,104,116,138,146,219,223,225,241,270,338,437,472,475,617,664,716,739,821,825,829,852,987,1108,1113,1137,1142,1241,1338,1578,1589,1862,1900,1987,2097,2102,2166,2185,2325,2332,3030,3035,3040,3290,3293,3299,3662,3665,4227,4793,4804,4809,4860,5201,5688],"timestamp":1737748597,"blue_key_relic_skipped_log":{"floor":43,"relicID":"PreservedInsect"},"path_taken":["M","?","$","M","?","R","E","R","T","?","E","M","M","?","R","BOSS","M","$","M","?","?","R","E","M","T","R","?","E","?","M","R","BOSS","M","M","?","$","?","E","R","E","T","R","E","?","?","E","R","BOSS","BOSS","R","$","E","BOSS"],"build_version":"2022-12-18","purchased_purges":2,"victory":true,"max_hp_per_floor":[66,66,66,66,66,66,66,66,66,66,66,66,66,66,66,66,66,66,66,66,66,66,66,66,66,66,66,33,33,33,33,33,33,33,33,33,33,33,33,33,33,33,33,33,33,33,33,47,47,47,47,47,47,47,47,47],"relic_stats":{"Darkstone Periapt":0,"Girya":3,"Mark of the Bloom":34,"counters":[26,160],"The Courier":149,"Bag of Preparation":[44],"Juzu Bracelet":1,"Orichalcum":[150],"Medical Kit":[6],"Mercury Hourglass":[288],"Centennial Puzzle":[15],"Nunchaku":[11],"obtain_stats":[{"Darkstone Periapt":40,"Girya":7,"Mark of the Bloom":39,"NeowsBlessing":0,"Oddly Smooth Stone":38,"Mango":48,"The Courier":11,"Bag of Preparation":9,"Incense Burner":29,"Juzu Bracelet":45,"Orichalcum":26,"Medical Kit":54,"Mercury Hourglass":34,"Calling Bell":34,"Centennial Puzzle":21,"Nunchaku":34,"CaptainsWheel":34,"Anchor":55,"HornCleat":2,"Coffee Dripper":17,"StrikeDummy":24,"Toy Ornithopter":42,"Ring of the Snake":0},{"Darkstone Periapt":19,"Girya":4,"Mark of the Bloom":18,"NeowsBlessing":0,"Oddly Smooth Stone":18,"Mango":22,"The Courier":5,"Bag of Preparation":4,"Incense Burner":13,"Juzu Bracelet":21,"Orichalcum":12,"Medical Kit":24,"Mercury Hourglass":16,"Calling Bell":16,"Centennial Puzzle":10,"Nunchaku":16,"CaptainsWheel":16,"Anchor":25,"HornCleat":1,"Coffee Dripper":8,"StrikeDummy":11,"Toy Ornithopter":20,"Ring of the Snake":0},{"Darkstone Periapt":97,"Girya":11,"Mark of the Bloom":92,"NeowsBlessing":0,"Oddly Smooth Stone":92,"Mango":116,"The Courier":14,"Bag of Preparation":11,"Incense Burner":59,"Juzu Bracelet":110,"Orichalcum":54,"Medical Kit":143,"Mercury Hourglass":80,"Calling Bell":80,"Centennial Puzzle":43,"Nunchaku":80,"CaptainsWheel":80,"Anchor":151,"HornCleat":1,"Coffee Dripper":35,"StrikeDummy":49,"Toy Ornithopter":103,"Ring of the Snake":0}],"Toy Ornithopter":0,"Ring of the Snake":[52]},"card_choices":[{"not_picked":["Acrobatics","Dagger Throw"],"picked":"Masterful Stab","floor":1},{"not_picked":["Quick Slash","Poisoned Stab"],"picked":"Backstab","floor":4},{"not_picked":["Skewer","Accuracy","Poisoned Stab"],"picked":"SKIP","floor":5},{"not_picked":["Flying Knee","Slice","Choke"],"picked":"SKIP","floor":7},{"not_picked":["Flying Knee","Dodge and Roll"],"picked":"Backflip","floor":11},{"not_picked":["PiercingWail","Eviscerate"],"picked":"Terror","floor":12},{"not_picked":["Flechettes","Bouncing Flask"],"picked":"Leg Sweep","floor":13},{"not_picked":["Burst","Unload"],"picked":"Phantasmal Killer","floor":16},{"not_picked":["Setup","Skewer"],"picked":"Acrobatics","floor":18},{"not_picked":["Deadly Poison","Slice","Bane"],"picked":"SKIP","floor":20},{"not_picked":["Flying Knee+1","Envenom"],"picked":"Concentrate","floor":24},{"not_picked":["Sucker Punch","Backstab"],"picked":"Backflip","floor":25},{"not_picked":["Quick Slash","Prepared"],"picked":"Burst","floor":29},{"not_picked":["Quick Slash","Infinite Blades"],"picked":"Crippling Poison+1","floor":30},{"not_picked":["Slice","Flying Knee","Sucker Punch"],"picked":"SKIP","floor":31},{"not_picked":["Phantasmal Killer","Unload","Bullet Time"],"picked":"SKIP","floor":33},{"not_picked":["Sucker Punch","Bane","Poisoned Stab"],"picked":"SKIP","floor":35},{"not_picked":["Blade Dance","Underhanded Strike"],"picked":"Prepared+1","floor":36},{"not_picked":["Dagger Spray","Concentrate"],"picked":"Acrobatics+1","floor":40},{"not_picked":["Blade Dance","Finisher"],"picked":"Dodge and Roll+1","floor":42},{"not_picked":["Prepared+1","Dagger Throw"],"picked":"Expertise+1","floor":45},{"not_picked":["Backstab","Expertise"],"picked":"Tools of the Trade","floor":48},{"not_picked":["Bane","Poisoned Stab"],"picked":"Acrobatics","floor":55}],"player_experience":2806676,"relics_obtained":[{"floor":2,"key":"HornCleat"},{"floor":7,"key":"Girya"},{"floor":9,"key":"Bag of Preparation"},{"floor":11,"key":"The Courier"},{"floor":24,"key":"StrikeDummy"},{"floor":26,"key":"Orichalcum"},{"floor":29,"key":"Incense Burner"},{"floor":34,"key":"Nunchaku"},{"floor":34,"key":"Mercury Hourglass"},{"floor":34,"key":"CaptainsWheel"},{"floor":40,"key":"Darkstone Periapt"},{"floor":42,"key":"Toy Ornithopter"},{"floor":45,"key":"Juzu Bracelet"},{"floor":48,"key":"Mango"},{"floor":55,"key":"Anchor"}],"event_choices":[{"cards_removed":["Masterful Stab"],"damage_healed":24,"gold_gain":0,"player_choice":"Offered Uncommon","damage_taken":0,"max_hp_gain":0,"max_hp_loss":0,"event_name":"Bonfire Elementals","floor":10,"gold_loss":0},{"damage_healed":0,"gold_gain":0,"player_choice":"Obtained Relic","damage_taken":0,"relics_obtained":["Centennial Puzzle"],"max_hp_gain":0,"max_hp_loss":0,"event_name":"Addict","floor":21,"gold_loss":85},{"damage_healed":0,"gold_gain":0,"player_choice":"Simplicity","damage_taken":0,"max_hp_gain":0,"max_hp_loss":0,"event_name":"Back to Basics","floor":22,"gold_loss":0,"cards_upgraded":["Strike_G","Strike_G","Strike_G","Strike_G","Defend_G","Defend_G","Defend_G","Defend_G","Defend_G"]},{"damage_healed":0,"gold_gain":0,"player_choice":"Became a Ghost","damage_taken":0,"max_hp_gain":0,"max_hp_loss":33,"event_name":"Ghosts","floor":28,"gold_loss":0,"cards_obtained":["Ghostly","Ghostly","Ghostly"]},{"cards_removed":["Strike_G"],"damage_healed":0,"gold_gain":0,"player_choice":"Removed Attack","damage_taken":0,"max_hp_gain":0,"max_hp_loss":0,"event_name":"Falling","floor":37,"gold_loss":0},{"damage_healed":0,"gold_gain":0,"player_choice":"Upgrade","damage_taken":0,"relics_obtained":["Mark of the Bloom"],"max_hp_gain":0,"max_hp_loss":0,"event_name":"MindBloom","floor":39,"gold_loss":0,"cards_upgraded":["Survivor","Neutralize","Backstab","Backflip","Leg Sweep","Caltrops","Phantasmal Killer","Noxious Fumes","Well Laid Plans","Concentrate","Backflip","Ghostly","Ghostly","Burst"]},{"damage_healed":0,"gold_gain":0,"player_choice":"Ignored","damage_taken":0,"max_hp_gain":0,"max_hp_loss":0,"event_name":"SecretPortal","floor":46,"gold_loss":0},{"damage_healed":0,"gold_gain":0,"player_choice":"Bought 1 Potion","damage_taken":0,"max_hp_gain":0,"max_hp_loss":0,"event_name":"The Woman in Blue","floor":47,"gold_loss":0}],"is_beta":false,"boss_relics":[{"not_picked":["Philosopher\u0027s Stone","Tiny House"],"picked":"Coffee Dripper"},{"not_picked":["Empty Cage","WristBlade"],"picked":"Calling Bell"}],"items_purged_floors":[14,54],"is_endless":false,"potions_floor_spawned":[7,11,12,16,29,31,40,45,48],"ascension_level":20,"potion_discard_per_floor":[[],[],[],[],[],[],[],[],[],[],[],[],[],[],[],[],[],[],[],[],[],[],[],[],[],[],[],[],[],[],[],[],[],[],[],[],[],[],[],[],[],[],[],[],["Weak Potion"],[],[],["Ancient Potion"],[],[],[],[],[],[],[],[],[]]}