{"neow_bonuses_skipped_log":["TEN_PERCENT_HP_BONUS","TWENTY_PERCENT_HP_BONUS","BOSS_RELIC"],"potions_obtained_entropic_brew":[[],[],[],[],[],[],[],[],[],[],[],[],[],[],[],[],[],[],[],[],[],[],[],[],[],[],[],[],[],[],[],[],[],[],[],[],[],[],[],[],[],[]],"neow_costs_skipped_log":["NONE","PERCENT_DAMAGE","NONE"],"gold_per_floor":[117,135,135,135,150,150,181,181,232,232,243,270,270,302,302,379,379,399,399,399,324,343,343,268,168,168,168,186,214,264,277,277,355,355,372,372,372,372,372,398,411,411],"floor_reached":42,"playtime":2311,"items_purged":["Bite","Defend_G"],"score":950,"play_id":"059924e4-b2cd-4074-9180-fb74e15f145b","local_time":"20250227020756","falling_options_log":["Corpse Explosion+1","Tools of the Trade"],"score_breakdown":["Floors Climbed (42): 210","Enemies Slain (10): 20","Exordium Elites Killed (2): 20","City Elites Killed (1): 20","Beyond Elites Killed (1): 30","Bosses Slain (2): 150","Overkill: 25","Ascension (20): 475"],"is_ascension_mode":true,"potions_obtained_alchemize":[[],[],[],[],[],[],[],[],[],[],[],[],[],[],[],[],[],[],[],[],[],[],[],[],[],[],[],[],[],[],[],[],[],[],[],[],[],[],[],[],[],[]],"campfire_choices":[{"floor":6,"key":"REST"},{"floor":8,"key":"REST"},{"data":"Dagger Spray","floor":10,"key":"SMITH"},{"floor":13,"key":"REST"},{"data":"Corpse Explosion","floor":15,"key":"SMITH"},{"data":"Ghostly","floor":23,"key":"SMITH"},{"data":"Ghostly","floor":27,"key":"SMITH"},{"data":"Bullet Time","floor":32,"key":"SMITH"}],"lesson_learned_per_floor":[[],[],[],[],[],[],[],[],[],[],[],[],[],[],[],[],[],[],[],[],[],[],[],[],[],[],[],[],[],[],[],[],[],[],[],[],[],[],[],[],[],[]],"neow_cost":"NONE","improvable_cards":{},"seed_source_timestamp":1283023500261500,"shop_contents":[{"floor":21,"relics":["Calipers","Centennial Puzzle","Sling"],"cards":["Underhanded Strike","Masterful Stab","Distraction","Bouncing Flask","Footwork","Discovery","Violence"],"potions":["LiquidBronze","Block Potion","BlessingOfTheForge"]},{"floor":25,"relics":["Gremlin Horn","Potion Belt","TwistedFunnel"],"cards":["Backstab","Dagger Spray","Leg Sweep","Malaise","Footwork","Trip","Thinking Ahead"],"potions":["Energy Potion","Strength Potion","Energy Potion"]}],"circlet_count":0,"master_deck":["AscendersBane","Defend_G+1","Defend_G+1","Survivor","Neutralize","Dagger Throw","Backflip","Corpse Explosion+1","Underhanded Strike","Bullet Time+1","Tools of the Trade","Noxious Fumes","Bite","Bite","Ghostly+1","Ghostly+1","Ghostly","Acrobatics","Apotheosis","Madness","Madness","Acrobatics"],"potion_use_per_floor":[[],[],[],[],[],[],["SpeedPotion"],[],[],[],[],[],[],["Strength Potion"],[],["DistilledChaos"],[],[],[],[],[],["LiquidMemories"],[],[],[],[],[],[],["LiquidBronze"],[],[],[],["Explosive Potion"],[],[],[],[],[],[],[],[],["Poison Potion"]],"relics":["Ring of the Serpent","Omamori","Boot","Bag of Preparation","Odd Mushroom","Pear","Kunai","Unceasing Top","Bronze Scales","Empty Cage","Orichalcum"],"potions_floor_usage":[7,14,16,22,29,33,42],"damage_taken":[{"damage":1,"enemies":"Cultist","floor":1,"turns":3},{"damage":2,"enemies":"2 Louse","floor":2,"turns":2},{"damage":3,"enemies":"Jaw Worm","floor":5,"turns":3},{"damage":16,"enemies":"3 Sentries","floor":7,"turns":10},{"damage":0,"enemies":"Looter","floor":11,"turns":3},{"damage":2,"enemies":"The Mushroom Lair","floor":12,"turns":2},{"damage":8,"enemies":"Gremlin Nob","floor":14,"turns":3},{"damage":44,"enemies":"Hexaghost","floor":16,"turns":11},{"damage":16,"enemies":"Spheric Guardian","floor":18,"turns":7},{"damage":4,"enemies":"Chosen","floor":22,"turns":5},{"damage":1,"enemies":"Snecko","floor":28,"turns":6},{"damage":19,"enemies":"Book of Stabbing","floor":29,"turns":7},{"damage":0,"enemies":"Snake Plant","floor":31,"turns":4},{"damage":7,"enemies":"Automaton","floor":33,"turns":8},{"damage":3,"enemies":"3 Darklings","floor":35,"turns":3},{"damage":27,"enemies":"Giant Head","floor":40,"turns":9},{"damage":0,"enemies":"3 Shapes","floor":41,"turns":4},{"damage":29,"enemies":"Nemesis","floor":42,"turns":3}],"seed_played":"-2839397595742344929","neow_bonus_log":{"cardsObtained":[],"cardsUpgraded":[],"cardsRemoved":["Defend_G"],"cardsTransformed":[],"relicsObtained":[],"maxHpGained":0,"goldGained":0,"damageTaken":0,"goldLost":0,"maxHpLost":0},"potions_obtained":[{"floor":5,"key":"SpeedPotion"},{"floor":12,"key":"Strength Potion"},{"floor":14,"key":"DistilledChaos"},{"floor":16,"key":"LiquidBronze"},{"floor":18,"key":"LiquidMemories"},{"floor":28,"key":"Explosive Potion"},{"floor":31,"key":"Poison Potion"}],"is_trial":false,"path_per_floor":["M","M","?","?","M","R","E","R","T","R","M","?","R","E","R","B",null,"M","?","?","$","M","R","?","$","T","R","M","E","T","M","R","B",null,"M","?","?","?","?","E","M","E"],"character_chosen":"THE_SILENT","basemod:card_modifiers":[null,null,null,null,null,null,null,null,null,null,null,null,null,null,null,null,null,null,null,null,null,null],"items_purchased":[],"campfire_rested":3,"item_purchase_floors":[],"current_hp_per_floor":[58,56,36,10,7,26,10,29,29,29,29,27,46,48,48,4,58,42,42,26,26,26,26,26,26,26,26,26,8,8,16,16,25,26,25,25,20,15,15,15,21,0],"gold":411,"neow_bonus":"REMOVE_CARD","is_prod":false,"is_daily":false,"rewards_skipped":[],"chose_seed":false,"campfire_upgraded":5,"win_rate":0,"floor_exit_playtime":[62,88,92,99,133,135,246,249,252,263,311,364,369,405,412,548,571,706,713,720,767,879,885,894,940,952,963,1093,1241,1244,1314,1319,1569,1630,1722,1742,1782,1791,1798,2130,2229],"timestamp":1740640076,"path_taken":["M","M","?","?","M","R","E","R","T","R","M","?","R","E","R","BOSS","M","?","?","$","M","R","?","$","T","R","M","E","?","M","R","BOSS","M","?","?","?","?","E","?","E"],"build_version":"2022-12-18","purchased_purges":2,"victory":false,"max_hp_per_floor":[66,66,66,66,66,66,66,66,66,66,66,66,66,76,76,76,76,76,53,26,26,26,26,26,26,26,26,26,26,26,26,26,26,26,26,26,26,26,26,26,26,26],"relic_stats":{"counters":[18,93],"Bronze Scales":[96],"Omamori":0,"Bag of Preparation":[28],"Kunai":[12],"Orichalcum":[18],"Boot":[56],"obtain_stats":[{"Pear":14,"Bronze Scales":30,"Omamori":4,"Bag of Preparation":9,"Kunai":26,"Odd Mushroom":12,"Orichalcum":40,"Boot":7,"Empty Cage":34,"Ring of the Serpent":17,"Unceasing Top":29,"Ring of the Snake":0},{"Pear":7,"Bronze Scales":12,"Omamori":2,"Bag of Preparation":4,"Kunai":10,"Odd Mushroom":6,"Orichalcum":16,"Boot":4,"Empty Cage":14,"Ring of the Serpent":8,"Unceasing Top":12,"Ring of the Snake":0},{"Pear":26,"Bronze Scales":62,"Omamori":5,"Bag of Preparation":18,"Kunai":49,"Odd Mushroom":23,"Orichalcum":86,"Boot":18,"Empty Cage":74,"Ring of the Serpent":37,"Unceasing Top":62,"Ring of the Snake":0}],"Unceasing Top":[0]},"card_choices":[{"not_picked":["Poisoned Stab","Accuracy"],"picked":"Dagger Spray","floor":1},{"not_picked":["Reflex","Prepared"],"picked":"Dagger Throw","floor":2},{"not_picked":["Slice","Dagger Spray"],"picked":"Backflip","floor":5},{"not_picked":["Distraction","Masterful Stab"],"picked":"Corpse Explosion","floor":7},{"not_picked":["Outmaneuver","Concentrate"],"picked":"Underhanded Strike","floor":11},{"not_picked":["Quick Slash","Prepared","Setup"],"picked":"SKIP","floor":12},{"not_picked":["Concentrate","Prepared"],"picked":"Bullet Time","floor":14},{"not_picked":["Night Terror","Corpse Explosion"],"picked":"Tools of the Trade","floor":16},{"not_picked":["Outmaneuver","Dodge and Roll"],"picked":"Noxious Fumes","floor":18},{"not_picked":["Dash","Bane"],"picked":"Acrobatics","floor":22},{"not_picked":["Dagger Spray","After Image","Poisoned Stab"],"picked":"SKIP","floor":28},{"not_picked":["Dodge and Roll","Finisher","Flying Knee"],"picked":"SKIP","floor":29},{"not_picked":["Cloak And Dagger","Dagger Throw","Eviscerate"],"picked":"SKIP","floor":31},{"not_picked":["A Thousand Cuts","Glass Knife","Bullet Time"],"picked":"SKIP","floor":33},{"not_picked":["Deadly Poison","Backflip+1","PiercingWail"],"picked":"SKIP","floor":35},{"not_picked":["Impatience","Good Instincts"],"picked":"Apotheosis","floor":37},{"not_picked":["Blind","Violence","Madness"],"picked":"SKIP","floor":37},{"not_picked":["Concentrate","Quick Slash+1","Slice"],"picked":"SKIP","floor":40},{"not_picked":["Concentrate","Quick Slash+1","Slice"],"picked":"SKIP","floor":40},{"not_picked":["Concentrate","Quick Slash+1","Slice"],"picked":"SKIP","floor":40},{"not_picked":["Cloak And Dagger+1","Caltrops"],"picked":"Acrobatics","floor":41}],"player_experience":2817027,"relics_obtained":[{"floor":7,"key":"Boot"},{"floor":9,"key":"Bag of Preparation"},{"floor":12,"key":"Odd Mushroom"},{"floor":14,"key":"Pear"},{"floor":26,"key":"Kunai"},{"floor":29,"key":"Unceasing Top"},{"floor":30,"key":"Bronze Scales"},{"floor":40,"key":"Orichalcum"}],"event_choices":[{"damage_healed":0,"gold_gain":0,"player_choice":"Entered Light","damage_taken":20,"max_hp_gain":0,"max_hp_loss":0,"event_name":"Shining Light","floor":3,"gold_loss":0,"cards_upgraded":["Defend_G","Defend_G"]},{"damage_healed":0,"gold_gain":0,"player_choice":"Success","damage_taken":26,"relics_obtained":["Omamori"],"max_hp_gain":0,"max_hp_loss":0,"event_name":"Scrap Ooze","floor":4,"gold_loss":0},{"damage_healed":0,"gold_gain":0,"player_choice":"Fought Mushrooms","damage_taken":0,"max_hp_gain":0,"max_hp_loss":0,"event_name":"Mushrooms","floor":12,"gold_loss":0},{"damage_healed":0,"gold_gain":0,"player_choice":"Became a vampire","damage_taken":0,"max_hp_gain":0,"max_hp_loss":23,"event_name":"Vampires","floor":19,"gold_loss":0,"cards_obtained":["Bite","Bite","Bite","Bite","Bite"]},{"damage_healed":0,"gold_gain":0,"player_choice":"Became a Ghost","damage_taken":0,"max_hp_gain":0,"max_hp_loss":27,"event_name":"Ghosts","floor":20,"gold_loss":0,"cards_obtained":["Ghostly","Ghostly","Ghostly"]},{"cards_removed":["Bite"],"damage_healed":0,"gold_gain":0,"player_choice":"Gave Gold","damage_taken":0,"max_hp_gain":0,"max_hp_loss":0,"event_name":"Beggar","floor":24,"gold_loss":75},{"cards_removed":["Dagger Spray"],"damage_healed":0,"gold_gain":0,"player_choice":"Removed Attack","damage_taken":0,"max_hp_gain":0,"max_hp_loss":0,"event_name":"Falling","floor":36,"gold_loss":0},{"damage_healed":0,"gold_gain":0,"player_choice":"Memory 2","damage_taken":5,"max_hp_gain":0,"max_hp_loss":0,"event_name":"SensoryStone","floor":37,"gold_loss":0},{"damage_healed":0,"gold_gain":0,"player_choice":"Embrace Madness","damage_taken":5,"max_hp_gain":0,"max_hp_loss":0,"event_name":"Winding Halls","floor":38,"gold_loss":0,"cards_obtained":["Madness","Madness"]},{"damage_healed":0,"gold_gain":0,"player_choice":"Ignored","damage_taken":0,"max_hp_gain":0,"max_hp_loss":0,"event_name":"Tomb of Lord Red Mask","floor":39,"gold_loss":0}],"is_beta":false,"boss_relics":[{"not_picked":["SlaversCollar","WristBlade"],"picked":"Ring of the Serpent"},{"not_picked":["Velvet Choker","Runic Dome"],"picked":"Empty Cage"}],"items_purged_floors":[21,25],"is_endless":false,"potions_floor_spawned":[5,12,14,16,18,28,31],"killed_by":"Nemesis","ascension_level":20,"potion_discard_per_floor":[[],[],[],[],[],[],[],[],[],[],[],[],[],[],[],[],[],[],[],[],[],[],[],[],[],[],[],[],[],[],[],[],[],[],[],[],[],[],[],[],[],[]]}