{"neow_bonuses_skipped_log":["THREE_CARDS","TRANSFORM_TWO_CARDS","BOSS_RELIC"],"potions_obtained_entropic_brew":[[],[],[],[],[],[],[],[],[],[],[],[],[],[],[],[],[],[],[],[],[],[],[],[],[],[],[],[]],"neow_costs_skipped_log":["NONE","NO_GOLD","NONE"],"gold_per_floor":[109,34,47,60,71,71,104,104,104,138,213,223,61,76,76,151,151,164,164,177,14,14,41,91,91,140,65,65],"floor_reached":28,"playtime":1186,"items_purged":["Poisoned Stab"],"score":617,"play_id":"305d8354-9cef-4c67-b460-74669d91b968","local_time":"20250222021145","score_breakdown":["Floors Climbed (28): 140","Enemies Slain (8): 16","Exordium Elites Killed (2): 20","City Elites Killed (1): 20","Bosses Slain (1): 50","Collector (1): 25","Perfect (1): 50","Ascension (20): 296"],"is_ascension_mode":true,"potions_obtained_alchemize":[[],[],[],[],[],[],[],[],[],[],[],[],[],[],[],[],[],[],[],[],[],[],[],[],[],[],[],[]],"campfire_choices":[{"data":"Blade Dance","floor":6,"key":"SMITH"},{"floor":8,"key":"REST"},{"floor":15,"key":"REST"},{"floor":25,"key":"REST"}],"lesson_learned_per_floor":[[],[],[],[],[],[],[],[],[],[],[],[],[],[],[],[],[],[],[],[],[],[],[],[],[],[],[],[]],"neow_cost":"NONE","improvable_cards":{},"seed_source_timestamp":852375404965100,"shop_contents":[{"floor":13,"relics":["White Beast Statue","Strange Spoon"],"cards":["Poisoned Stab","All Out Attack","PiercingWail","Crippling Poison","Noxious Fumes","Deep Breath","Master of Strategy"],"potions":["GamblersBrew","SpeedPotion","EssenceOfSteel"]},{"floor":21,"relics":["Centennial Puzzle","CeramicFish"],"cards":["Choke","Sucker Punch","Blade Dance","Acrobatics","Caltrops","Flash of Steel","Thinking Ahead"],"potions":["Regen Potion","BlessingOfTheForge","SmokeBomb"]},{"floor":27,"relics":["Question Card","Orichalcum","Sling"],"cards":["Underhanded Strike","Poisoned Stab","Outmaneuver","Reflex","After Image","Forethought","Sadistic Nature"],"potions":["Poison Potion","EntropicBrew","SkillPotion"]}],"circlet_count":0,"master_deck":["AscendersBane","Survivor","Neutralize","Blade Dance+1","Bouncing Flask","Flying Knee","Terror","Backflip","All Out Attack","Blade Dance","Endless Agony","Malaise","Backstab","Sucker Punch","Masterful Stab","Outmaneuver","Sucker Punch","Blade Dance","Underhanded Strike","Blade Dance","Cloak And Dagger","Ghostly","Ghostly","Ghostly","Backflip"],"potion_use_per_floor":[[],[],[],[],["BlessingOfTheForge"],[],[],[],[],["Energy Potion"],[],[],[],[],[],["AttackPotion"],[],[],[],[],[],[],[],[],["Fruit Juice"],[],[],["Explosive Potion"]],"relics":["Ring of the Snake","Boot","Oddly Smooth Stone","Juzu Bracelet","Kunai","Dream Catcher","Pandora\u0027s Box","Toolbox","Bag of Marbles","Lantern"],"potions_floor_usage":[5,10,16,25,28],"damage_taken":[{"damage":6,"enemies":"Jaw Worm","floor":1,"turns":5},{"damage":0,"enemies":"Small Slimes","floor":3,"turns":2},{"damage":3,"enemies":"2 Louse","floor":4,"turns":2},{"damage":6,"enemies":"Lots of Slimes","floor":5,"turns":5},{"damage":22,"enemies":"Lagavulin","floor":7,"turns":6},{"damage":9,"enemies":"3 Sentries","floor":10,"turns":10},{"damage":5,"enemies":"Blue Slaver","floor":12,"turns":3},{"damage":1,"enemies":"Looter","floor":14,"turns":3},{"damage":0,"enemies":"Slime Boss","floor":16,"turns":5},{"damage":0,"enemies":"Chosen","floor":18,"turns":2},{"damage":15,"enemies":"Shell Parasite","floor":20,"turns":2},{"damage":26,"enemies":"Book of Stabbing","floor":23,"turns":6},{"damage":25,"enemies":"Gremlin Leader","floor":28,"turns":4}],"seed_played":"-7275154510832484268","neow_bonus_log":{"cardsObtained":[],"cardsUpgraded":[],"cardsRemoved":[],"cardsTransformed":[],"relicsObtained":["Boot"],"maxHpGained":0,"goldGained":0,"damageTaken":0,"goldLost":0,"maxHpLost":0},"potions_obtained":[{"floor":1,"key":"BlessingOfTheForge"},{"floor":4,"key":"Energy Potion"},{"floor":7,"key":"DuplicationPotion"},{"floor":10,"key":"AttackPotion"},{"floor":18,"key":"Explosive Potion"},{"floor":23,"key":"Fruit Juice"}],"is_trial":false,"path_per_floor":["M","?","M","M","M","R","E","R","T","E","?","M","$","M","R","B",null,"M","?","M","$","?","E","?","R","T","$","E"],"character_chosen":"THE_SILENT","basemod:card_modifiers":[null,null,null,null,null,null,null,null,null,null,null,null,null,null,null,null,null,null,null,null,null,null,null,null,null],"items_purchased":["Dream Catcher","Toolbox"],"campfire_rested":3,"item_purchase_floors":[13,21],"current_hp_per_floor":[53,53,53,50,44,44,22,41,41,32,21,16,16,15,34,34,58,58,58,43,43,33,7,7,23,23,23,0],"gold":65,"neow_bonus":"RANDOM_COMMON_RELIC","is_prod":false,"is_daily":false,"rewards_skipped":[{"floor":14,"relics":[],"potions":["Regen Potion"]}],"chose_seed":false,"campfire_upgraded":1,"win_rate":0,"floor_exit_playtime":[87,97,131,180,257,263,329,333,342,456,460,491,538,583,592,714,750,781,794,924,939,944,1060,1066,1075,1078,1108],"timestamp":1740208305,"path_taken":["M","?","M","M","M","R","E","R","T","E","?","M","$","M","R","BOSS","M","?","M","$","?","E","?","R","T","?","E"],"build_version":"2022-12-18","purchased_purges":1,"victory":false,"max_hp_per_floor":[66,66,66,66,66,66,66,66,66,66,66,66,66,66,66,66,66,66,66,66,66,33,33,33,38,38,38,38],"relic_stats":{"Dream Catcher":2,"counters":[13,55],"Pandora\u0027s Box":["Backstab","Sucker Punch","Masterful Stab","Outmaneuver","Sucker Punch","Blade Dance","Poisoned Stab","Underhanded Strike","Blade Dance"],"Juzu Bracelet":0,"Kunai":[22],"Boot":[90],"obtain_stats":[{"Dream Catcher":13,"Lantern":26,"Oddly Smooth Stone":7,"Toolbox":21,"Pandora\u0027s Box":17,"Juzu Bracelet":9,"Bag of Marbles":23,"Kunai":10,"Boot":0,"Ring of the Snake":0},{"Dream Catcher":7,"Lantern":12,"Oddly Smooth Stone":5,"Toolbox":11,"Pandora\u0027s Box":9,"Juzu Bracelet":5,"Bag of Marbles":12,"Kunai":6,"Boot":0,"Ring of the Snake":0},{"Dream Catcher":33,"Lantern":51,"Oddly Smooth Stone":20,"Toolbox":45,"Pandora\u0027s Box":41,"Juzu Bracelet":20,"Bag of Marbles":51,"Kunai":30,"Boot":0,"Ring of the Snake":0}],"Ring of the Snake":[26]},"card_choices":[{"not_picked":["Concentrate","Flying Knee"],"picked":"Blade Dance","floor":1},{"not_picked":["Outmaneuver","Underhanded Strike"],"picked":"Bouncing Flask","floor":3},{"not_picked":["Deadly Poison","Sucker Punch","Flechettes"],"picked":"SKIP","floor":4},{"not_picked":["Dodge and Roll","Caltrops"],"picked":"Flying Knee","floor":5},{"not_picked":["Sucker Punch","Dagger Throw"],"picked":"Terror","floor":7},{"not_picked":["Infinite Blades","Outmaneuver"],"picked":"Backflip","floor":10},{"not_picked":["Calculated Gamble","Expertise"],"picked":"All Out Attack","floor":12},{"not_picked":["Distraction","Dagger Throw"],"picked":"Blade Dance","floor":14},{"not_picked":["Dagger Spray","PiercingWail"],"picked":"Endless Agony","floor":15},{"not_picked":["Phantasmal Killer","Die Die Die"],"picked":"Malaise","floor":16},{"not_picked":["Underhanded Strike","Setup","Blade Dance"],"picked":"SKIP","floor":18},{"not_picked":["Masterful Stab","Caltrops"],"picked":"Cloak And Dagger","floor":20},{"not_picked":["Predator","Dagger Throw","Storm of Steel"],"picked":"SKIP","floor":23},{"not_picked":["Escape Plan","Tactician"],"picked":"Backflip","floor":25}],"player_experience":2812364,"relics_obtained":[{"floor":7,"key":"Oddly Smooth Stone"},{"floor":9,"key":"Juzu Bracelet"},{"floor":10,"key":"Kunai"},{"floor":23,"key":"Bag of Marbles"},{"floor":26,"key":"Lantern"}],"event_choices":[{"cards_removed":["Defend_G"],"damage_healed":0,"gold_gain":0,"player_choice":"Card Removal","damage_taken":0,"max_hp_gain":0,"max_hp_loss":0,"event_name":"The Cleric","floor":2,"gold_loss":75},{"damage_healed":0,"gold_gain":75,"player_choice":"Gather Gold","damage_taken":11,"max_hp_gain":0,"max_hp_loss":0,"event_name":"World of Goop","floor":11,"gold_loss":0},{"damage_healed":0,"gold_gain":0,"player_choice":"Ignored","damage_taken":0,"max_hp_gain":0,"max_hp_loss":0,"event_name":"Cursed Tome","floor":19,"gold_loss":0},{"damage_healed":0,"gold_gain":0,"player_choice":"Became a Ghost","damage_taken":0,"max_hp_gain":0,"max_hp_loss":33,"event_name":"Ghosts","floor":22,"gold_loss":0,"cards_obtained":["Ghostly","Ghostly","Ghostly"]},{"damage_healed":0,"gold_gain":50,"player_choice":"Stole From Cult","damage_taken":0,"max_hp_gain":0,"max_hp_loss":0,"event_name":"Nest","floor":24,"gold_loss":0}],"is_beta":false,"boss_relics":[{"not_picked":["Calling Bell","Philosopher\u0027s Stone"],"picked":"Pandora\u0027s Box"}],"items_purged_floors":[27],"is_endless":false,"potions_floor_spawned":[1,4,7,10,14,18,23],"killed_by":"Gremlin Leader","ascension_level":20,"potion_discard_per_floor":[[],[],[],[],[],[],[],[],[],[],[],[],[],[],[],[],[],[],[],[],[],[],["DuplicationPotion"],[],[],[],[],[]]}