{"neow_bonuses_skipped_log":["REMOVE_CARD","THREE_ENEMY_KILL","BOSS_RELIC"],"neow_costs_skipped_log":["NONE","NONE","NONE"],"potions_obtained_entropic_brew":[[],[],[],[],[],[],[],[],[],[],[],[],[],[],[],[],[],[],[],[],[],[],[],[],[],[],[],[],[],[],[],[],[],[],[],[],[],[],[],[],[],[],[],[],[],[],[],[],[],[],[],[],[],[],[],[]],"gold_per_floor":[116,136,153,172,172,172,205,205,228,228,278,322,68,112,112,201,201,216,216,236,161,179,179,217,96,96,96,115,139,175,188,188,281,281,295,311,334,38,59,59,98,98,98,163,163,178,191,212,212,212,212,212,212,75,118,118],"floor_reached":56,"playtime":5663,"items_purged":["Bane","Envenom"],"score":1928,"play_id":"e9dedaee-3755-48a0-b04f-cf2a1f46cf15","local_time":"20250227153912","score_breakdown":["Floors Climbed (56): 280","Enemies Slain (17): 34","Exordium Elites Killed (3): 30","City Elites Killed (2): 40","Beyond Elites Killed (1): 30","Bosses Slain (4): 500","Champion (1): 25","C-c-c-combo: 25","Ascension (20): 964"],"is_ascension_mode":true,"potions_obtained_alchemize":[[],[],[],[],[],[],[],[],[],[],[],[],[],[],[],[],[],["Fire Potion"],[],["DuplicationPotion"],[],["SkillPotion"],[],["Dexterity Potion"],[],[],[],["Energy Potion"],[],["Fire Potion"],[],[],["SteroidPotion"],[],["Poison Potion"],["Dexterity Potion"],[],[],["ColorlessPotion"],[],["ColorlessPotion"],[],[],["EssenceOfSteel"],[],["GhostInAJar"],[],[],[],[],[],[],[],[],[],["Explosive Potion"]],"campfire_choices":[{"floor":6.0,"key":"REST"},{"floor":10.0,"key":"REST"},{"data":"Well Laid Plans","floor":15.0,"key":"SMITH"},{"data":"Phantasmal Killer","floor":23.0,"key":"SMITH"},{"data":"Calculated Gamble","floor":32.0,"key":"SMITH"},{"data":"Acrobatics","floor":40.0,"key":"SMITH"},{"data":"Terror","floor":42.0,"key":"SMITH"},{"data":"Venomology","floor":45.0,"key":"SMITH"},{"floor":49.0,"key":"RECALL"},{"floor":53,"key":"REST"}],"lesson_learned_per_floor":[[],[],[],[],[],[],[],[],[],[],[],[],[],[],[],[],[],[],[],[],[],[],[],[],[],[],[],[],[],[],[],[],[],[],[],[],[],[],[],[],[],[],[],[],[],[],[],[],[],[],[],[],[],[],[],[]],"neow_cost":"PERCENT_DAMAGE","improvable_cards":{},"seed_source_timestamp":0,"shop_contents":[{"floor":13,"relics":["Tiny Chest","Bronze Scales","DollysMirror"],"cards":["Eviscerate","Dagger Spray","Trip","HandOfGreed"],"potions":["SteroidPotion","Dexterity Potion","EssenceOfSteel"]},{"floor":25,"relics":["Girya","Gambling Chip","Chemical X"],"cards":["Poisoned Stab","Slice","Deadly Poison","Catalyst","Noxious Fumes","Blind","The Bomb"],"potions":["SpeedPotion","Ancient Potion","EntropicBrew"]},{"floor":38,"relics":["Snake Skull","Blue Candle","TheAbacus"],"cards":["Heel Hook","Bane","Deadly Poison+1","Backflip+1","Noxious Fumes","Swift Strike","Chrysalis+1"],"potions":["Block Potion","Swift Potion","Block Potion"]},{"floor":54,"relics":["Vajra","Bag of Marbles","PrismaticShard"],"cards":["Slice","Dash","Blade Dance+1","Crippling Poison+1","Well Laid Plans","Mind Blast","Chrysalis+1"],"potions":["EntropicBrew","DistilledChaos","Ancient Potion"]}],"circlet_count":0,"master_deck":["AscendersBane","Strike_G+1","Defend_G","Survivor","Neutralize","Terror+1","Dagger Throw+1","Noxious Fumes","Underhanded Strike","Backflip","Phantasmal Killer+1","Acrobatics+1","Well Laid Plans+1","Bouncing Flask","Leg Sweep","PiercingWail","Venomology+1","Bane+1","Reflex+1","Storm of Steel+1","Backflip","Calculated Gamble+1","Acrobatics+1","Tactician+1","Tactician+1","Adrenaline+1","PiercingWail+1","Secret Technique+1","Concentrate+1","Outmaneuver+1","Catalyst+1","Escape Plan+1"],"special_seed":0,"potion_use_per_floor":[[],[],[],[],[],[],["DuplicationPotion"],[],[],[],[],[],[],["Ancient Potion"],[],[],[],["Fruit Juice"],[],["Fire Potion"],[],["Fire Potion"],[],["SkillPotion"],[],[],[],["Dexterity Potion"],[],["Energy Potion"],[],[],["Fire Potion"],[],["SteroidPotion"],["Poison Potion"],["Dexterity Potion"],[],["Weak Potion"],[],["ColorlessPotion"],[],[],["ColorlessPotion"],[],["EssenceOfSteel"],[],[],[],[],[],[],[],[],["GhostInAJar"],["Energy Potion","DuplicationPotion"]],"relics":["Ring of the Snake","Golden Idol","Whetstone","Akabeko","Bag of Preparation","TungstenRod","Orichalcum","Astrolabe","The Courier","Toxic Egg 2","Blood Vial","Runic Pyramid","Calipers","Ice Cream","Lantern","Nunchaku"],"potions_floor_usage":[55,56,56],"damage_taken":[{"damage":0.0,"enemies":"Jaw Worm","floor":1.0,"turns":3.0},{"damage":4.0,"enemies":"2 Louse","floor":2.0,"turns":3.0},{"damage":4.0,"enemies":"Small Slimes","floor":3.0,"turns":3.0},{"damage":7.0,"enemies":"Red Slaver","floor":4.0,"turns":4.0},{"damage":7.0,"enemies":"Lagavulin","floor":7.0,"turns":4.0},{"damage":17.0,"enemies":"3 Sentries","floor":12.0,"turns":6.0},{"damage":0.0,"enemies":"Gremlin Nob","floor":14.0,"turns":3.0},{"damage":4.0,"enemies":"The Guardian","floor":16.0,"turns":8.0},{"damage":8.0,"enemies":"Spheric Guardian","floor":18.0,"turns":6.0},{"damage":0.0,"enemies":"2 Thieves","floor":20.0,"turns":4.0},{"damage":6.0,"enemies":"Snecko","floor":22.0,"turns":5.0},{"damage":4.0,"enemies":"Slavers","floor":24.0,"turns":8.0},{"damage":0.0,"enemies":"3 Cultists","floor":28.0,"turns":3.0},{"damage":0.0,"enemies":"Cultist and Chosen","floor":29.0,"turns":3.0},{"damage":5.0,"enemies":"Book of Stabbing","floor":30.0,"turns":2.0},{"damage":0.0,"enemies":"Snake Plant","floor":31.0,"turns":2.0},{"damage":22.0,"enemies":"Collector","floor":33.0,"turns":4.0},{"damage":0.0,"enemies":"3 Darklings","floor":35.0,"turns":2.0},{"damage":0.0,"enemies":"3 Shapes","floor":36.0,"turns":7.0},{"damage":5.0,"enemies":"Jaw Worm Horde","floor":37.0,"turns":2.0},{"damage":0.0,"enemies":"Sphere and 2 Shapes","floor":39.0,"turns":3.0},{"damage":3.0,"enemies":"Giant Head","floor":41.0,"turns":4.0},{"damage":0.0,"enemies":"2 Orb Walkers","floor":44.0,"turns":2.0},{"damage":0.0,"enemies":"Writhing Mass","floor":46.0,"turns":2.0},{"damage":0.0,"enemies":"4 Shapes","floor":47.0,"turns":5.0},{"damage":9.0,"enemies":"Maw","floor":48.0,"turns":3.0},{"damage":15.0,"enemies":"Awakened One","floor":50.0,"turns":8.0},{"damage":19,"enemies":"Time Eater","floor":51,"turns":6},{"damage":29,"enemies":"Shield and Spear","floor":55,"turns":5},{"damage":53,"enemies":"The Heart","floor":56,"turns":3}],"green_key_taken_log":41,"seed_played":"3948724460464399239","neow_bonus_log":{"cardsObtained":["Terror","Bane"],"cardsUpgraded":[],"cardsRemoved":[],"cardsTransformed":["Defend_G","Defend_G"],"relicsObtained":[],"maxHpGained":0,"goldGained":0,"damageTaken":15,"goldLost":0,"maxHpLost":0},"potions_obtained":[{"floor":1.0,"key":"Ancient Potion"},{"floor":4.0,"key":"DuplicationPotion"},{"floor":12.0,"key":"BlessingOfTheForge"},{"floor":14.0,"key":"Fruit Juice"},{"floor":18.0,"key":"Weak Potion"},{"floor":20.0,"key":"Fire Potion"},{"floor":37.0,"key":"Weak Potion"},{"floor":55,"key":"Energy Potion"}],"is_trial":false,"path_per_floor":["M","M","M","M","?","R","E","?","T","R","?","E","$","E","R","B",null,"M","?","M","?","M","R","E","$","T","?","M","M","E","M","R","B",null,"M","M","M","$","M","R","E","R","T","?","R","M","M","M","R","B","B",null,"R","$","E","B"],"character_chosen":"THE_SILENT","basemod:card_modifiers":[null,null,null,null,null,null,null,null,null,null,null,null,null,null,null,null,null,null,null,null,null,null,null,null,null,null,null,null,null,null,null,null],"items_purchased":["Well Laid Plans","Bouncing Flask","Leg Sweep","Calculated Gamble","Secret Technique+1","Concentrate+1","Lantern"],"campfire_rested":3,"item_purchase_floors":[13,13,13,25,38,38,54],"current_hp_per_floor":[44,40,36,29,29,47,40,35,35,53,53,36,36,36,36,32,53,50,50,50,50,44,44,40,40,40,40,40,40,35,37,37,17,53,55,57,54,54,56,56,55,55,55,57,57,59,61,54,54,41,24,55,65,65,36,0],"gold":118,"neow_bonus":"TRANSFORM_TWO_CARDS","is_prod":false,"is_daily":false,"rewards_skipped":[{"floor":31,"relics":[],"potions":["Explosive Potion"]},{"floor":33,"relics":[],"potions":["Ancient Potion"]},{"floor":46,"relics":[],"potions":["FearPotion"]},{"floor":48,"relics":[],"potions":["SpeedPotion"]}],"chose_seed":false,"campfire_upgraded":6,"win_rate":0,"floor_exit_playtime":[134,190,261,307,312,320,388,395,397,414,418,525,585,655,675,949,984,1229,1245,1411,1432,1537,1556,1801,1859,1861,1870,1960,2033,2142,2207,2321,2566,2591,2727,2881,2995,3038,3201,3221,3438,3447,3451,3590,3601,3739,3964,4188,4191,4528,4965,4976,4984,5022,5371],"timestamp":1740688752,"blue_key_relic_skipped_log":{"floor":43,"relicID":"Bird Faced Urn"},"path_taken":["M","M","M","M","?","R","E","?","T","R","?","E","$","E","R","BOSS","M","?","M","?","M","R","E","$","T","?","?","M","E","M","R","BOSS","M","M","?","$","M","R","E","R","T","?","R","M","M","M","R","BOSS","BOSS","R","$","E","BOSS"],"build_version":"2022-12-18","purchased_purges":2,"victory":false,"max_hp_per_floor":[66,66,66,66,60,60,60,60,60,60,60,60,60,60,60,60,60,65,65,65,65,65,65,65,65,65,65,65,65,65,65,65,65,65,65,65,65,65,65,65,65,65,65,65,65,65,65,65,65,65,65,65,65,65,65,65],"relic_stats":{"Ice Cream":[40],"Calipers":[18],"counters":[30,123],"Golden Idol":193,"Astrolabe":["Bane","Reflex","Storm of Steel"],"The Courier":138,"Bag of Preparation":[50],"Whetstone":["Dagger Throw","Strike_G"],"Orichalcum":[168],"Blood Vial":28,"Nunchaku":[0],"obtain_stats":[{"Ice Cream":44,"Lantern":54,"Calipers":41,"Golden Idol":5,"Astrolabe":17,"The Courier":24,"Bag of Preparation":9,"Whetstone":7,"Orichalcum":14,"Akabeko":8,"Blood Vial":30,"Nunchaku":55,"Toxic Egg 2":26,"TungstenRod":12,"Ring of the Snake":0,"Runic Pyramid":34},{"Ice Cream":23,"Lantern":28,"Calipers":22,"Golden Idol":4,"Astrolabe":8,"The Courier":12,"Bag of Preparation":5,"Whetstone":5,"Orichalcum":7,"Akabeko":5,"Blood Vial":15,"Nunchaku":29,"Toxic Egg 2":12,"TungstenRod":6,"Ring of the Snake":0,"Runic Pyramid":17},{"Ice Cream":91,"Lantern":115,"Calipers":89,"Golden Idol":13,"Astrolabe":34,"The Courier":57,"Bag of Preparation":17,"Whetstone":17,"Orichalcum":26,"Akabeko":17,"Blood Vial":65,"Nunchaku":120,"Toxic Egg 2":57,"TungstenRod":23,"Ring of the Snake":0,"Runic Pyramid":71}],"TungstenRod":45,"Ring of the Snake":[60]},"card_choices":[{"not_picked":["Riddle With Holes","Outmaneuver"],"picked":"Dagger Throw","floor":1.0},{"not_picked":["Cloak And Dagger","Dagger Throw"],"picked":"Noxious Fumes","floor":2.0},{"not_picked":["Deadly Poison","Poisoned Stab"],"picked":"Underhanded Strike","floor":3.0},{"not_picked":["Deflect","PiercingWail"],"picked":"Backflip","floor":4.0},{"not_picked":["Slice","Blur"],"picked":"Phantasmal Killer","floor":7.0},{"not_picked":["Terror","Poisoned Stab"],"picked":"Acrobatics","floor":12.0},{"not_picked":["Distraction","Underhanded Strike"],"picked":"PiercingWail","floor":14.0},{"not_picked":["A Thousand Cuts","Unload"],"picked":"Venomology","floor":16.0},{"not_picked":["Dagger Throw","Poisoned Stab"],"picked":"Backflip","floor":18.0},{"not_picked":["Skewer","Flechettes","PiercingWail"],"picked":"SKIP","floor":20.0},{"not_picked":["Backflip","Sucker Punch","Deflect"],"picked":"SKIP","floor":22.0},{"not_picked":["Infinite Blades","Unload","Underhanded Strike"],"picked":"SKIP","floor":24.0},{"not_picked":["Infinite Blades","Unload","Underhanded Strike"],"picked":"SKIP","floor":24.0},{"not_picked":["Slice","Well Laid Plans"],"picked":"Acrobatics+1","floor":28.0},{"not_picked":["Eviscerate","Deadly Poison+1"],"picked":"Tactician+1","floor":29.0},{"not_picked":["Escape Plan+1","Bane"],"picked":"Tactician+1","floor":30.0},{"not_picked":["Endless Agony","Choke","Masterful Stab"],"picked":"SKIP","floor":31.0},{"not_picked":["Storm of Steel+1","Phantasmal Killer+1"],"picked":"Adrenaline+1","floor":33.0},{"not_picked":["Bouncing Flask+1","Poisoned Stab+1"],"picked":"PiercingWail+1","floor":35.0},{"not_picked":["Bane","Deadly Poison+1","Dagger Throw"],"picked":"SKIP","floor":36.0},{"not_picked":["Finisher","Deflect+1","Deadly Poison+1"],"picked":"SKIP","floor":37.0},{"not_picked":["Sucker Punch+1","Catalyst+1","Backstab+1"],"picked":"SKIP","floor":39.0},{"not_picked":["Endless Agony+1","Backflip+1","Predator"],"picked":"SKIP","floor":41.0},{"not_picked":["Sucker Punch","Bane"],"picked":"Outmaneuver+1","floor":44.0},{"not_picked":["Flying Knee","Dagger Spray"],"picked":"Catalyst+1","floor":46.0},{"not_picked":["Tools of the Trade","Choke","Crippling Poison+1"],"picked":"SKIP","floor":47.0},{"not_picked":["Eviscerate","Dodge and Roll+1","Masterful Stab"],"picked":"SKIP","floor":48.0},{"not_picked":["Heel Hook","Corpse Explosion+1"],"picked":"Escape Plan+1","floor":55}],"player_experience":2819338,"relics_obtained":[{"floor":7.0,"key":"Whetstone"},{"floor":9.0,"key":"Bag of Preparation"},{"floor":12.0,"key":"TungstenRod"},{"floor":14.0,"key":"Orichalcum"},{"floor":24.0,"key":"The Courier"},{"floor":26.0,"key":"Toxic Egg 2"},{"floor":30.0,"key":"Blood Vial"},{"floor":41.0,"key":"Calipers"},{"floor":44.0,"key":"Ice Cream"},{"floor":55,"key":"Nunchaku"}],"event_choices":[{"damage_healed":0.0,"max_hp_gain":0.0,"max_hp_loss":6.0,"gold_gain":0.0,"event_name":"Golden Idol","player_choice":"Lose Max HP","floor":5.0,"gold_loss":0.0,"damage_taken":0.0,"relics_obtained":["Golden Idol"]},{"damage_healed":0.0,"max_hp_gain":0.0,"max_hp_loss":0.0,"gold_gain":0.0,"event_name":"Scrap Ooze","player_choice":"Success","floor":8.0,"gold_loss":0.0,"damage_taken":5.0,"relics_obtained":["Akabeko"]},{"damage_healed":0.0,"max_hp_gain":0.0,"max_hp_loss":0.0,"gold_gain":50.0,"event_name":"Golden Shrine","player_choice":"Pray","floor":11.0,"gold_loss":0.0,"damage_taken":0.0},{"cards_removed":["Strike_G"],"damage_healed":0.0,"max_hp_gain":0.0,"max_hp_loss":0.0,"gold_gain":0.0,"event_name":"Back to Basics","player_choice":"Elegance","floor":19.0,"gold_loss":0.0,"damage_taken":0.0},{"cards_removed":["Defend_G"],"damage_healed":0.0,"max_hp_gain":0.0,"max_hp_loss":0.0,"gold_gain":0.0,"event_name":"Beggar","player_choice":"Gave Gold","floor":21.0,"gold_loss":75.0,"damage_taken":0.0},{"damage_healed":0.0,"max_hp_gain":0.0,"max_hp_loss":0.0,"gold_gain":0.0,"cards_transformed":["Defend_G"],"event_name":"Transmorgrifier","player_choice":"Transformed","floor":27.0,"gold_loss":0.0,"damage_taken":0.0,"cards_obtained":["Envenom"]},{"damage_healed":0.0,"max_hp_gain":0.0,"max_hp_loss":0.0,"gold_gain":0.0,"event_name":"Mysterious Sphere","player_choice":"Fight","floor":44.0,"gold_loss":0.0,"damage_taken":0.0}],"is_beta":false,"boss_relics":[{"not_picked":["Tiny House","SlaversCollar"],"picked":"Astrolabe"},{"not_picked":["WristBlade","HoveringKite"],"picked":"Runic Pyramid"}],"items_purged_floors":[25,38],"is_endless":false,"potions_floor_spawned":[1,4,12,14,18,20,31,33,37,46,48,55],"killed_by":"The Heart","ascension_level":20,"potion_discard_per_floor":[[],[],[],[],[],[],[],[],[],[],[],[],[],[],[],[],[],["BlessingOfTheForge"],[],["Weak Potion"],[],[],[],[],[],[],[],[],[],[],[],[],[],[],[],[],[],[],[],[],[],[],[],[],[],[],[],[],[],[],[],[],[],[],[],[]]}