{"neow_bonuses_skipped_log":["THREE_SMALL_POTIONS","TRANSFORM_TWO_CARDS","BOSS_RELIC"],"neow_costs_skipped_log":["NONE","CURSE","NONE"],"potions_obtained_entropic_brew":[[],[],[],[],[],[],[]],"gold_per_floor":[114,125,125,144,162,162,162],"floor_reached":7,"playtime":237,"items_purged":[],"score":86,"play_id":"86aa17c3-47bd-4f15-8681-e7c9e4ac115e","local_time":"20250227154323","score_breakdown":["Floors Climbed (7): 35","Enemies Slain (4): 8","Exordium Elites Killed (0): 0","Bosses Slain (0): 0","Ascension (20): 43"],"is_ascension_mode":true,"potions_obtained_alchemize":[[],[],[],[],[],[],["Swift Potion"]],"campfire_choices":[{"data":"Venomology","floor":6,"key":"SMITH"}],"lesson_learned_per_floor":[[],[],[],[],[],[],[]],"neow_cost":"NONE","improvable_cards":{},"seed_source_timestamp":1334025351473800,"shop_contents":[],"circlet_count":0,"master_deck":["AscendersBane","Strike_G","Strike_G","Strike_G","Strike_G","Strike_G","Defend_G","Defend_G","Defend_G","Defend_G","Survivor","Neutralize","Underhanded Strike","Cloak And Dagger","Prepared","Masterful Stab","Venomology+1"],"potion_use_per_floor":[[],[],[],[],[],[],["Swift Potion"]],"relics":["Ring of the Snake","Golden Idol"],"potions_floor_usage":[7],"damage_taken":[{"damage":4,"enemies":"Jaw Worm","floor":1,"turns":4},{"damage":0,"enemies":"2 Louse","floor":2,"turns":3},{"damage":0,"enemies":"Cultist","floor":4,"turns":3},{"damage":6,"enemies":"3 Louse","floor":5,"turns":4},{"damage":76,"enemies":"Gremlin Nob","floor":7,"turns":4}],"seed_played":"-4162538523224772716","neow_bonus_log":{"cardsObtained":["Underhanded Strike"],"cardsUpgraded":[],"cardsRemoved":[],"cardsTransformed":["Defend_G"],"relicsObtained":[],"maxHpGained":0,"goldGained":0,"damageTaken":0,"goldLost":0,"maxHpLost":0},"potions_obtained":[{"floor":2,"key":"Dexterity Potion"}],"is_trial":false,"path_per_floor":["M","M","?","M","M","R","E"],"character_chosen":"THE_SILENT","basemod:card_modifiers":[null,null,null,null,null,null,null,null,null,null,null,null,null,null,null,null,null],"items_purchased":[],"campfire_rested":0,"item_purchase_floors":[],"current_hp_per_floor":[55,55,55,55,49,49,0],"gold":162,"neow_bonus":"TRANSFORM_CARD","is_prod":false,"is_daily":false,"rewards_skipped":[],"chose_seed":false,"campfire_upgraded":1,"win_rate":0,"floor_exit_playtime":[59,87,91,117,174,189],"timestamp":1740689003,"path_taken":["M","M","?","M","M","R","E"],"build_version":"2022-12-18","purchased_purges":0,"victory":false,"max_hp_per_floor":[66,66,60,60,60,60,60],"relic_stats":{"counters":[5,18],"Golden Idol":8,"obtain_stats":[{"Golden Idol":3,"Ring of the Snake":0},{"Golden Idol":2,"Ring of the Snake":0},{"Golden Idol":7,"Ring of the Snake":0}],"Ring of the Snake":[10]},"card_choices":[{"not_picked":["Backflip","PiercingWail"],"picked":"Cloak And Dagger","floor":1},{"not_picked":["Poisoned Stab","Distraction"],"picked":"Prepared","floor":2},{"not_picked":["Slice","Dodge and Roll"],"picked":"Masterful Stab","floor":4},{"not_picked":["Dagger Throw","Backflip"],"picked":"Venomology","floor":5}],"player_experience":2825001,"relics_obtained":[],"event_choices":[{"damage_healed":0,"gold_gain":0,"player_choice":"Lose Max HP","damage_taken":0,"relics_obtained":["Golden Idol"],"max_hp_gain":0,"max_hp_loss":6,"event_name":"Golden Idol","floor":3,"gold_loss":0}],"is_beta":false,"boss_relics":[],"items_purged_floors":[],"is_endless":false,"potions_floor_spawned":[2],"killed_by":"Gremlin Nob","ascension_level":20,"potion_discard_per_floor":[[],[],[],[],[],[],[]]}