{"neow_bonuses_skipped_log":["UPGRADE_CARD","THREE_ENEMY_KILL","THREE_RARE_CARDS"],"neow_costs_skipped_log":["NONE","NONE","NO_GOLD"],"potions_obtained_entropic_brew":[[],[],[],[],[],[],[],[],[],[],[],[],[],[],[],[],[],[],[],[],[],[],[],[],[],[],[]],"gold_per_floor":[111,111,186,336,261,261,276,276,276,30,30,42,60,72,72,143,193,205,218,143,43,93,93,125,0,0,0],"floor_reached":27,"playtime":1631,"items_purged":["Strike_G","Strike_G","Strike_G"],"score":438,"play_id":"58cca366-5c4d-4966-bac3-ae3b5de8241a","local_time":"20250510112733","score_breakdown":["Floors Climbed (27): 135","Enemies Slain (7): 14","Exordium Elites Killed (0): 0","City Elites Killed (1): 20","Bosses Slain (1): 50","Ascension (20): 219"],"is_ascension_mode":true,"potions_obtained_alchemize":[[],[],[],[],[],[],[],[],[],[],[],[],[],[],[],[],[],[],[],[],[],[],[],[],[],[],[]],"campfire_choices":[{"floor":6,"key":"REST"},{"data":"All Out Attack","floor":8,"key":"SMITH"},{"data":"Calculated Gamble","floor":11,"key":"SMITH"},{"data":"Prepared","floor":15,"key":"SMITH"},{"floor":23,"key":"REST"}],"lesson_learned_per_floor":[[],[],[],[],[],[],[],[],[],[],[],[],[],[],[],[],[],[],[],[],[],[],[],[],[],[],[]],"neow_cost":"NONE","improvable_cards":{},"seed_source_timestamp":69731821737000,"shop_contents":[{"floor":10,"relics":["Lantern","Juzu Bracelet","Medical Kit"],"cards":["Slice","Poisoned Stab","Caltrops","Finesse","Mayhem"],"potions":["FearPotion","Weak Potion","SmokeBomb"]},{"floor":21,"relics":["Anchor","Snake Skull","TwistedFunnel"],"cards":["Quick Slash","Heel Hook","Catalyst","Blade Dance","Accuracy","Forethought","Panache"],"potions":["Regen Potion","SteroidPotion","Explosive Potion"]},{"floor":25,"relics":["Pen Nib","StrikeDummy","ClockworkSouvenir"],"cards":["Heel Hook","Bane","Outmaneuver","Terror","Well Laid Plans","Blind","Sadistic Nature"],"potions":["SpeedPotion","SteroidPotion","Swift Potion"]}],"circlet_count":0,"master_deck":["AscendersBane","Strike_G+1","Defend_G","Defend_G","Defend_G","Defend_G","Survivor","Neutralize","PiercingWail","All Out Attack+1","Leg Sweep","Calculated Gamble+1","Prepared+1","Heel Hook","Terror","Doppelganger","Heel Hook","Underhanded Strike"],"potion_use_per_floor":[[],[],[],[],[],[],[],[],[],[],[],[],[],[],[],["Explosive Potion"],[],[],[],[],[],[],[],["GamblersBrew","GhostInAJar"],[],[],[]],"relics":["HoveringKite","Matryoshka","Tiny House","Dream Catcher","Ornamental Fan","Omamori"],"potions_floor_usage":[16,24,24],"damage_taken":[{"damage":7,"enemies":"Small Slimes","floor":1,"turns":4},{"damage":0,"enemies":"2 Louse","floor":7,"turns":4},{"damage":1,"enemies":"Jaw Worm","floor":12,"turns":4},{"damage":7,"enemies":"3 Louse","floor":13,"turns":4},{"damage":0,"enemies":"Gremlin Gang","floor":14,"turns":3},{"damage":12,"enemies":"The Guardian","floor":16,"turns":14},{"damage":14,"enemies":"Shell Parasite","floor":18,"turns":11},{"damage":26,"enemies":"Spheric Guardian","floor":19,"turns":9},{"damage":17,"enemies":"Gremlin Leader","floor":24,"turns":8},{"damage":29,"enemies":"Cultist and Chosen","floor":27,"turns":4}],"seed_played":"3423326666687151286","neow_bonus_log":{"cardsObtained":[],"cardsUpgraded":[],"cardsRemoved":[],"cardsTransformed":[],"relicsObtained":["HoveringKite"],"maxHpGained":0,"goldGained":0,"damageTaken":0,"goldLost":0,"maxHpLost":0},"potions_obtained":[{"floor":7,"key":"Weak Potion"},{"floor":13,"key":"GamblersBrew"},{"floor":14,"key":"Explosive Potion"},{"floor":17,"key":"GhostInAJar"},{"floor":24,"key":"Poison Potion"}],"is_trial":false,"path_per_floor":["M","?","?","?","?","R","M","R","T","$","R","M","M","M","R","B",null,"M","M","?","$","?","R","E","$","T","M"],"character_chosen":"THE_SILENT","basemod:card_modifiers":[null,null,null,null,null,null,null,null,null,null,null,null,null,null,null,null,null,null],"items_purchased":["Leg Sweep","Calculated Gamble"],"campfire_rested":2,"item_purchase_floors":[10,10],"current_hp_per_floor":[52,45,34,34,34,53,53,53,53,53,53,52,45,45,45,33,63,49,23,23,23,16,37,20,20,20,0],"gold":0,"neow_bonus":"BOSS_RELIC","is_prod":false,"is_daily":false,"rewards_skipped":[{"floor":19,"relics":[],"potions":["SteroidPotion"]}],"chose_seed":false,"campfire_upgraded":3,"win_rate":0,"floor_exit_playtime":[286,305,307,319,342,347,394,399,404,450,455,496,560,618,624,968,1010,1162,1308,1319,1337,1343,1351,1546,1557,1565],"timestamp":1746890853,"path_taken":["M","?","?","?","?","R","M","R","T","$","R","M","M","?","R","BOSS","M","M","?","$","?","R","E","$","T","M"],"build_version":"2022-12-18","purchased_purges":3,"victory":false,"max_hp_per_floor":[66,66,66,66,66,66,66,66,66,66,66,66,66,66,66,66,71,71,71,71,71,71,71,71,71,71,71],"relic_stats":{"Dream Catcher":0,"Matryoshka":1,"counters":[10,65],"Ornamental Fan":[8],"HoveringKite":[37],"Omamori":0,"obtain_stats":[{"Dream Catcher":24,"Matryoshka":9,"Tiny House":17,"Ornamental Fan":26,"HoveringKite":0,"Omamori":26,"Ring of the Snake":0},{"Dream Catcher":9,"Matryoshka":2,"Tiny House":6,"Ornamental Fan":9,"HoveringKite":0,"Omamori":9,"Ring of the Snake":0},{"Dream Catcher":61,"Matryoshka":8,"Tiny House":33,"Ornamental Fan":61,"HoveringKite":0,"Omamori":61,"Ring of the Snake":0}]},"card_choices":[{"not_picked":["Outmaneuver","Distraction"],"picked":"PiercingWail","floor":1},{"not_picked":["Cloak And Dagger","PiercingWail"],"picked":"All Out Attack","floor":7},{"not_picked":["Flying Knee","Dagger Throw"],"picked":"Prepared","floor":12},{"not_picked":["Flechettes","Blur"],"picked":"Heel Hook","floor":13},{"not_picked":["Dagger Throw","Catalyst"],"picked":"Terror","floor":14},{"not_picked":["Envenom","Malaise"],"picked":"Doppelganger","floor":16},{"not_picked":["Concentrate","Underhanded Strike"],"picked":"Heel Hook","floor":17},{"not_picked":["Blur","Flechettes","Quick Slash"],"picked":"SKIP","floor":18},{"not_picked":["Deflect","Bouncing Flask"],"picked":"Underhanded Strike","floor":19},{"not_picked":["Outmaneuver","Cloak And Dagger","Distraction"],"picked":"SKIP","floor":24}],"player_experience":2833881,"relics_obtained":[{"floor":9,"key":"Matryoshka"},{"floor":24,"key":"Dream Catcher"},{"floor":26,"key":"Ornamental Fan"},{"floor":26,"key":"Omamori"}],"event_choices":[{"cards_removed":["Defend_G"],"damage_healed":0,"gold_gain":0,"player_choice":"Card Removal","damage_taken":7,"max_hp_gain":0,"max_hp_loss":0,"event_name":"Golden Wing","floor":2,"gold_loss":0},{"damage_healed":0,"gold_gain":75,"player_choice":"Gather Gold","damage_taken":11,"max_hp_gain":0,"max_hp_loss":0,"event_name":"World of Goop","floor":3,"gold_loss":0},{"damage_healed":0,"gold_gain":150,"player_choice":"AGREE","damage_taken":0,"max_hp_gain":0,"max_hp_loss":0,"event_name":"Liars Game","floor":4,"gold_loss":0,"cards_obtained":["Doubt"]},{"cards_removed":["Doubt"],"damage_healed":0,"gold_gain":0,"player_choice":"Card Removal","damage_taken":0,"max_hp_gain":0,"max_hp_loss":0,"event_name":"The Cleric","floor":5,"gold_loss":75},{"cards_removed":["Strike_G"],"damage_healed":0,"gold_gain":0,"player_choice":"Gave Gold","damage_taken":0,"max_hp_gain":0,"max_hp_loss":0,"event_name":"Beggar","floor":20,"gold_loss":75},{"damage_healed":0,"gold_gain":50,"player_choice":"Touch","damage_taken":7,"max_hp_gain":0,"max_hp_loss":0,"event_name":"FaceTrader","floor":22,"gold_loss":0}],"is_beta":false,"boss_relics":[{"not_picked":["Snecko Eye","WristBlade"],"picked":"Tiny House"}],"items_purged_floors":[10,21,25],"is_endless":false,"potions_floor_spawned":[7,13,14,19,24],"killed_by":"Cultist and Chosen","ascension_level":20,"potion_discard_per_floor":[[],[],[],[],[],[],[],[],[],[],[],[],[],["Weak Potion"],[],[],[],[],[],[],[],[],[],[],[],[],[]]}