{"neow_bonuses_skipped_log":["THREE_CARDS","THREE_ENEMY_KILL","BOSS_RELIC"],"neow_costs_skipped_log":["NONE","NONE","NONE"],"potions_obtained_entropic_brew":[[],[],[],[],[],[],[],[],[],[],[],[],[],[],[],[],[],[],[],[],[],[],[],[]],"gold_per_floor":[111,129,48,63,83,83,118,135,135,148,148,161,190,190,190,267,267,279,279,279,289,303,303,303],"floor_reached":24,"playtime":1263,"items_purged":[],"score":420,"play_id":"3c865fd0-053e-453b-8ab5-63716fa57bb7","local_time":"20250510114844","score_breakdown":["Floors Climbed (24): 120","Enemies Slain (10): 20","Exordium Elites Killed (2): 20","City Elites Killed (0): 0","Bosses Slain (1): 50","Ascension (20): 210"],"is_ascension_mode":true,"potions_obtained_alchemize":[[],[],[],[],[],[],[],[],[],[],[],[],[],[],[],[],[],[],[],[],[],[],[],[]],"campfire_choices":[{"data":"Dagger Spray","floor":6,"key":"SMITH"},{"floor":11,"key":"REST"},{"floor":15,"key":"REST"},{"data":"Wraith Form v2","floor":23,"key":"SMITH"}],"lesson_learned_per_floor":[[],[],[],[],[],[],[],[],[],[],[],[],[],[],[],[],[],[],[],[],[],[],[],[]],"neow_cost":"TEN_PERCENT_HP_LOSS","improvable_cards":{"RitualDagger":[24]},"seed_source_timestamp":71371336566600,"shop_contents":[{"floor":3,"relics":["Juzu Bracelet","White Beast Statue","TheAbacus"],"cards":["Quick Slash","Eviscerate","Cloak And Dagger","Infinite Blades","Impatience","The Bomb"],"potions":["BlessingOfTheForge","DistilledChaos","ColorlessPotion"]}],"circlet_count":0,"master_deck":["AscendersBane","Strike_G","Strike_G","Strike_G","Strike_G","Strike_G","Defend_G","Defend_G","Defend_G","Defend_G+1","Defend_G","Survivor","Neutralize","Predator","Well Laid Plans","Terror","Dagger Spray+1","Noxious Fumes","Leg Sweep","Deadly Poison","Catalyst","Footwork+1","Adrenaline","Acrobatics","Ghostly","Ghostly","Ghostly","RitualDagger","Crippling Poison","Wraith Form v2+1"],"potion_use_per_floor":[[],[],[],[],[],[],[],[],[],["SteroidPotion"],[],[],["LiquidMemories"],[],[],[],[],["AttackPotion"],[],[],["SteroidPotion"],[],[],["PowerPotion"]],"relics":["Ring of the Snake","Calipers","Vajra","Pocketwatch","Philosopher\u0027s Stone"],"potions_floor_usage":[10,13,18,21,24],"damage_taken":[{"damage":1,"enemies":"Cultist","floor":1,"turns":4},{"damage":2,"enemies":"Small Slimes","floor":2,"turns":3},{"damage":1,"enemies":"Jaw Worm","floor":4,"turns":3},{"damage":2,"enemies":"Looter","floor":5,"turns":4},{"damage":28,"enemies":"Gremlin Nob","floor":7,"turns":4},{"damage":3,"enemies":"Large Slime","floor":8,"turns":8},{"damage":9,"enemies":"Exordium Thugs","floor":10,"turns":5},{"damage":0,"enemies":"2 Fungi Beasts","floor":12,"turns":3},{"damage":10,"enemies":"3 Sentries","floor":13,"turns":3},{"damage":3,"enemies":"Hexaghost","floor":16,"turns":9},{"damage":29,"enemies":"3 Byrds","floor":18,"turns":5},{"damage":6,"enemies":"Shell Parasite","floor":21,"turns":6},{"damage":0,"enemies":"Snake Plant","floor":22,"turns":5},{"damage":15,"enemies":"Slavers","floor":24,"turns":1}],"seed_played":"-5927864106433239412","neow_bonus_log":{"cardsObtained":[],"cardsUpgraded":[],"cardsRemoved":[],"cardsTransformed":[],"relicsObtained":["Calipers"],"maxHpGained":0,"goldGained":0,"damageTaken":0,"goldLost":0,"maxHpLost":6},"potions_obtained":[{"floor":7,"key":"SteroidPotion"},{"floor":10,"key":"LiquidMemories"},{"floor":12,"key":"AttackPotion"},{"floor":13,"key":"SteroidPotion"},{"floor":22,"key":"PowerPotion"}],"is_trial":false,"path_per_floor":["M","M","$","M","M","R","E","M","T","M","R","M","E","?","R","B",null,"M","?","?","M","M","R","E"],"character_chosen":"THE_SILENT","basemod:card_modifiers":[null,null,null,null,null,null,null,null,null,null,null,null,null,null,null,null,null,null,null,null,null,null,null,null,null,null,null,null,null,null],"items_purchased":["Terror"],"campfire_rested":2,"item_purchase_floors":[3],"current_hp_per_floor":[58,56,56,55,53,53,25,22,22,13,31,31,21,3,21,18,50,21,21,15,9,9,9,0],"gold":303,"neow_bonus":"ONE_RARE_RELIC","is_prod":false,"is_daily":false,"rewards_skipped":[],"chose_seed":false,"campfire_upgraded":2,"win_rate":0,"floor_exit_playtime":[48,78,90,128,170,323,381,463,470,590,596,643,691,696,697,815,863,995,997,1010,1132,1227,1237],"timestamp":1746892124,"blue_key_relic_skipped_log":{"floor":9,"relicID":"Darkstone Periapt"},"path_taken":["M","?","$","M","M","R","E","M","T","M","R","M","E","?","R","BOSS","M","?","?","M","M","R","E"],"build_version":"2022-12-18","purchased_purges":0,"victory":false,"max_hp_per_floor":[60,60,60,60,60,60,60,60,60,60,60,60,60,60,60,60,60,60,30,30,30,30,30,30],"relic_stats":{"Calipers":[0],"counters":[14,63],"obtain_stats":[{"Calipers":0,"Vajra":7,"Philosopher\u0027s Stone":17,"Ring of the Snake":0,"Pocketwatch":13},{"Calipers":0,"Vajra":5,"Philosopher\u0027s Stone":10,"Ring of the Snake":0,"Pocketwatch":9},{"Calipers":0,"Vajra":18,"Philosopher\u0027s Stone":46,"Ring of the Snake":0,"Pocketwatch":37}],"Ring of the Snake":[28],"Pocketwatch":[51]},"card_choices":[{"not_picked":["Prepared","Quick Slash"],"picked":"Predator","floor":1},{"not_picked":["Backflip","Quick Slash"],"picked":"Well Laid Plans","floor":2},{"not_picked":["Deadly Poison","Dagger Throw"],"picked":"Dagger Spray","floor":4},{"not_picked":["Dagger Spray","Deflect"],"picked":"Noxious Fumes","floor":5},{"not_picked":["Noxious Fumes","Dagger Spray"],"picked":"Leg Sweep","floor":7},{"not_picked":["Doppelganger","Poisoned Stab"],"picked":"Deadly Poison","floor":8},{"not_picked":["Sucker Punch","Prepared","Expertise"],"picked":"SKIP","floor":10},{"not_picked":["PiercingWail","Blade Dance"],"picked":"Catalyst","floor":12},{"not_picked":["Infinite Blades","Poisoned Stab"],"picked":"Footwork","floor":13},{"not_picked":["Unload","Bullet Time"],"picked":"Adrenaline","floor":16},{"not_picked":["PiercingWail","Accuracy"],"picked":"Acrobatics","floor":18},{"not_picked":["Accuracy","Deadly Poison"],"picked":"Crippling Poison","floor":21},{"not_picked":["Dagger Spray","Acrobatics"],"picked":"Wraith Form v2","floor":22}],"player_experience":2835512,"relics_obtained":[{"floor":7,"key":"Vajra"},{"floor":13,"key":"Pocketwatch"}],"event_choices":[{"damage_healed":0,"gold_gain":0,"player_choice":"Entered Light","damage_taken":18,"max_hp_gain":0,"max_hp_loss":0,"event_name":"Shining Light","floor":14,"gold_loss":0,"cards_upgraded":["Defend_G","Footwork"]},{"damage_healed":0,"gold_gain":0,"player_choice":"Became a Ghost","damage_taken":0,"max_hp_gain":0,"max_hp_loss":30,"event_name":"Ghosts","floor":19,"gold_loss":0,"cards_obtained":["Ghostly","Ghostly","Ghostly"]},{"damage_healed":0,"gold_gain":0,"player_choice":"Joined the Cult","damage_taken":6,"max_hp_gain":0,"max_hp_loss":0,"event_name":"Nest","floor":20,"gold_loss":0,"cards_obtained":["RitualDagger"]}],"is_beta":false,"boss_relics":[{"not_picked":["SlaversCollar","Calling Bell"],"picked":"Philosopher\u0027s Stone"}],"items_purged_floors":[],"is_endless":false,"potions_floor_spawned":[7,10,12,13,22],"killed_by":"Slavers","ascension_level":20,"potion_discard_per_floor":[[],[],[],[],[],[],[],[],[],[],[],[],[],[],[],[],[],[],[],[],[],[],[],[]]}