{"neow_bonuses_skipped_log":["TRANSFORM_CARD","TRANSFORM_TWO_CARDS","BOSS_RELIC"],"neow_costs_skipped_log":["NONE","NO_GOLD","NONE"],"potions_obtained_entropic_brew":[[],[],[],[],[],[],[],[],[],[],[],[],[],[],[],[],[],[],[],[],[],[],[]],"gold_per_floor":[110,125,137,154,180,180,195,33,108,119,169,169,197,207,207,278,278,253,253,94,44,60,60],"floor_reached":23,"playtime":1280,"items_purged":["Strike_G"],"score":386,"play_id":"21991ebb-8d52-455a-9899-7348dd73df39","local_time":"20250510122958","score_breakdown":["Floors Climbed (23): 115","Enemies Slain (9): 18","Exordium Elites Killed (1): 10","City Elites Killed (0): 0","Bosses Slain (1): 50","Ascension (20): 193"],"is_ascension_mode":true,"potions_obtained_alchemize":[[],[],[],[],[],[],[],[],[],[],[],[],[],[],[],[],[],[],[],[],[],[],[]],"campfire_choices":[{"data":"Bouncing Flask","floor":6,"key":"SMITH"},{"data":"Blade Dance","floor":12,"key":"SMITH"},{"floor":15,"key":"REST"}],"lesson_learned_per_floor":[[],[],[],[],[],[],[],[],[],[],[],[],[],[],[],[],[],[],[],[],[],[],[]],"neow_cost":"NONE","improvable_cards":{},"seed_source_timestamp":73828794814000,"shop_contents":[{"floor":8,"relics":["Tough Bandages","Dream Catcher"],"cards":["Heel Hook","Flechettes","Reflex","Acrobatics","A Thousand Cuts","Flash of Steel","Master of Strategy"],"potions":["BlessingOfTheForge","SpeedPotion","Dexterity Potion"]},{"floor":20,"relics":["Pocketwatch","Nunchaku","Cauldron"],"cards":["Poisoned Stab","Quick Slash","PiercingWail","Caltrops","Deep Breath","Magnetism"],"potions":["Energy Potion","Explosive Potion","Explosive Potion"]}],"circlet_count":0,"master_deck":["AscendersBane","Strike_G","Strike_G+1","Strike_G+1","Strike_G","Defend_G","Defend_G","Defend_G","Defend_G","Defend_G","Survivor","Neutralize","Blade Dance+1","Predator","Bouncing Flask+1","Backstab","PiercingWail","Well Laid Plans","Envenom","Bane","Corpse Explosion"],"potion_use_per_floor":[[],[],[],[],[],[],[],[],[],[],[],[],[],[],[],["Block Potion"],[],[],[],[],[],[],["CultistPotion"]],"relics":["Ring of the Snake","Whetstone","Snake Skull","ClockworkSouvenir","Pen Nib","HoveringKite"],"potions_floor_usage":[16,23],"damage_taken":[{"damage":4,"enemies":"Cultist","floor":1,"turns":5},{"damage":1,"enemies":"Small Slimes","floor":2,"turns":3},{"damage":1,"enemies":"2 Louse","floor":3,"turns":3},{"damage":1,"enemies":"Looter","floor":4,"turns":4},{"damage":8,"enemies":"Lots of Slimes","floor":7,"turns":3},{"damage":3,"enemies":"Exordium Thugs","floor":10,"turns":4},{"damage":27,"enemies":"3 Sentries","floor":13,"turns":8},{"damage":2,"enemies":"Exordium Wildlife","floor":14,"turns":3},{"damage":8,"enemies":"The Guardian","floor":16,"turns":8},{"damage":16,"enemies":"2 Thieves","floor":18,"turns":4},{"damage":0,"enemies":"Chosen","floor":22,"turns":3},{"damage":46,"enemies":"Slavers","floor":23,"turns":4}],"seed_played":"-8587357506813371305","neow_bonus_log":{"cardsObtained":[],"cardsUpgraded":[],"cardsRemoved":[],"cardsTransformed":[],"relicsObtained":["Whetstone"],"maxHpGained":0,"goldGained":0,"damageTaken":0,"goldLost":0,"maxHpLost":0},"potions_obtained":[{"floor":2,"key":"FairyPotion"},{"floor":3,"key":"Block Potion"},{"floor":10,"key":"CultistPotion"},{"floor":18,"key":"CultistPotion"}],"is_trial":false,"path_per_floor":["M","M","M","M","T","R","M","$","T","M","?","R","E","M","R","B",null,"M","?","$","?","M","E"],"character_chosen":"THE_SILENT","basemod:card_modifiers":[null,null,null,null,null,null,null,null,null,null,null,null,null,null,null,null,null,null,null,null,null],"items_purchased":["ClockworkSouvenir","Corpse Explosion"],"campfire_rested":1,"item_purchase_floors":[8,20],"current_hp_per_floor":[55,54,53,52,52,52,44,44,44,41,41,41,14,12,31,23,55,39,39,39,39,39,0],"gold":60,"neow_bonus":"RANDOM_COMMON_RELIC","is_prod":false,"is_daily":false,"rewards_skipped":[{"floor":14,"relics":[],"potions":["SpeedPotion"]}],"chose_seed":false,"campfire_upgraded":2,"win_rate":0,"floor_exit_playtime":[86,111,152,298,305,317,459,500,513,615,621,627,712,741,743,874,890,976,984,1007,1015,1209],"timestamp":1746894598,"blue_key_relic_skipped_log":{"floor":9,"relicID":"Bottled Flame"},"path_taken":["M","M","?","M","?","R","M","$","T","M","?","R","E","M","R","BOSS","M","?","$","?","M","E"],"build_version":"2022-12-18","purchased_purges":1,"victory":false,"max_hp_per_floor":[66,66,66,66,66,66,66,66,66,66,66,66,66,66,66,66,66,66,66,66,66,66,66],"relic_stats":{"counters":[12,52],"HoveringKite":[0],"Snake Skull":[34],"Pen Nib":[4],"Whetstone":["Strike_G","Strike_G"],"obtain_stats":[{"HoveringKite":17,"Snake Skull":5,"Pen Nib":13,"Whetstone":0,"Ring of the Snake":0,"ClockworkSouvenir":8},{"HoveringKite":9,"Snake Skull":4,"Pen Nib":7,"Whetstone":0,"Ring of the Snake":0,"ClockworkSouvenir":5},{"HoveringKite":41,"Snake Skull":15,"Pen Nib":30,"Whetstone":0,"Ring of the Snake":0,"ClockworkSouvenir":18}],"Ring of the Snake":[24]},"card_choices":[{"not_picked":["Deadly Poison","Cloak And Dagger"],"picked":"Blade Dance","floor":1},{"not_picked":["Deadly Poison","PiercingWail"],"picked":"Predator","floor":2},{"not_picked":["Heel Hook","Footwork"],"picked":"Bouncing Flask","floor":3},{"not_picked":["Cloak And Dagger","Riddle With Holes"],"picked":"Backstab","floor":4},{"not_picked":["Flying Knee","Dagger Throw","Heel Hook"],"picked":"SKIP","floor":7},{"not_picked":["Quick Slash","Bane","Caltrops"],"picked":"SKIP","floor":10},{"not_picked":["Bouncing Flask","Flechettes"],"picked":"PiercingWail","floor":13},{"not_picked":["Slice","Endless Agony"],"picked":"Well Laid Plans","floor":14},{"not_picked":["Bullet Time","Tools of the Trade"],"picked":"Envenom","floor":16},{"not_picked":["Well Laid Plans","Outmaneuver"],"picked":"Bane","floor":18},{"not_picked":["Setup","Dodge and Roll","Deadly Poison"],"picked":"SKIP","floor":22},{"not_picked":["Setup","Dodge and Roll","Deadly Poison"],"picked":"SKIP","floor":22}],"player_experience":2836775,"relics_obtained":[{"floor":5,"key":"Snake Skull"},{"floor":13,"key":"Pen Nib"}],"event_choices":[{"damage_healed":0,"gold_gain":50,"player_choice":"Pray","damage_taken":0,"max_hp_gain":0,"max_hp_loss":0,"event_name":"Golden Shrine","floor":11,"gold_loss":0},{"damage_healed":0,"gold_gain":0,"player_choice":"Ignored","damage_taken":0,"max_hp_gain":0,"max_hp_loss":0,"event_name":"The Mausoleum","floor":19,"gold_loss":0},{"damage_healed":0,"gold_gain":0,"player_choice":"Bet on Murderer","damage_taken":0,"max_hp_gain":0,"max_hp_loss":0,"event_name":"The Joust","floor":21,"gold_loss":50}],"is_beta":false,"boss_relics":[{"not_picked":["Ring of the Serpent","Velvet Choker"],"picked":"HoveringKite"}],"items_purged_floors":[20],"is_endless":false,"potions_floor_spawned":[2,3,10,14,18],"killed_by":"Slavers","ascension_level":20,"potion_discard_per_floor":[[],[],[],[],[],[],[],[],[],["FairyPotion"],[],[],[],[],[],[],[],[],[],[],[],[],[]]}