{"neow_bonuses_skipped_log":["THREE_SMALL_POTIONS","TWENTY_PERCENT_HP_BONUS","BOSS_RELIC"],"potions_obtained_entropic_brew":[[],[],[],[],[],[],[],[],[],[],[],[],[],[],[],[],[],[],[],[],[],[],[],[],[],[],[],[],[],[]],"neow_costs_skipped_log":["NONE","NO_GOLD","NONE"],"gold_per_floor":[118,118,131,22,33,33,45,45,45,73,53,53,65,94,94,170,170,188,199,64,77,77,77,97,129,206,216,216,216,216],"floor_reached":30,"playtime":2143,"items_purged":[],"score":570,"play_id":"6b434274-ba55-4a41-bbd2-e5c130eb1d6e","local_time":"20250508120653","score_breakdown":["Floors Climbed (30): 150","Enemies Slain (10): 20","Exordium Elites Killed (2): 20","City Elites Killed (1): 20","Bosses Slain (1): 50","Champion (1): 25","Ascension (20): 285"],"is_ascension_mode":true,"potions_obtained_alchemize":[[],[],[],[],[],[],[],[],[],[],[],[],[],[],[],[],[],[],[],[],[],[],[],[],[],[],[],[],[],[]],"campfire_choices":[{"data":"Blade Dance","floor":6,"key":"SMITH"},{"data":"Acrobatics","floor":8,"key":"SMITH"},{"floor":12,"key":"REST"},{"data":"Noxious Fumes","floor":15,"key":"SMITH"},{"floor":23,"key":"REST"},{"floor":28,"key":"REST"}],"lesson_learned_per_floor":[[],[],[],[],[],[],[],[],[],[],[],[],[],[],[],[],[],[],[],[],[],[],[],[],[],[],[],[],[],[]],"neow_cost":"NONE","improvable_cards":{},"seed_source_timestamp":694049026249800,"shop_contents":[{"floor":4,"relics":["PreservedInsect","Molten Egg 2","Strange Spoon"],"cards":["Quick Slash","Outmaneuver","Well Laid Plans","Good Instincts","Master of Strategy"],"potions":["AttackPotion","Weak Potion","Strength Potion"]}],"circlet_count":0,"master_deck":["AscendersBane","Strike_G","Strike_G","Strike_G","Strike_G","Strike_G","Defend_G","Defend_G","Defend_G","Defend_G+1","Defend_G","Survivor","Neutralize","Malaise+1","Tactician","Blade Dance+1","Acrobatics+1","Dash","Calculated Gamble","Backstab","Bouncing Flask","Footwork","Noxious Fumes+1","Tools of the Trade","Well Laid Plans","PiercingWail","Corpse Explosion","Reflex","Footwork","Noxious Fumes+1"],"potion_use_per_floor":[[],[],[],[],[],[],[],[],[],["Block Potion"],[],[],[],[],[],[],[],[],["GamblersBrew"],[],[],[],[],[],["GhostInAJar"],[],[],[],[],["Explosive Potion"]],"relics":["Ring of the Snake","Pen Nib","The Courier","HornCleat","SlaversCollar","Akabeko","Vajra","Frozen Egg 2"],"potions_floor_usage":[10,19,25,30],"damage_taken":[{"damage":4,"enemies":"Jaw Worm","floor":1,"turns":6},{"damage":0,"enemies":"Small Slimes","floor":3,"turns":4},{"damage":0,"enemies":"Cultist","floor":5,"turns":3},{"damage":8,"enemies":"Large Slime","floor":7,"turns":9},{"damage":26,"enemies":"Gremlin Nob","floor":10,"turns":5},{"damage":0,"enemies":"Lots of Slimes","floor":13,"turns":5},{"damage":0,"enemies":"3 Sentries","floor":14,"turns":10},{"damage":8,"enemies":"Hexaghost","floor":16,"turns":10},{"damage":23,"enemies":"Chosen","floor":18,"turns":6},{"damage":7,"enemies":"3 Byrds","floor":19,"turns":5},{"damage":17,"enemies":"Centurion and Healer","floor":21,"turns":7},{"damage":4,"enemies":"Snake Plant","floor":24,"turns":6},{"damage":2,"enemies":"Slavers","floor":25,"turns":5},{"damage":16,"enemies":"Chosen and Byrds","floor":27,"turns":6},{"damage":38,"enemies":"Snecko","floor":30,"turns":4}],"seed_played":"-6585847677165890575","neow_bonus_log":{"cardsObtained":["Malaise"],"cardsUpgraded":[],"cardsRemoved":[],"cardsTransformed":[],"relicsObtained":[],"maxHpGained":0,"goldGained":0,"damageTaken":0,"goldLost":0,"maxHpLost":0},"potions_obtained":[{"floor":1,"key":"Block Potion"},{"floor":5,"key":"GamblersBrew"},{"floor":11,"key":"GhostInAJar"},{"floor":24,"key":"Explosive Potion"}],"is_trial":false,"path_per_floor":["M","?","M","$","M","R","M","R","T","E","?","R","M","E","R","B",null,"M","M","?","M","?","R","M","E","T","M","R","?","M"],"character_chosen":"THE_SILENT","basemod:card_modifiers":[null,null,null,null,null,null,null,null,null,null,null,null,null,null,null,null,null,null,null,null,null,null,null,null,null,null,null,null,null,null],"items_purchased":["Acrobatics","Dash"],"campfire_rested":3,"item_purchase_floors":[4,4],"current_hp_per_floor":[55,35,35,35,35,35,27,27,27,1,1,20,20,20,20,12,53,30,23,23,6,6,25,21,19,19,3,22,22,0],"gold":216,"neow_bonus":"ONE_RANDOM_RARE_CARD","is_prod":false,"is_daily":false,"rewards_skipped":[{"floor":14,"relics":[],"potions":["SpeedPotion"]}],"chose_seed":false,"campfire_upgraded":3,"win_rate":0,"floor_exit_playtime":[85,88,136,149,205,211,317,329,331,412,417,420,515,809,815,954,990,1093,1241,1251,1405,1456,1459,1563,1692,1695,2059,2061,2081],"timestamp":1746720413,"path_taken":["M","?","M","$","M","R","M","R","T","E","?","R","M","E","R","BOSS","M","?","?","?","?","R","M","E","T","M","R","?","M"],"build_version":"2022-12-18","purchased_purges":0,"victory":false,"max_hp_per_floor":[66,66,66,66,66,66,66,66,66,66,66,66,66,66,66,66,66,66,66,66,66,66,66,66,66,66,66,66,66,66],"relic_stats":{"counters":[15,91],"Pen Nib":[16],"The Courier":0,"obtain_stats":[{"SlaversCollar":17,"HornCleat":14,"Vajra":25,"Pen Nib":9,"The Courier":10,"Frozen Egg 2":26,"Akabeko":20,"Ring of the Snake":0},{"SlaversCollar":8,"HornCleat":7,"Vajra":13,"Pen Nib":4,"The Courier":5,"Frozen Egg 2":13,"Akabeko":10,"Ring of the Snake":0},{"SlaversCollar":52,"HornCleat":42,"Vajra":81,"Pen Nib":22,"The Courier":27,"Frozen Egg 2":81,"Akabeko":63,"Ring of the Snake":0}],"Ring of the Snake":[30]},"card_choices":[{"not_picked":["Catalyst","Infinite Blades"],"picked":"Tactician","floor":1},{"not_picked":["Riddle With Holes","Prepared"],"picked":"Blade Dance","floor":3},{"not_picked":["Sucker Punch","Deadly Poison"],"picked":"Calculated Gamble","floor":5},{"not_picked":["Prepared","Deadly Poison"],"picked":"Backstab","floor":7},{"not_picked":["Unload","Deadly Poison"],"picked":"Bouncing Flask","floor":10},{"not_picked":["Dodge and Roll","Deflect"],"picked":"Footwork","floor":13},{"not_picked":["Terror","Cloak And Dagger"],"picked":"Noxious Fumes","floor":14},{"not_picked":["A Thousand Cuts","Storm of Steel"],"picked":"Tools of the Trade","floor":16},{"not_picked":["Flying Knee","Slice"],"picked":"Well Laid Plans","floor":18},{"not_picked":["Heel Hook","Deadly Poison"],"picked":"PiercingWail","floor":19},{"not_picked":["Deflect","Deadly Poison"],"picked":"Corpse Explosion","floor":21},{"not_picked":["Quick Slash","Backflip","Skewer","Flechettes","Blade Dance","Prepared","PiercingWail","Dagger Throw","Underhanded Strike","Terror","Accuracy","Poisoned Stab","Flying Knee","Calculated Gamble","Cloak And Dagger","Caltrops","Sucker Punch","Bane","Deadly Poison"],"picked":"Reflex","floor":22},{"not_picked":["Quick Slash","Dagger Spray","Setup"],"picked":"SKIP","floor":24},{"not_picked":["Flechettes","Bullet Time"],"picked":"Footwork","floor":25},{"not_picked":["Sucker Punch+1","Dodge and Roll","Outmaneuver"],"picked":"SKIP","floor":27}],"player_experience":2831738,"relics_obtained":[{"floor":9,"key":"Pen Nib"},{"floor":10,"key":"The Courier"},{"floor":14,"key":"HornCleat"},{"floor":25,"key":"Vajra"},{"floor":26,"key":"Frozen Egg 2"}],"event_choices":[{"damage_healed":0,"gold_gain":0,"player_choice":"Entered Light","damage_taken":20,"max_hp_gain":0,"max_hp_loss":0,"event_name":"Shining Light","floor":2,"gold_loss":0,"cards_upgraded":["Defend_G","Malaise"]},{"damage_healed":0,"gold_gain":0,"player_choice":"Bought 1 Potion","damage_taken":0,"max_hp_gain":0,"max_hp_loss":0,"event_name":"The Woman in Blue","floor":11,"gold_loss":0},{"damage_healed":0,"gold_gain":0,"player_choice":"Paid Gold","damage_taken":0,"relics_obtained":["Akabeko"],"max_hp_gain":0,"max_hp_loss":0,"event_name":"WeMeetAgain","floor":20,"gold_loss":135},{"damage_healed":0,"gold_gain":0,"player_choice":"Read","damage_taken":0,"max_hp_gain":0,"max_hp_loss":0,"event_name":"The Library","floor":22,"gold_loss":0,"cards_obtained":["Reflex"]},{"damage_healed":0,"gold_gain":0,"player_choice":"Copied","damage_taken":0,"max_hp_gain":0,"max_hp_loss":0,"event_name":"Duplicator","floor":29,"gold_loss":0,"cards_obtained":["Noxious Fumes"]}],"is_beta":false,"boss_relics":[{"not_picked":["Ectoplasm","Black Star"],"picked":"SlaversCollar"}],"items_purged_floors":[],"is_endless":false,"potions_floor_spawned":[1,5,14,24],"killed_by":"Snecko","ascension_level":20,"potion_discard_per_floor":[[],[],[],[],[],[],[],[],[],[],[],[],[],[],[],[],[],[],[],[],[],[],[],[],[],[],[],[],[],[]]}