{"neow_bonuses_skipped_log":["REMOVE_CARD","ONE_RARE_RELIC","BOSS_RELIC"],"neow_costs_skipped_log":["NONE","CURSE","NONE"],"potions_obtained_entropic_brew":[[],[],[],[],[],[],[],[],[],[],[],[],[],[],[],[],[],[],[],[],[],[],[],[],[],[],[],[],[],[],[],[],[]],"gold_per_floor":[217,282,293,30,44,69,69,97,143,158,158,168,194,208,208,282,282,301,311,311,311,138,138,138,168,191,191,208,235,248,275,275,275],"floor_reached":33,"playtime":25082,"items_purged":["Defend_G"],"score":700,"play_id":"7d5e4f7a-6d18-45bd-b5d2-b8d4096f2f44","local_time":"20250518024736","score_breakdown":["Floors Climbed (33): 165","Enemies Slain (10): 20","Exordium Elites Killed (3): 30","City Elites Killed (3): 60","Bosses Slain (1): 50","Champion (1): 25","Ascension (20): 350"],"is_ascension_mode":true,"potions_obtained_alchemize":[[],[],[],[],[],[],[],[],[],[],[],[],[],[],[],["AttackPotion"],[],["Block Potion"],["Strength Potion"],[],[],[],[],[],["LiquidMemories"],[],[],["BlessingOfTheForge"],["Block Potion"],["LiquidMemories"],[],[],["ColorlessPotion"]],"campfire_choices":[{"data":"Terror","floor":7,"key":"SMITH"},{"data":"Venomology","floor":15,"key":"SMITH"},{"data":"RitualDagger","floor":23,"key":"SMITH"},{"data":"Calculated Gamble","floor":27,"key":"SMITH"},{"data":"Discovery","floor":32,"key":"SMITH"}],"lesson_learned_per_floor":[[],[],[],[],[],[],[],[],[],[],[],[],[],[],[],[],[],[],[],[],[],[],[],[],[],[],[],[],[],[],[],[],[]],"neow_cost":"NONE","improvable_cards":{"RitualDagger+1":[35]},"seed_source_timestamp":226919835471600,"shop_contents":[{"floor":4,"relics":["CaptainsWheel","Bottled Flame","Cauldron"],"cards":["Slice","Quick Slash","Outmaneuver","Acrobatics","Caltrops","Transmutation"],"potions":["LiquidBronze","DuplicationPotion"]},{"floor":20,"relics":["Sundial","Matryoshka","TheAbacus"],"cards":["Poisoned Stab","Dash","Phantasmal Killer","Outmaneuver","Caltrops","PanicButton","Chrysalis"],"potions":["AttackPotion","GhostInAJar","PowerPotion"]},{"floor":22,"relics":["Tiny Chest","Medical Kit"],"cards":["Choke","Bane","Outmaneuver","Crippling Poison","Infinite Blades","Dramatic Entrance","Panache"],"potions":["LiquidMemories","Poison Potion","Explosive Potion"]}],"circlet_count":0,"master_deck":["AscendersBane","Strike_G+1","Strike_G","Strike_G","Defend_G+1","Defend_G+1","Defend_G","Survivor","Neutralize","Dash+1","Terror+1","Discovery+1","Masterful Stab","Calculated Gamble+1","Die Die Die","Backflip","Venomology+1","Wraith Form v2+1","Poisoned Stab+1","Noxious Fumes+1","Heel Hook+1","Dodge and Roll+1","RitualDagger+1","Outmaneuver+1","Blade Dance","Blade Dance"],"potion_use_per_floor":[[],[],[],[],[],["CunningPotion"],[],[],[],[],[],[],[],[],[],["CunningPotion"],[],["AttackPotion","Block Potion"],["Fruit Juice"],[],[],[],[],[],["Strength Potion","LiquidMemories"],[],[],["Fire Potion"],["BlessingOfTheForge"],[],[],[],["Block Potion","ColorlessPotion","LiquidMemories"]],"relics":["Ring of the Snake","HornCleat","War Paint","Bag of Preparation","Shuriken","Astrolabe","Anchor","Girya","Art of War","Strawberry","Letter Opener"],"potions_floor_usage":[6,16,18,18,19,25,25,28,29,33,33,33],"damage_taken":[{"damage":2,"enemies":"Jaw Worm","floor":1,"turns":6},{"damage":0,"enemies":"2 Louse","floor":3,"turns":3},{"damage":0,"enemies":"Cultist","floor":5,"turns":3},{"damage":2,"enemies":"3 Sentries","floor":6,"turns":7},{"damage":5,"enemies":"Lagavulin","floor":8,"turns":4},{"damage":0,"enemies":"Large Slime","floor":10,"turns":3},{"damage":0,"enemies":"Lots of Slimes","floor":12,"turns":1},{"damage":0,"enemies":"Gremlin Nob","floor":13,"turns":3},{"damage":0,"enemies":"Gremlin Gang","floor":14,"turns":4},{"damage":12,"enemies":"Slime Boss","floor":16,"turns":7},{"damage":0,"enemies":"3 Byrds","floor":18,"turns":4},{"damage":4,"enemies":"Spheric Guardian","floor":19,"turns":4},{"damage":2,"enemies":"Book of Stabbing","floor":25,"turns":7},{"damage":1,"enemies":"Snake Plant","floor":28,"turns":4},{"damage":1,"enemies":"Slavers","floor":29,"turns":4},{"damage":1,"enemies":"Centurion and Healer","floor":30,"turns":6},{"damage":8,"enemies":"Book of Stabbing","floor":31,"turns":5},{"damage":64,"enemies":"Champ","floor":33,"turns":14}],"seed_played":"3575454544649817703","neow_bonus_log":{"cardsObtained":[],"cardsUpgraded":[],"cardsRemoved":[],"cardsTransformed":[],"relicsObtained":[],"maxHpGained":0,"goldGained":100,"damageTaken":0,"goldLost":0,"maxHpLost":0},"potions_obtained":[{"floor":1,"key":"ColorlessPotion"},{"floor":6,"key":"Fire Potion"},{"floor":8,"key":"CunningPotion"},{"floor":18,"key":"Fruit Juice"}],"is_trial":false,"path_per_floor":["M","?","M","$","M","E","R","E","T","M","?","M","E","M","R","B",null,"M","M","$","?","$","R","?","E","T","R","M","E","M","E","R","B"],"character_chosen":"THE_SILENT","basemod:card_modifiers":[null,null,null,null,null,null,null,null,null,null,null,null,null,null,null,null,null,null,null,null,null,null,null,null,null,null],"items_purchased":["CunningPotion","Discovery","Anchor"],"campfire_rested":0,"item_purchase_floors":[4,4,22],"current_hp_per_floor":[57,57,57,57,57,55,55,50,50,50,30,30,30,30,30,18,54,54,55,55,49,49,49,49,47,47,47,46,52,51,43,43,0],"gold":275,"neow_bonus":"HUNDRED_GOLD","is_prod":false,"is_daily":false,"rewards_skipped":[{"floor":12,"relics":[],"potions":["Dexterity Potion"]},{"floor":30,"relics":[],"potions":["Dexterity Potion"]}],"chose_seed":false,"campfire_upgraded":5,"win_rate":0,"floor_exit_playtime":[115,190,227,321,355,482,494,551,553,625,628,639,23561,23670,23686,23827,23882,24016,24105,24137,24187,24211,24217,24241,24366,24369,24374,24450,24569,24671,24797,24804],"timestamp":1747550856,"path_taken":["M","?","M","$","M","E","R","E","T","M","?","M","E","M","R","BOSS","M","M","$","?","$","R","?","E","T","R","?","E","M","E","R","BOSS"],"build_version":"2022-12-18","purchased_purges":1,"victory":false,"max_hp_per_floor":[66,66,66,66,66,66,66,66,66,66,66,66,66,66,66,66,66,66,71,71,71,71,71,71,71,71,71,71,78,78,78,78,78],"relic_stats":{"Girya":0,"counters":[18,89],"Shuriken":[26],"Astrolabe":["Poisoned Stab","Noxious Fumes","Heel Hook"],"Bag of Preparation":[26],"Art of War":[4],"Letter Opener":[15],"War Paint":["Defend_G","Defend_G"],"obtain_stats":[{"Girya":25,"Anchor":22,"HornCleat":6,"Shuriken":13,"Astrolabe":17,"Strawberry":29,"Bag of Preparation":9,"Art of War":26,"Letter Opener":31,"War Paint":8,"Ring of the Snake":0},{"Girya":13,"Anchor":12,"HornCleat":4,"Shuriken":8,"Astrolabe":10,"Strawberry":15,"Bag of Preparation":5,"Art of War":13,"Letter Opener":17,"War Paint":5,"Ring of the Snake":0},{"Girya":56,"Anchor":49,"HornCleat":19,"Shuriken":30,"Astrolabe":41,"Strawberry":64,"Bag of Preparation":23,"Art of War":56,"Letter Opener":75,"War Paint":23,"Ring of the Snake":0}],"Ring of the Snake":[36]},"card_choices":[{"not_picked":["Leg Sweep","Poisoned Stab"],"picked":"Dash","floor":1},{"not_picked":["Leg Sweep","Underhanded Strike"],"picked":"Terror","floor":3},{"not_picked":["Poisoned Stab","Deadly Poison"],"picked":"Masterful Stab","floor":5},{"not_picked":["PiercingWail","Sucker Punch"],"picked":"Calculated Gamble","floor":6},{"not_picked":["Poisoned Stab","Reflex"],"picked":"Die Die Die","floor":8},{"not_picked":["Dagger Spray","Quick Slash","Flechettes"],"picked":"SKIP","floor":10},{"not_picked":["PiercingWail","Bane"],"picked":"Backflip","floor":12},{"not_picked":["Cloak And Dagger","Caltrops"],"picked":"Venomology","floor":13},{"not_picked":["Dagger Spray","Poisoned Stab","Slice"],"picked":"SKIP","floor":14},{"not_picked":["Bullet Time","Envenom"],"picked":"Wraith Form v2","floor":16},{"not_picked":["Poisoned Stab","Masterful Stab"],"picked":"Dodge and Roll+1","floor":18},{"not_picked":["Dagger Throw+1","Terror","Sucker Punch"],"picked":"SKIP","floor":19},{"not_picked":["Backflip","Leg Sweep"],"picked":"Outmaneuver+1","floor":25},{"not_picked":["Bouncing Flask","Terror","Bane"],"picked":"SKIP","floor":28},{"not_picked":["Escape Plan","Sucker Punch"],"picked":"Blade Dance","floor":29},{"not_picked":["Flying Knee","Quick Slash","Distraction"],"picked":"SKIP","floor":30},{"not_picked":["Poisoned Stab","Backflip"],"picked":"Blade Dance","floor":31}],"player_experience":2843818,"relics_obtained":[{"floor":6,"key":"HornCleat"},{"floor":8,"key":"War Paint"},{"floor":9,"key":"Bag of Preparation"},{"floor":13,"key":"Shuriken"},{"floor":25,"key":"Girya"},{"floor":26,"key":"Art of War"},{"floor":29,"key":"Strawberry"},{"floor":31,"key":"Letter Opener"}],"event_choices":[{"damage_healed":0,"gold_gain":65,"player_choice":"Gained Gold","damage_taken":0,"max_hp_gain":0,"max_hp_loss":0,"event_name":"Golden Wing","floor":2,"gold_loss":0},{"damage_healed":0,"gold_gain":0,"player_choice":"Entered Light","damage_taken":20,"max_hp_gain":0,"max_hp_loss":0,"event_name":"Shining Light","floor":11,"gold_loss":0,"cards_upgraded":["Dash","Strike_G"]},{"damage_healed":0,"gold_gain":0,"player_choice":"Joined the Cult","damage_taken":6,"max_hp_gain":0,"max_hp_loss":0,"event_name":"Nest","floor":21,"gold_loss":0,"cards_obtained":["RitualDagger"]},{"damage_healed":0,"gold_gain":0,"player_choice":"Forge","damage_taken":0,"max_hp_gain":0,"max_hp_loss":0,"event_name":"Accursed Blacksmith","floor":24,"gold_loss":0,"cards_upgraded":["Wraith Form v2"]}],"is_beta":false,"boss_relics":[{"not_picked":["Ectoplasm","Black Star"],"picked":"Astrolabe"}],"items_purged_floors":[4],"is_endless":false,"potions_floor_spawned":[1,6,8,12,18,30],"killed_by":"Champ","ascension_level":20,"potion_discard_per_floor":[[],[],[],[],[],[],[],["ColorlessPotion"],[],[],[],[],[],[],[],[],[],[],[],[],[],[],[],[],[],[],[],[],[],[],[],[],[]]}