{"neow_bonuses_skipped_log":["THREE_CARDS","THREE_RARE_CARDS","BOSS_RELIC"],"neow_costs_skipped_log":["NONE","NO_GOLD","NONE"],"potions_obtained_entropic_brew":[[],[],[],[],[],[],[],[],[],[]],"gold_per_floor":[115,115,126,145,206,206,236,236,236,236],"floor_reached":10,"playtime":736,"items_purged":[],"score":132,"play_id":"9d441fe9-7158-4d69-addd-8e0e0340493c","local_time":"20250517194856","score_breakdown":["Floors Climbed (10): 50","Enemies Slain (3): 6","Exordium Elites Killed (1): 10","Bosses Slain (0): 0","Ascension (20): 66"],"is_ascension_mode":true,"potions_obtained_alchemize":[[],[],[],[],[],[],[],[],[],[]],"campfire_choices":[{"data":"Dash","floor":6,"key":"SMITH"}],"lesson_learned_per_floor":[[],[],[],[],[],[],[],[],[],[]],"neow_cost":"NONE","improvable_cards":{},"seed_source_timestamp":226175183340300,"shop_contents":[],"circlet_count":0,"master_deck":["AscendersBane","Strike_G","Strike_G","Strike_G","Strike_G","Strike_G","Defend_G","Defend_G","Defend_G","Defend_G","Defend_G","Survivor","Neutralize","Backstab","Backstab","Dash+1","Decay"],"potion_use_per_floor":[[],[],[],[],[],[],["SteroidPotion"],[],[],["ColorlessPotion"]],"relics":["Ring of the Snake","Regal Pillow","Turnip","Ornamental Fan","Bird Faced Urn"],"potions_floor_usage":[7,10],"damage_taken":[{"damage":0,"enemies":"2 Louse","floor":1,"turns":5},{"damage":4,"enemies":"Small Slimes","floor":3,"turns":2},{"damage":0,"enemies":"Cultist","floor":4,"turns":3},{"damage":5,"enemies":"3 Sentries","floor":7,"turns":8},{"damage":42,"enemies":"Lagavulin","floor":10,"turns":8}],"seed_played":"-7422363355604449723","neow_bonus_log":{"cardsObtained":[],"cardsUpgraded":[],"cardsRemoved":[],"cardsTransformed":[],"relicsObtained":["Regal Pillow"],"maxHpGained":0,"goldGained":0,"damageTaken":0,"goldLost":0,"maxHpLost":0},"potions_obtained":[{"floor":1,"key":"ColorlessPotion"},{"floor":3,"key":"SteroidPotion"}],"is_trial":false,"path_per_floor":["M","?","M","M","?","R","E","?","T","E"],"character_chosen":"THE_SILENT","basemod:card_modifiers":[null,null,null,null,null,null,null,null,null,null,null,null,null,null,null,null,null],"items_purchased":[],"campfire_rested":0,"item_purchase_floors":[],"current_hp_per_floor":[59,48,44,44,44,44,39,39,39,0],"gold":236,"neow_bonus":"RANDOM_COMMON_RELIC","is_prod":false,"is_daily":false,"rewards_skipped":[],"chose_seed":false,"campfire_upgraded":1,"win_rate":0,"floor_exit_playtime":[254,265,321,344,378,387,593,609,613],"timestamp":1747525736,"path_taken":["M","?","M","M","?","R","E","?","T","E"],"build_version":"2022-12-18","purchased_purges":0,"victory":false,"max_hp_per_floor":[66,66,66,66,66,66,66,66,66,66],"relic_stats":{"Regal Pillow":0,"counters":[5,26],"Ornamental Fan":[12],"Bird Faced Urn":[0],"Turnip":[0],"obtain_stats":[{"Regal Pillow":0,"Ornamental Fan":7,"Bird Faced Urn":9,"Turnip":2,"Ring of the Snake":0},{"Regal Pillow":0,"Ornamental Fan":4,"Bird Faced Urn":4,"Turnip":1,"Ring of the Snake":0},{"Regal Pillow":0,"Ornamental Fan":18,"Bird Faced Urn":18,"Turnip":5,"Ring of the Snake":0}],"Ring of the Snake":[10]},"card_choices":[{"not_picked":["Slice","Dagger Throw"],"picked":"Backstab","floor":1},{"not_picked":["Sucker Punch","Deflect"],"picked":"Backstab","floor":3},{"not_picked":["Quick Slash","Footwork"],"picked":"Dash","floor":4},{"not_picked":["Sucker Punch","Accuracy","Riddle With Holes"],"picked":"SKIP","floor":7}],"player_experience":2843082,"relics_obtained":[{"floor":7,"key":"Ornamental Fan"},{"floor":9,"key":"Bird Faced Urn"}],"event_choices":[{"damage_healed":0,"gold_gain":0,"player_choice":"Success","damage_taken":11,"relics_obtained":["Turnip"],"max_hp_gain":0,"max_hp_loss":0,"event_name":"Scrap Ooze","floor":2,"gold_loss":0},{"damage_healed":0,"gold_gain":61,"player_choice":"Gained Gold","damage_taken":0,"max_hp_gain":0,"max_hp_loss":0,"event_name":"Golden Wing","floor":5,"gold_loss":0},{"damage_healed":0,"gold_gain":0,"player_choice":"Cursed","damage_taken":0,"max_hp_gain":0,"max_hp_loss":0,"event_name":"Wheel of Change","floor":8,"gold_loss":0,"cards_obtained":["Decay"]}],"is_beta":false,"boss_relics":[],"items_purged_floors":[],"is_endless":false,"potions_floor_spawned":[1,3],"killed_by":"Lagavulin","ascension_level":20,"potion_discard_per_floor":[[],[],[],[],[],[],[],[],[],[]]}