{"neow_bonuses_skipped_log":["TRANSFORM_CARD","THREE_SMALL_POTIONS","BOSS_RELIC"],"neow_costs_skipped_log":["NONE","NONE","NONE"],"potions_obtained_entropic_brew":[[],[],[],[]],"gold_per_floor":[118,118,14,14],"floor_reached":4,"playtime":368,"items_purged":[],"score":44,"play_id":"a3dcd0ee-38c7-4c6a-99eb-201137fcd8fd","local_time":"20250515010620","score_breakdown":["Floors Climbed (4): 20","Enemies Slain (1): 2","Exordium Elites Killed (0): 0","Bosses Slain (0): 0","Ascension (20): 22"],"is_ascension_mode":true,"potions_obtained_alchemize":[[],[],[],[]],"campfire_choices":[],"lesson_learned_per_floor":[[],[],[],[]],"neow_cost":"CURSE","improvable_cards":{},"seed_source_timestamp":465721581663200,"shop_contents":[{"floor":3,"relics":["Oddly Smooth Stone","Lantern","Strange Spoon"],"cards":["Dagger Throw","Quick Slash","Dodge and Roll","Caltrops","Flash of Steel","Mayhem"],"potions":["BlessingOfTheForge","Swift Potion"]}],"circlet_count":0,"master_deck":["AscendersBane","Strike_G","Strike_G","Strike_G","Strike_G","Strike_G","Defend_G","Defend_G","Defend_G","Survivor","Neutralize","Regret","Catalyst","Calculated Gamble","Noxious Fumes","Acrobatics"],"potion_use_per_floor":[[],[],[],[]],"relics":["Ring of the Snake","PreservedInsect"],"potions_floor_usage":[],"damage_taken":[{"damage":3,"enemies":"Cultist","floor":1,"turns":5},{"damage":0,"enemies":"2 Louse","floor":4,"turns":1}],"seed_played":"5891403307773943990","neow_bonus_log":{"cardsObtained":["Regret","Catalyst","Calculated Gamble"],"cardsUpgraded":[],"cardsRemoved":[],"cardsTransformed":["Defend_G","Defend_G"],"relicsObtained":[],"maxHpGained":0,"goldGained":0,"damageTaken":0,"goldLost":0,"maxHpLost":0},"potions_obtained":[],"is_trial":false,"path_per_floor":["M","T","$","M"],"character_chosen":"THE_SILENT","basemod:card_modifiers":[null,null,null,null,null,null,null,null,null,null,null,null,null,null,null,null],"items_purchased":["SteroidPotion","Acrobatics"],"campfire_rested":0,"item_purchase_floors":[3,3],"current_hp_per_floor":[56,56,56,56],"gold":14,"neow_bonus":"TRANSFORM_TWO_CARDS","is_prod":false,"is_daily":false,"rewards_skipped":[],"chose_seed":false,"campfire_upgraded":0,"win_rate":0,"floor_exit_playtime":[331,336,361],"timestamp":1747285580,"path_taken":["M","?","$","M"],"build_version":"2022-12-18","purchased_purges":0,"victory":false,"max_hp_per_floor":[66,66,66,66],"relic_stats":{"counters":[2,6],"PreservedInsect":0,"obtain_stats":[{"PreservedInsect":2,"Ring of the Snake":0},{"PreservedInsect":1,"Ring of the Snake":0},{"PreservedInsect":5,"Ring of the Snake":0}],"Ring of the Snake":[4]},"card_choices":[{"not_picked":["Terror","Predator"],"picked":"Noxious Fumes","floor":1}],"player_experience":2838055,"relics_obtained":[{"floor":2,"key":"PreservedInsect"}],"event_choices":[],"is_beta":false,"boss_relics":[],"items_purged_floors":[],"is_endless":false,"potions_floor_spawned":[],"killed_by":"2 Louse","ascension_level":20,"potion_discard_per_floor":[[],[],[],[]]}