{"neow_bonuses_skipped_log":["ONE_RANDOM_RARE_CARD","TEN_PERCENT_HP_BONUS","BOSS_RELIC"],"neow_costs_skipped_log":["NONE","NONE","NONE"],"potions_obtained_entropic_brew":[[],[],[],[],[],[],["AttackPotion","GhostInAJar"],[],[],[],[],[],[],[],[],[],[],[],[],[],[],[],[],[],[],[],[],[],[],[],[],[],[],[],[],[],[],[],[],[],[],[],[],[],[],[],[],[],[],[],[],[],[],[],[],[]],"gold_per_floor":[115,135,154,79,89,89,116,131,131,148,148,174,174,193,193,265,265,281,301,301,301,315,315,343,40,40,53,53,53,84,100,100,172,172,190,206,218,63,73,99,99,133,133,149,49,49,0,28,28,28,28,28,28,2,34,34],"floor_reached":56,"playtime":4659,"items_purged":["Injury","Doubt"],"score":2203,"play_id":"e44bf8c0-a801-4c15-a966-2004bc59b305","local_time":"20250517193558","score_breakdown":["Floors Climbed (56): 280","Enemies Slain (17): 34","Exordium Elites Killed (2): 20","City Elites Killed (2): 40","Beyond Elites Killed (3): 90","Bosses Slain (4): 500","Librarian: 25","Champion (4): 100","C-c-c-combo: 25","Ascension (20): 1089"],"is_ascension_mode":true,"potions_obtained_alchemize":[[],[],[],[],[],[],[],[],[],[],[],[],[],[],[],[],[],[],[],[],[],[],[],[],[],[],[],[],[],[],[],[],[],[],[],[],[],[],[],[],[],[],[],[],[],[],[],[],[],[],[],[],[],[],[],[]],"campfire_choices":[{"data":"Terror","floor":6.0,"key":"SMITH"},{"data":"A Thousand Cuts","floor":11.0,"key":"SMITH"},{"data":"Blade Dance","floor":15.0,"key":"SMITH"},{"data":"Ghostly","floor":23.0,"key":"SMITH"},{"data":"Prepared","floor":28.0,"key":"SMITH"},{"floor":32.0,"key":"REST"},{"data":"After Image","floor":41.0,"key":"SMITH"},{"floor":49.0,"key":"RECALL"},{"floor":53,"key":"REST"}],"lesson_learned_per_floor":[[],[],[],[],[],[],[],[],[],[],[],[],[],[],[],[],[],[],[],[],[],[],[],[],[],[],[],[],[],[],[],[],[],[],[],[],[],[],[],[],[],[],[],[],[],[],[],[],[],[],[],[],[],[],[],[]],"neow_cost":"CURSE","improvable_cards":{},"seed_source_timestamp":0,"shop_contents":[{"floor":4,"relics":["Bag of Preparation","Bronze Scales","ClockworkSouvenir"],"cards":["Poisoned Stab","Dagger Throw","Expertise","PiercingWail","Footwork","Madness","Secret Technique"],"potions":["Regen Potion","Swift Potion","SneckoOil"]},{"floor":25,"relics":["HornCleat","WingedGreaves","HandDrill"],"cards":["Quick Slash+1","Endless Agony+1","Phantasmal Killer","Setup","Bandage Up"],"potions":["Ancient Potion","EntropicBrew","ColorlessPotion"]},{"floor":38,"relics":["Strawberry","Bottled Lightning","Toolbox"],"cards":["Eviscerate+1","Bane+1","Blade Dance","Infinite Blades","Dramatic Entrance+1","Transmutation"],"potions":["EntropicBrew","EssenceOfSteel","BlessingOfTheForge"]},{"floor":45,"relics":["Shuriken","Centennial Puzzle","Sling"],"cards":["Flying Knee+1","Poisoned Stab+1","Catalyst","Blade Dance","Noxious Fumes","Forethought","The Bomb"],"potions":["SkillPotion","SkillPotion","Block Potion"]},{"floor":54,"relics":["Eternal Feather","Boot","TheAbacus"],"cards":["Poisoned Stab+1","Endless Agony+1","Calculated Gamble","Noxious Fumes","Panacea","Thinking Ahead"],"potions":["Ancient Potion","ColorlessPotion","LiquidBronze"]}],"circlet_count":0,"master_deck":["AscendersBane","Strike_G+1","Strike_G+1","Strike_G+1","Strike_G+1","Defend_G+1","Defend_G+1","Defend_G+1","Defend_G+1","Defend_G+1","Survivor+1","Neutralize+1","Blade Dance+1","Blade Dance+1","Terror+1","A Thousand Cuts+1","Predator+1","Backflip+1","Accuracy+1","Wraith Form v2+1","Reflex+1","Ghostly+1","Ghostly+1","Ghostly+1","After Image+1","Apotheosis+1","Prepared+1","Adrenaline+1","Calculated Gamble+1","Acrobatics+1","Night Terror+1","Blade Dance+1","Envenom+1","Backflip+1","Expertise+1","Acrobatics"],"special_seed":0,"potion_use_per_floor":[[],[],[],[],[],[],["Fruit Juice","EntropicBrew","AttackPotion"],[],[],[],[],["ColorlessPotion"],[],[],[],[],[],[],[],[],[],[],[],[],[],[],[],[],[],[],[],[],[],[],[],[],[],[],[],[],[],[],[],[],[],[],[],[],[],["GhostInAJar"],["PowerPotion","Block Potion"],[],[],[],[],[]],"relics":["Ring of the Snake","Gambling Chip","Molten Egg 2","Letter Opener","PreservedInsect","Cursed Key","Kunai","Potion Belt","Sozu","Mummified Hand","Bag of Marbles","Mark of the Bloom","Red Mask","Art of War","Happy Flower"],"potions_floor_usage":[50,51,51],"damage_taken":[{"damage":1.0,"enemies":"Cultist","floor":1.0,"turns":4.0},{"damage":1.0,"enemies":"Small Slimes","floor":2.0,"turns":3.0},{"damage":0.0,"enemies":"Jaw Worm","floor":3.0,"turns":4.0},{"damage":7.0,"enemies":"2 Fungi Beasts","floor":5.0,"turns":3.0},{"damage":8.0,"enemies":"Gremlin Nob","floor":7.0,"turns":3.0},{"damage":3.0,"enemies":"Exordium Wildlife","floor":8.0,"turns":5.0},{"damage":0.0,"enemies":"Lots of Slimes","floor":10.0,"turns":5.0},{"damage":15.0,"enemies":"3 Sentries","floor":12.0,"turns":3.0},{"damage":9.0,"enemies":"Exordium Thugs","floor":14.0,"turns":4.0},{"damage":23.0,"enemies":"Slime Boss","floor":16.0,"turns":4.0},{"damage":0.0,"enemies":"Shell Parasite","floor":18.0,"turns":1.0},{"damage":0.0,"enemies":"Spheric Guardian","floor":19.0,"turns":2.0},{"damage":0.0,"enemies":"Chosen and Byrds","floor":22.0,"turns":3.0},{"damage":0.0,"enemies":"Book of Stabbing","floor":24.0,"turns":4.0},{"damage":0.0,"enemies":"Snake Plant","floor":27.0,"turns":4.0},{"damage":14.0,"enemies":"Slavers","floor":30.0,"turns":4.0},{"damage":0.0,"enemies":"Centurion and Healer","floor":31.0,"turns":5.0},{"damage":1.0,"enemies":"Automaton","floor":33.0,"turns":9.0},{"damage":9.0,"enemies":"3 Shapes","floor":35.0,"turns":3.0},{"damage":0.0,"enemies":"3 Darklings","floor":36.0,"turns":4.0},{"damage":2.0,"enemies":"Sphere and 2 Shapes","floor":37.0,"turns":5.0},{"damage":0.0,"enemies":"Maw","floor":39.0,"turns":5.0},{"damage":1.0,"enemies":"Giant Head","floor":40.0,"turns":4.0},{"damage":0.0,"enemies":"Nemesis","floor":42.0,"turns":3.0},{"damage":0.0,"enemies":"Jaw Worm Horde","floor":44.0,"turns":4.0},{"damage":0.0,"enemies":"Giant Head","floor":48.0,"turns":5.0},{"damage":2,"enemies":"Time Eater","floor":50,"turns":12},{"damage":10,"enemies":"Awakened One","floor":51,"turns":13},{"damage":0,"enemies":"Shield and Spear","floor":55,"turns":3},{"damage":50,"enemies":"The Heart","floor":56,"turns":5}],"green_key_taken_log":48,"seed_played":"-1340771894798147268","neow_bonus_log":{"cardsObtained":["Injury"],"cardsUpgraded":[],"cardsRemoved":[],"cardsTransformed":[],"relicsObtained":["Gambling Chip"],"maxHpGained":0,"goldGained":0,"damageTaken":0,"goldLost":0,"maxHpLost":0},"potions_obtained":[{"floor":1.0,"key":"EntropicBrew"},{"floor":3.0,"key":"Fruit Juice"},{"floor":10.0,"key":"ColorlessPotion"},{"floor":12.0,"key":"PowerPotion"},{"floor":30.0,"key":"Block Potion"}],"is_trial":false,"path_per_floor":["M","M","M","$","M","R","E","M","T","M","R","E","?","M","R","B",null,"M","M","?","?","M","R","E","$","T","M","R","?","E","M","R","B",null,"M","M","M","$","M","E","R","E","T","M","$","?","?","E","R","B","B",null,"R","$","E","B"],"character_chosen":"THE_SILENT","basemod:card_modifiers":[null,null,null,null,null,null,null,null,null,null,null,null,null,null,null,null,null,null,null,null,null,null,null,null,null,null,null,null,null,null,null,null,null,null,null,null],"items_purchased":["After Image","Apotheosis","Night Terror","Acrobatics"],"campfire_rested":2,"item_purchase_floors":[25,25,38,54],"current_hp_per_floor":[58,57,57,57,50,50,47,44,44,44,44,29,71,62,62,39,63,63,63,35,28,28,28,28,28,28,28,28,28,14,14,26,25,36,27,27,25,25,25,24,24,24,24,24,24,24,24,24,24,22,12,12,12,12,12,0],"gold":34,"neow_bonus":"ONE_RARE_RELIC","is_prod":false,"is_daily":false,"rewards_skipped":[{"floor":16,"relics":[],"potions":["Dexterity Potion"]},{"floor":24,"relics":[],"potions":["Poison Potion"]},{"floor":27,"relics":[],"potions":["SteroidPotion"]},{"floor":37,"relics":[],"potions":["Weak Potion"]},{"floor":48,"relics":[],"potions":["Fruit Juice"]}],"chose_seed":false,"campfire_upgraded":6,"win_rate":0,"floor_exit_playtime":[95,154,211,224,296,305,362,468,472,589,595,712,722,879,895,967,989,1033,1071,1088,1101,1193,1202,1282,1306,1320,1383,1406,1430,1515,1593,1598,1777,1825,1903,1989,2101,2140,2233,2346,2372,2485,2489,2605,2618,2635,2655,2812,2814,3195,3612,3623,3627,3634,3764],"timestamp":1747524958,"blue_key_relic_skipped_log":{"floor":43,"relicID":"The Courier"},"path_taken":["M","M","?","$","M","R","E","M","T","M","R","E","?","M","R","BOSS","M","M","?","?","M","R","E","$","T","M","R","?","E","M","R","BOSS","M","M","M","$","M","E","R","E","T","M","?","?","?","E","R","BOSS","BOSS","R","$","E","BOSS"],"build_version":"2022-12-18","purchased_purges":2,"victory":false,"max_hp_per_floor":[66,66,66,66,66,66,71,71,71,71,71,71,71,71,71,71,71,71,71,35,40,40,40,40,40,40,40,40,40,40,40,40,40,40,40,40,40,40,40,40,40,40,40,40,40,40,40,40,40,40,40,40,40,40,40,40],"relic_stats":{"Mark of the Bloom":33,"Happy Flower":[1],"counters":[30,136],"PreservedInsect":470,"Letter Opener":[417],"Cursed Key":1,"Sozu":2,"Mummified Hand":[39],"Gambling Chip":[103],"Art of War":[5],"Kunai":[76],"obtain_stats":[{"Potion Belt":30,"Mark of the Bloom":46,"Happy Flower":55,"PreservedInsect":12,"Letter Opener":9,"Cursed Key":17,"Sozu":34,"Mummified Hand":40,"Gambling Chip":0,"Molten Egg 2":7,"Bag of Marbles":42,"Red Mask":47,"Art of War":48,"Kunai":24,"Ring of the Snake":0},{"Potion Belt":16,"Mark of the Bloom":25,"Happy Flower":29,"PreservedInsect":8,"Letter Opener":6,"Cursed Key":10,"Sozu":18,"Mummified Hand":23,"Gambling Chip":0,"Molten Egg 2":5,"Bag of Marbles":24,"Red Mask":25,"Art of War":26,"Kunai":14,"Ring of the Snake":0},{"Potion Belt":56,"Mark of the Bloom":98,"Happy Flower":131,"PreservedInsect":30,"Letter Opener":22,"Cursed Key":38,"Sozu":70,"Mummified Hand":91,"Gambling Chip":0,"Molten Egg 2":17,"Bag of Marbles":94,"Red Mask":98,"Art of War":103,"Kunai":48,"Ring of the Snake":0}],"Ring of the Snake":[60]},"card_choices":[{"not_picked":["Bouncing Flask","PiercingWail"],"picked":"Blade Dance","floor":1.0},{"not_picked":["Heel Hook","Catalyst"],"picked":"Blade Dance","floor":2.0},{"not_picked":["Bane","Sucker Punch"],"picked":"Bouncing Flask","floor":3.0},{"not_picked":["Deadly Poison","Bane"],"picked":"Terror","floor":5.0},{"not_picked":["Concentrate","Quick Slash+1"],"picked":"A Thousand Cuts","floor":7.0},{"not_picked":["Deflect","Crippling Poison","Poisoned Stab+1"],"picked":"SKIP","floor":8.0},{"not_picked":["Dagger Throw+1","Bouncing Flask"],"picked":"Predator+1","floor":10.0},{"not_picked":["Leg Sweep","Corpse Explosion"],"picked":"Backflip","floor":12.0},{"not_picked":["Prepared","Flying Knee+1"],"picked":"Accuracy","floor":14.0},{"not_picked":["Phantasmal Killer","Corpse Explosion"],"picked":"Wraith Form v2","floor":16.0},{"not_picked":["Underhanded Strike+1","PiercingWail","Backstab+1"],"picked":"SKIP","floor":18.0},{"not_picked":["Sucker Punch+1","Eviscerate+1"],"picked":"Reflex+1","floor":19.0},{"not_picked":["Slice+1","Deadly Poison","Sucker Punch+1"],"picked":"SKIP","floor":22.0},{"not_picked":["Footwork","Blur","Eviscerate+1"],"picked":"SKIP","floor":24.0},{"not_picked":["Escape Plan","Flying Knee+1"],"picked":"Prepared","floor":27.0},{"not_picked":["Sucker Punch+1","Expertise","A Thousand Cuts"],"picked":"SKIP","floor":30.0},{"not_picked":["Dodge and Roll","Reflex","Flying Knee+1"],"picked":"SKIP","floor":31.0},{"not_picked":["Phantasmal Killer","Die Die Die+1"],"picked":"Adrenaline","floor":33.0},{"not_picked":["PiercingWail","Dodge and Roll"],"picked":"Calculated Gamble","floor":35.0},{"not_picked":["Backflip","PiercingWail"],"picked":"Acrobatics","floor":36.0},{"not_picked":["Bane+1","Setup+1","Dodge and Roll+1"],"picked":"SKIP","floor":37.0},{"not_picked":["Noxious Fumes","Poisoned Stab+1","Blur"],"picked":"SKIP","floor":39.0},{"not_picked":["Dagger Spray+1","Grand Finale+1"],"picked":"Blade Dance","floor":40.0},{"not_picked":["Backflip","Deadly Poison+1"],"picked":"Envenom","floor":42.0},{"not_picked":["Eviscerate+1","Dagger Throw+1"],"picked":"Backflip+1","floor":44.0},{"not_picked":["Escape Plan","Poisoned Stab+1","Expertise+1"],"picked":"SKIP","floor":48.0},{"not_picked":["Escape Plan","Poisoned Stab+1"],"picked":"Expertise+1","floor":48.0},{"not_picked":["Dodge and Roll","Prepared","Flying Knee+1"],"picked":"SKIP","floor":55}],"player_experience":2838423,"relics_obtained":[{"floor":7.0,"key":"Molten Egg 2"},{"floor":9.0,"key":"Letter Opener"},{"floor":12.0,"key":"PreservedInsect"},{"floor":24.0,"key":"Kunai"},{"floor":30.0,"key":"Potion Belt"},{"floor":40.0,"key":"Mummified Hand"},{"floor":42.0,"key":"Bag of Marbles"},{"floor":48.0,"key":"Art of War"},{"floor":55,"key":"Happy Flower"}],"event_choices":[{"cards_removed":["Bouncing Flask"],"damage_healed":42.0,"max_hp_gain":0.0,"max_hp_loss":0.0,"gold_gain":0.0,"event_name":"Bonfire Elementals","player_choice":"Offered Uncommon","floor":13.0,"gold_loss":0.0,"damage_taken":0.0},{"damage_healed":0.0,"max_hp_gain":0.0,"max_hp_loss":36.0,"gold_gain":0.0,"event_name":"Ghosts","player_choice":"Became a Ghost","floor":20.0,"gold_loss":0.0,"damage_taken":0.0,"cards_obtained":["Ghostly","Ghostly","Ghostly"]},{"damage_healed":0.0,"max_hp_gain":5.0,"max_hp_loss":0.0,"gold_gain":0.0,"event_name":"Forgotten Altar","player_choice":"Shed Blood","floor":21.0,"gold_loss":0.0,"damage_taken":12.0},{"cards_removed":["Strike_G"],"damage_healed":0.0,"max_hp_gain":0.0,"max_hp_loss":0.0,"gold_gain":0.0,"event_name":"Wheel of Change","player_choice":"Card Removal","floor":29.0,"gold_loss":0.0,"damage_taken":0.0},{"damage_healed":0.0,"max_hp_gain":0.0,"max_hp_loss":0.0,"gold_gain":0.0,"event_name":"MindBloom","player_choice":"Upgrade","floor":46.0,"gold_loss":0.0,"damage_taken":0.0,"cards_upgraded":["Strike_G","Strike_G","Strike_G","Strike_G","Defend_G","Defend_G","Defend_G","Defend_G","Defend_G","Survivor","Neutralize","Blade Dance","Backflip","Accuracy","Wraith Form v2","Ghostly","Ghostly","Apotheosis","Adrenaline","Calculated Gamble","Acrobatics","Night Terror","Blade Dance","Envenom"],"relics_obtained":["Mark of the Bloom"]},{"damage_healed":0.0,"max_hp_gain":0.0,"max_hp_loss":0.0,"gold_gain":0.0,"event_name":"Tomb of Lord Red Mask","player_choice":"Paid","floor":47.0,"gold_loss":49.0,"damage_taken":0.0,"relics_obtained":["Red Mask"]}],"is_beta":false,"boss_relics":[{"not_picked":["Calling Bell","Ectoplasm"],"picked":"Cursed Key"},{"not_picked":["SlaversCollar","Philosopher\u0027s Stone"],"picked":"Sozu"}],"items_purged_floors":[4,45],"is_endless":false,"potions_floor_spawned":[1,3,10,12,16,24,27,30,37,48],"killed_by":"The Heart","ascension_level":20,"potion_discard_per_floor":[[],[],[],[],[],[],[],[],[],[],[],[],[],[],[],[],[],[],[],[],[],[],[],[],[],[],[],[],[],[],[],[],[],[],[],[],[],[],[],[],[],[],[],[],[],[],[],[],[],[],[],[],[],[],[],[]]}