{"neow_bonuses_skipped_log":["ONE_RANDOM_RARE_CARD","THREE_ENEMY_KILL","BOSS_RELIC"],"potions_obtained_entropic_brew":[[],[],[],[],[],[],[],[],[],[],[],[],[],[],[],[],[],[],[],[],[],[],[],[],[]],"neow_costs_skipped_log":["NONE","NONE","NONE"],"gold_per_floor":[360,375,124,141,155,184,203,264,291,291,310,328,357,371,371,450,450,461,461,461,477,493,523,523,523],"floor_reached":25,"playtime":1467,"items_purged":[],"score":474,"play_id":"cf4a2e04-9a31-407e-8737-a0f8ae192960","local_time":"20250613160345","score_breakdown":["Floors Climbed (25): 125","Enemies Slain (11): 22","Exordium Elites Killed (2): 20","City Elites Killed (1): 20","Bosses Slain (1): 50","Ascension (20): 237"],"is_ascension_mode":true,"potions_obtained_alchemize":[[],[],[],[],[],[],[],[],[],[],[],[],[],[],[],[],[],[],[],[],[],[],[],[],[]],"campfire_choices":[{"floor":10,"key":"REST"},{"data":"Terror","floor":15,"key":"SMITH"},{"data":"Wraith Form v2","floor":24,"key":"SMITH"}],"lesson_learned_per_floor":[[],[],[],[],[],[],[],[],[],[],[],[],[],[],[],[],[],[],[],[],[],[],[],[],[]],"neow_cost":"TEN_PERCENT_HP_LOSS","improvable_cards":{},"seed_source_timestamp":212248107285200,"shop_contents":[{"floor":3,"relics":["Bottled Flame","Lee\u0027s Waffle"],"cards":["Slice","Masterful Stab","Calculated Gamble","Setup","Well Laid Plans","Madness","HandOfGreed"],"potions":["EssenceOfSteel","Swift Potion"]}],"circlet_count":0,"master_deck":["AscendersBane","Strike_G","Strike_G","Strike_G","Strike_G","Strike_G","Defend_G","Defend_G","Defend_G","Defend_G","Defend_G","Survivor","Neutralize","All Out Attack","Accuracy","Blade Dance","Adrenaline","Terror+1","Dash","Calculated Gamble","Predator","Cloak And Dagger","Escape Plan","Wraith Form v2+1","Decay","Tactician+1"],"potion_use_per_floor":[[],[],[],[],["SpeedPotion","LiquidMemories"],["Poison Potion"],["Regen Potion"],[],[],[],[],[],[],["Weak Potion"],[],[],[],["AttackPotion"],[],[],[],[],["Fire Potion"],[],["Fire Potion"]],"relics":["Ring of the Snake","Anchor","Orichalcum","Dream Catcher","Strawberry","Runic Pyramid","MutagenicStrength","Blood Vial"],"potions_floor_usage":[5,5,6,7,14,18,23,25],"damage_taken":[{"damage":5,"enemies":"Cultist","floor":1,"turns":5},{"damage":3,"enemies":"2 Louse","floor":2,"turns":3},{"damage":4,"enemies":"Jaw Worm","floor":4,"turns":5},{"damage":0,"enemies":"Large Slime","floor":5,"turns":5},{"damage":12,"enemies":"Lagavulin","floor":6,"turns":6},{"damage":11,"enemies":"Exordium Thugs","floor":7,"turns":6},{"damage":0,"enemies":"3 Louse","floor":11,"turns":3},{"damage":0,"enemies":"2 Fungi Beasts","floor":12,"turns":2},{"damage":9,"enemies":"3 Sentries","floor":13,"turns":7},{"damage":15,"enemies":"Exordium Thugs","floor":14,"turns":4},{"damage":14,"enemies":"Hexaghost","floor":16,"turns":9},{"damage":9,"enemies":"Shell Parasite","floor":18,"turns":5},{"damage":1,"enemies":"2 Thieves","floor":21,"turns":5},{"damage":14,"enemies":"Snake Plant","floor":22,"turns":5},{"damage":1,"enemies":"Book of Stabbing","floor":23,"turns":4},{"damage":38,"enemies":"Slavers","floor":25,"turns":6}],"seed_played":"8868502447504479725","neow_bonus_log":{"cardsObtained":[],"cardsUpgraded":[],"cardsRemoved":[],"cardsTransformed":[],"relicsObtained":[],"maxHpGained":0,"goldGained":250,"damageTaken":0,"goldLost":0,"maxHpLost":6},"potions_obtained":[{"floor":4,"key":"SpeedPotion"},{"floor":5,"key":"Poison Potion"},{"floor":6,"key":"Regen Potion"},{"floor":12,"key":"Weak Potion"},{"floor":14,"key":"AttackPotion"},{"floor":18,"key":"Fire Potion"},{"floor":21,"key":"Fire Potion"}],"is_trial":false,"path_per_floor":["M","M","$","M","M","E","M","?","T","R","M","M","E","M","R","B",null,"M","?","?","M","M","E","R","E"],"character_chosen":"THE_SILENT","basemod:card_modifiers":[null,null,null,null,null,null,null,null,null,null,null,null,null,null,null,null,null,null,null,null,null,null,null,null,null,null],"items_purchased":["Anchor","LiquidMemories"],"campfire_rested":1,"item_purchase_floors":[3,3],"current_hp_per_floor":[54,51,51,47,47,35,38,38,38,56,56,56,54,39,39,25,57,48,48,48,47,33,32,32,0],"gold":523,"neow_bonus":"TWO_FIFTY_GOLD","is_prod":false,"is_daily":false,"rewards_skipped":[],"chose_seed":false,"campfire_upgraded":2,"win_rate":0,"floor_exit_playtime":[128,175,245,283,383,453,519,528,532,541,581,642,729,795,804,902,920,1012,1044,1057,1139,1210,1291,1300],"timestamp":1749845025,"path_taken":["M","M","$","M","?","E","M","?","T","R","M","M","E","M","R","BOSS","M","?","?","?","M","E","R","E"],"build_version":"2022-12-18","purchased_purges":0,"victory":false,"max_hp_per_floor":[60,60,60,60,60,60,60,60,60,60,60,60,67,67,67,67,67,67,67,67,67,67,67,67,67],"relic_stats":{"Blood Vial":2,"Dream Catcher":1,"counters":[16,80],"Orichalcum":[54],"obtain_stats":[{"Blood Vial":23,"Anchor":3,"Dream Catcher":9,"Strawberry":13,"MutagenicStrength":19,"Orichalcum":6,"Ring of the Snake":0,"Runic Pyramid":17},{"Blood Vial":15,"Anchor":2,"Dream Catcher":6,"Strawberry":9,"MutagenicStrength":12,"Orichalcum":5,"Ring of the Snake":0,"Runic Pyramid":11},{"Blood Vial":74,"Anchor":8,"Dream Catcher":30,"Strawberry":42,"MutagenicStrength":60,"Orichalcum":24,"Ring of the Snake":0,"Runic Pyramid":55}],"Ring of the Snake":[32]},"card_choices":[{"not_picked":["Dagger Throw","PiercingWail"],"picked":"All Out Attack","floor":1},{"not_picked":["PiercingWail","Well Laid Plans"],"picked":"Accuracy","floor":2},{"not_picked":["Deadly Poison","Infinite Blades"],"picked":"Blade Dance","floor":4},{"not_picked":["Distraction","Deflect","Expertise"],"picked":"SKIP","floor":5},{"not_picked":["Distraction","Deflect","Expertise"],"picked":"SKIP","floor":5},{"not_picked":["Calculated Gamble","Flechettes"],"picked":"Adrenaline","floor":6},{"not_picked":["Deadly Poison","Flying Knee"],"picked":"Terror","floor":7},{"not_picked":["Choke","Quick Slash"],"picked":"Dash","floor":10},{"not_picked":["Bane","Eviscerate"],"picked":"Calculated Gamble","floor":11},{"not_picked":["Endless Agony","Deadly Poison"],"picked":"Predator","floor":12},{"not_picked":["Expertise","Deflect"],"picked":"Cloak And Dagger","floor":13},{"not_picked":["Expertise","Bane"],"picked":"Escape Plan","floor":14},{"not_picked":["Envenom","Doppelganger"],"picked":"Wraith Form v2","floor":16},{"not_picked":["Bane+1","Sucker Punch","Cloak And Dagger"],"picked":"SKIP","floor":18},{"not_picked":["Backflip","Footwork","Deflect"],"picked":"SKIP","floor":21},{"not_picked":["Dagger Throw","Flying Knee"],"picked":"Tactician+1","floor":22},{"not_picked":["Underhanded Strike","Poisoned Stab+1","Expertise"],"picked":"SKIP","floor":23}],"player_experience":2907978,"relics_obtained":[{"floor":6,"key":"Orichalcum"},{"floor":9,"key":"Dream Catcher"},{"floor":13,"key":"Strawberry"},{"floor":23,"key":"Blood Vial"}],"event_choices":[{"damage_healed":0,"gold_gain":61,"player_choice":"Gained Gold","damage_taken":0,"max_hp_gain":0,"max_hp_loss":0,"event_name":"Golden Wing","floor":8,"gold_loss":0},{"damage_healed":0,"gold_gain":0,"player_choice":"Inject Mutagens","damage_taken":0,"relics_obtained":["MutagenicStrength"],"max_hp_gain":0,"max_hp_loss":0,"event_name":"Drug Dealer","floor":19,"gold_loss":0},{"damage_healed":0,"gold_gain":0,"player_choice":"Cursed","damage_taken":0,"max_hp_gain":0,"max_hp_loss":0,"event_name":"Wheel of Change","floor":20,"gold_loss":0,"cards_obtained":["Decay"]}],"is_beta":false,"boss_relics":[{"not_picked":["Runic Dome","Busted Crown"],"picked":"Runic Pyramid"}],"items_purged_floors":[],"is_endless":false,"potions_floor_spawned":[4,5,6,12,14,18,21],"killed_by":"Slavers","ascension_level":20,"potion_discard_per_floor":[[],[],[],[],[],[],[],[],[],[],[],[],[],[],[],[],[],[],[],[],[],[],[],[],[]]}