{"neow_bonuses_skipped_log":["REMOVE_CARD","TEN_PERCENT_HP_BONUS","BOSS_RELIC"],"potions_obtained_entropic_brew":[[],[],[],[],[],[],[],[],[],[],[],[],[],[],[],[],[],[],[],[],[],[],[],[],[],[],[],[],[]],"neow_costs_skipped_log":["NONE","NONE","NONE"],"gold_per_floor":[111,130,150,150,11,45,45,4,4,4,38,38,51,63,63,136,136,151,164,164,8,21,21,21,21,46,78,95,95],"floor_reached":29,"playtime":1463,"items_purged":["Strike_G"],"score":606,"play_id":"f17bb463-5351-4edf-a328-0314629fb9f1","local_time":"20250614021320","score_breakdown":["Floors Climbed (29): 145","Enemies Slain (9): 18","Exordium Elites Killed (2): 20","City Elites Killed (1): 20","Bosses Slain (1): 50","Perfect (1): 50","Ascension (20): 303"],"is_ascension_mode":true,"potions_obtained_alchemize":[[],[],[],[],[],[],[],[],[],[],[],[],[],[],[],[],[],[],[],[],[],[],[],[],[],[],[],[],[]],"campfire_choices":[{"floor":7,"key":"REST"},{"data":"1","floor":12,"key":"LIFT"},{"data":"2","floor":15,"key":"LIFT"},{"floor":23,"key":"REST"},{"data":"Secret Technique","floor":25,"key":"SMITH"}],"lesson_learned_per_floor":[[],[],[],[],[],[],[],[],[],[],[],[],[],[],[],[],[],[],[],[],[],[],[],[],[],[],[],[],[]],"neow_cost":"TEN_PERCENT_HP_LOSS","improvable_cards":{},"seed_source_timestamp":248827360664500,"shop_contents":[{"floor":5,"relics":["Meat on the Bone","PreservedInsect","Chemical X"],"cards":["Riddle With Holes","Sucker Punch","Prepared","Deadly Poison","PanicButton","Panache"],"potions":["Energy Potion","BlessingOfTheForge"]},{"floor":8,"relics":["Ancient Tea Set","Anchor","Cauldron"],"cards":["Riddle With Holes","PiercingWail+1","Backflip+1","Infinite Blades","Discovery+1","HandOfGreed"],"potions":["Dexterity Potion","Poison Potion","DistilledChaos"]},{"floor":21,"relics":["Prayer Wheel","Pear","HandDrill"],"cards":["Poisoned Stab","Heel Hook","Caltrops","Impatience+1","Apotheosis+1"],"potions":["Block Potion","Dexterity Potion","Poison Potion"]}],"circlet_count":0,"master_deck":["AscendersBane","Strike_G","Strike_G","Strike_G","Strike_G","Defend_G","Defend_G","Defend_G","Defend_G","Survivor","Neutralize","Secret Technique+1","Deadly Poison","Bane","Crippling Poison","Well Laid Plans","Blade Dance+1","Masterful Stab","Dodge and Roll+1","Acrobatics+1","Tactician+1","Die Die Die","PiercingWail+1","Blade Dance+1","Backflip+1","Prepared+1","Setup+1","Doppelganger+1"],"potion_use_per_floor":[[],[],[],[],[],["DistilledChaos"],[],[],[],[],[],[],[],[],[],["PowerPotion"],[],[],[],[],[],[],[],[],[],[],[],["ColorlessPotion"],[]],"relics":["Ring of the Snake","Toxic Egg 2","Happy Flower","Girya","Runic Pyramid","Blood Vial","Dream Catcher"],"potions_floor_usage":[6,16,28],"damage_taken":[{"damage":0,"enemies":"Small Slimes","floor":1,"turns":5},{"damage":1,"enemies":"Jaw Worm","floor":2,"turns":4},{"damage":0,"enemies":"2 Louse","floor":3,"turns":4},{"damage":25,"enemies":"3 Sentries","floor":6,"turns":13},{"damage":15,"enemies":"Lagavulin","floor":11,"turns":5},{"damage":8,"enemies":"Lots of Slimes","floor":13,"turns":3},{"damage":0,"enemies":"Looter","floor":14,"turns":2},{"damage":0,"enemies":"Slime Boss","floor":16,"turns":4},{"damage":20,"enemies":"Shell Parasite","floor":18,"turns":3},{"damage":0,"enemies":"Chosen","floor":19,"turns":3},{"damage":12,"enemies":"Snake Plant","floor":22,"turns":4},{"damage":8,"enemies":"Gremlin Leader","floor":27,"turns":6},{"damage":31,"enemies":"Shelled Parasite and Fungi","floor":28,"turns":6},{"damage":9,"enemies":"Centurion and Healer","floor":29,"turns":1}],"seed_played":"8215805136726289131","neow_bonus_log":{"cardsObtained":[],"cardsUpgraded":[],"cardsRemoved":[],"cardsTransformed":[],"relicsObtained":[],"maxHpGained":0,"goldGained":0,"damageTaken":0,"goldLost":0,"maxHpLost":6},"potions_obtained":[{"floor":2,"key":"DistilledChaos"},{"floor":6,"key":"GhostInAJar"},{"floor":18,"key":"ColorlessPotion"},{"floor":28,"key":"CunningPotion"}],"is_trial":false,"path_per_floor":["M","M","M","?","$","E","R","$","T","?","E","R","M","M","R","B",null,"M","M","?","$","M","R","?","R","T","E","M","M"],"character_chosen":"THE_SILENT","basemod:card_modifiers":[null,null,null,null,null,null,null,null,null,null,null,null,null,null,null,null,null,null,null,null,null,null,null,null,null,null,null,null],"items_purchased":["PowerPotion","Well Laid Plans","Masterful Stab","Backflip+1","Prepared+1"],"campfire_rested":2,"item_purchase_floors":[5,5,8,21,21],"current_hp_per_floor":[59,58,58,51,51,26,44,44,44,49,34,34,26,26,26,26,55,35,35,35,35,23,42,42,42,42,36,7,0],"gold":95,"neow_bonus":"RANDOM_COLORLESS_2","is_prod":false,"is_daily":false,"rewards_skipped":[{"floor":22,"relics":[],"potions":["Dexterity Potion"]}],"chose_seed":false,"campfire_upgraded":1,"win_rate":0,"floor_exit_playtime":[103,146,182,191,212,381,395,401,403,406,501,506,602,647,652,761,784,877,951,981,996,1076,1081,1084,1090,1093,1286,1441],"timestamp":1749881600,"path_taken":["M","M","M","?","$","E","R","$","T","?","E","R","M","M","R","BOSS","M","M","?","$","?","R","?","R","T","E","M","M"],"build_version":"2022-12-18","purchased_purges":1,"victory":false,"max_hp_per_floor":[60,60,60,60,60,60,60,60,60,65,65,65,65,65,65,65,65,65,65,65,65,65,65,65,65,65,65,65,65],"relic_stats":{"Blood Vial":6,"Girya":2,"Dream Catcher":0,"Happy Flower":[12],"counters":[14,63],"obtain_stats":[{"Blood Vial":26,"Girya":11,"Dream Catcher":27,"Happy Flower":9,"Toxic Egg 2":6,"Ring of the Snake":0,"Runic Pyramid":17},{"Blood Vial":11,"Girya":5,"Dream Catcher":12,"Happy Flower":4,"Toxic Egg 2":4,"Ring of the Snake":0,"Runic Pyramid":8},{"Blood Vial":50,"Girya":31,"Dream Catcher":56,"Happy Flower":26,"Toxic Egg 2":26,"Ring of the Snake":0,"Runic Pyramid":40}],"Ring of the Snake":[28]},"card_choices":[{"not_picked":["The Bomb","Thinking Ahead"],"picked":"Secret Technique","floor":0},{"not_picked":["Cloak And Dagger","Catalyst"],"picked":"Deadly Poison","floor":1},{"not_picked":["Sucker Punch","Riddle With Holes"],"picked":"Bane","floor":2},{"not_picked":["Dagger Spray","Backflip"],"picked":"Crippling Poison","floor":3},{"not_picked":["Poisoned Stab","Deflect+1"],"picked":"Blade Dance+1","floor":6},{"not_picked":["Blur+1","Acrobatics+1"],"picked":"Dodge and Roll+1","floor":11},{"not_picked":["Masterful Stab","Eviscerate"],"picked":"Acrobatics+1","floor":13},{"not_picked":["Backflip+1","Expertise+1"],"picked":"Tactician+1","floor":14},{"not_picked":["Unload","Glass Knife"],"picked":"Die Die Die","floor":16},{"not_picked":["Dagger Throw","Slice"],"picked":"PiercingWail+1","floor":18},{"not_picked":["Choke","Deadly Poison+1"],"picked":"Blade Dance+1","floor":19},{"not_picked":["Sucker Punch","Choke"],"picked":"Setup+1","floor":22},{"not_picked":["Heel Hook","Sucker Punch","Dagger Throw"],"picked":"SKIP","floor":27},{"not_picked":["Deflect+1","Dagger Spray"],"picked":"Doppelganger+1","floor":28}],"player_experience":2910595,"relics_obtained":[{"floor":6,"key":"Toxic Egg 2"},{"floor":9,"key":"Happy Flower"},{"floor":11,"key":"Girya"},{"floor":26,"key":"Blood Vial"},{"floor":27,"key":"Dream Catcher"}],"event_choices":[{"cards_removed":["Defend_G"],"damage_healed":0,"gold_gain":0,"player_choice":"Card Removal","damage_taken":7,"max_hp_gain":0,"max_hp_loss":0,"event_name":"Golden Wing","floor":4,"gold_loss":0},{"damage_healed":0,"gold_gain":0,"player_choice":"Donut","damage_taken":0,"max_hp_gain":5,"max_hp_loss":0,"event_name":"Big Fish","floor":10,"gold_loss":0},{"damage_healed":0,"gold_gain":0,"player_choice":"0 cards matched","damage_taken":0,"max_hp_gain":0,"max_hp_loss":0,"event_name":"Match and Keep!","floor":20,"gold_loss":0,"cards_obtained":[]},{"damage_healed":0,"gold_gain":0,"player_choice":"Ignored","damage_taken":0,"max_hp_gain":0,"max_hp_loss":0,"event_name":"The Mausoleum","floor":24,"gold_loss":0}],"is_beta":false,"boss_relics":[{"not_picked":["Sozu","Tiny House"],"picked":"Runic Pyramid"}],"items_purged_floors":[21],"is_endless":false,"potions_floor_spawned":[2,6,18,22,28],"killed_by":"Centurion and Healer","ascension_level":20,"potion_discard_per_floor":[[],[],[],[],[],[],[],[],[],[],[],[],[],[],[],[],[],[],[],[],[],[],[],[],[],[],[],[],[]]}