{"neow_bonuses_skipped_log":["THREE_ENEMY_KILL","ONE_RARE_RELIC","BOSS_RELIC"],"neow_costs_skipped_log":["NONE","CURSE","NONE"],"potions_obtained_entropic_brew":[[],[],[],[],[],[],[],[],[],[],[],[],[],[],[],[]],"gold_per_floor":[117,137,137,153,153,153,168,185,209,241,241,270,270,270,270,270],"floor_reached":16,"playtime":792,"items_purged":[],"score":220,"play_id":"3aa4d031-6c12-4fd5-bc5f-203bd374a5ef","local_time":"20250621025919","score_breakdown":["Floors Climbed (16): 80","Enemies Slain (5): 10","Exordium Elites Killed (2): 20","Bosses Slain (0): 0","Ascension (20): 110"],"is_ascension_mode":true,"potions_obtained_alchemize":[[],[],[],[],[],[],[],[],[],[],[],[],[],[],[],[]],"campfire_choices":[{"data":"Blade Dance","floor":6,"key":"SMITH"},{"floor":11,"key":"REST"},{"data":"Acrobatics","floor":13,"key":"SMITH"},{"data":"Burst","floor":15,"key":"SMITH"}],"lesson_learned_per_floor":[[],[],[],[],[],[],[],[],[],[],[],[],[],[],[],[]],"neow_cost":"NONE","improvable_cards":{},"seed_source_timestamp":857061549499800,"shop_contents":[],"circlet_count":0,"master_deck":["AscendersBane","Strike_G","Strike_G","Strike_G","Strike_G","Strike_G","Defend_G","Defend_G","Defend_G","Survivor","Neutralize","Burst+1","Acrobatics+1","Blade Dance+1","Dagger Throw","Deflect","Adrenaline","Storm of Steel","Storm of Steel"],"potion_use_per_floor":[[],[],[],[],[],[],[],["SneckoOil"],[],["DuplicationPotion","Fire Potion"],[],[],[],[],[],[]],"relics":["Ring of the Snake","MealTicket","Boot","Strawberry"],"potions_floor_usage":[8,10,10],"damage_taken":[{"damage":7,"enemies":"Small Slimes","floor":1,"turns":5},{"damage":0,"enemies":"2 Louse","floor":2,"turns":5},{"damage":1,"enemies":"Cultist","floor":4,"turns":4},{"damage":7,"enemies":"3 Louse","floor":7,"turns":5},{"damage":1,"enemies":"Red Slaver","floor":8,"turns":3},{"damage":14,"enemies":"Lagavulin","floor":10,"turns":7},{"damage":20,"enemies":"Gremlin Nob","floor":12,"turns":3},{"damage":33,"enemies":"Slime Boss","floor":16,"turns":7}],"seed_played":"-6190616202555891705","neow_bonus_log":{"cardsObtained":["Burst"],"cardsUpgraded":[],"cardsRemoved":[],"cardsTransformed":[],"relicsObtained":[],"maxHpGained":0,"goldGained":0,"damageTaken":0,"goldLost":0,"maxHpLost":0},"potions_obtained":[{"floor":2,"key":"SneckoOil"},{"floor":4,"key":"Fire Potion"},{"floor":8,"key":"DuplicationPotion"}],"is_trial":false,"path_per_floor":["M","M","?","M","?","R","M","M","T","E","R","E","R","?","R","B"],"character_chosen":"THE_SILENT","basemod:card_modifiers":[null,null,null,null,null,null,null,null,null,null,null,null,null,null,null,null,null,null,null],"items_purchased":[],"campfire_rested":1,"item_purchase_floors":[],"current_hp_per_floor":[52,52,52,51,44,44,37,36,36,22,41,28,28,28,28,0],"gold":270,"neow_bonus":"ONE_RANDOM_RARE_CARD","is_prod":false,"is_daily":false,"rewards_skipped":[],"chose_seed":false,"campfire_upgraded":3,"win_rate":0,"floor_exit_playtime":[101,160,169,225,234,241,330,380,382,547,551,624,636,651,656],"timestamp":1750489159,"path_taken":["M","M","?","M","?","R","M","M","T","E","R","E","R","?","R","BOSS"],"build_version":"2022-12-18","purchased_purges":0,"victory":false,"max_hp_per_floor":[66,66,66,66,66,66,66,66,66,66,66,73,73,73,73,73],"relic_stats":{"counters":[8,39],"MealTicket":0,"Boot":[43],"obtain_stats":[{"Strawberry":12,"MealTicket":9,"Boot":10,"Ring of the Snake":0},{"Strawberry":7,"MealTicket":5,"Boot":6,"Ring of the Snake":0},{"Strawberry":32,"MealTicket":22,"Boot":29,"Ring of the Snake":0}],"Ring of the Snake":[16]},"card_choices":[{"not_picked":["Dodge and Roll","Tactician"],"picked":"Acrobatics","floor":1},{"not_picked":["Dagger Spray","Skewer"],"picked":"Blade Dance","floor":2},{"not_picked":["Prepared","Outmaneuver"],"picked":"Dagger Throw","floor":4},{"not_picked":["Dodge and Roll","Deadly Poison"],"picked":"Deflect","floor":7},{"not_picked":["Outmaneuver","Heel Hook"],"picked":"Adrenaline","floor":8},{"not_picked":["Cloak And Dagger","Dagger Spray"],"picked":"Storm of Steel","floor":10},{"not_picked":["Riddle With Holes","Dodge and Roll","Choke"],"picked":"SKIP","floor":12}],"player_experience":2922563,"relics_obtained":[{"floor":9,"key":"MealTicket"},{"floor":10,"key":"Boot"},{"floor":12,"key":"Strawberry"}],"event_choices":[{"damage_healed":0,"gold_gain":0,"player_choice":"Ignored","damage_taken":0,"max_hp_gain":0,"max_hp_loss":0,"event_name":"Liars Game","floor":3,"gold_loss":0},{"cards_removed":["Defend_G"],"damage_healed":0,"gold_gain":0,"player_choice":"Card Removal","damage_taken":7,"max_hp_gain":0,"max_hp_loss":0,"event_name":"Golden Wing","floor":5,"gold_loss":0},{"damage_healed":0,"gold_gain":0,"cards_transformed":["Defend_G"],"player_choice":"Change","damage_taken":0,"max_hp_gain":0,"max_hp_loss":0,"event_name":"Living Wall","floor":14,"gold_loss":0,"cards_obtained":["Storm of Steel"]}],"is_beta":false,"boss_relics":[],"items_purged_floors":[],"is_endless":false,"potions_floor_spawned":[2,4,8],"killed_by":"Slime Boss","ascension_level":20,"potion_discard_per_floor":[[],[],[],[],[],[],[],[],[],[],[],[],[],[],[],[]]}