{"neow_bonuses_skipped_log":["RANDOM_COLORLESS","THREE_SMALL_POTIONS","BOSS_RELIC"],"neow_costs_skipped_log":["NONE","NONE","NONE"],"potions_obtained_entropic_brew":[[],[],[],[],[],[],[],[],[],[],[],[],[],[],[],[],[],[],[],[],[],[],[],[]],"gold_per_floor":[13,13,37,52,73,73,104,104,151,172,187,208,44,59,59,149,149,170,183,219,237,152,152,152],"floor_reached":24,"playtime":1021,"items_purged":["Strike_G"],"score":404,"play_id":"48013961-4f9b-4abe-bb5c-d800be19822d","local_time":"20250623100929","score_breakdown":["Floors Climbed (24): 120","Enemies Slain (11): 22","Exordium Elites Killed (1): 10","City Elites Killed (0): 0","Bosses Slain (1): 50","Ascension (20): 202"],"is_ascension_mode":true,"potions_obtained_alchemize":[[],[],[],[],[],[],[],[],[],[],[],[],[],[],[],[],[],[],[],[],[],[],[],[]],"campfire_choices":[{"data":"Skewer","floor":6,"key":"SMITH"},{"floor":8,"key":"REST"},{"data":"Noxious Fumes","floor":15,"key":"SMITH"},{"data":"Wraith Form v2","floor":23,"key":"SMITH"}],"lesson_learned_per_floor":[[],[],[],[],[],[],[],[],[],[],[],[],[],[],[],[],[],[],[],[],[],[],[],[]],"neow_cost":"NO_GOLD","improvable_cards":{},"seed_source_timestamp":27807893267400,"shop_contents":[{"floor":13,"relics":["Orichalcum","Molten Egg 2","HandDrill"],"cards":["Dagger Throw","Riddle With Holes","Backflip","PiercingWail","Impatience","Transmutation"],"potions":["SteroidPotion","Weak Potion","Dexterity Potion"]}],"circlet_count":0,"master_deck":["AscendersBane","Strike_G","Strike_G","Strike_G","Defend_G","Defend_G","Defend_G","Defend_G","Survivor","Neutralize","Poisoned Stab","Skewer+1","Underhanded Strike","Deadly Poison","Burst","Prepared","Dash","Noxious Fumes+1","Wraith Form v2+1"],"potion_use_per_floor":[[],[],[],[],[],[],["Fire Potion"],[],[],[],[],[],[],[],[],[],[],["DuplicationPotion"],[],[],[],[],[],["Swift Potion"]],"relics":["Ring of the Snake","Golden Idol","HornCleat","Oddly Smooth Stone","Philosopher\u0027s Stone","Red Mask","Art of War"],"potions_floor_usage":[7,18,24],"damage_taken":[{"damage":0,"enemies":"Jaw Worm","floor":1,"turns":6},{"damage":4,"enemies":"Small Slimes","floor":3,"turns":3},{"damage":1,"enemies":"Cultist","floor":4,"turns":4},{"damage":6,"enemies":"Exordium Thugs","floor":5,"turns":4},{"damage":22,"enemies":"Lagavulin","floor":7,"turns":6},{"damage":0,"enemies":"2 Fungi Beasts","floor":10,"turns":4},{"damage":2,"enemies":"Looter","floor":11,"turns":2},{"damage":10,"enemies":"Gremlin Gang","floor":12,"turns":4},{"damage":0,"enemies":"Blue Slaver","floor":14,"turns":2},{"damage":7,"enemies":"Hexaghost","floor":16,"turns":9},{"damage":2,"enemies":"Spheric Guardian","floor":18,"turns":5},{"damage":0,"enemies":"Chosen","floor":19,"turns":5},{"damage":25,"enemies":"Masked Bandits","floor":20,"turns":5},{"damage":0,"enemies":"Snecko","floor":21,"turns":5},{"damage":24,"enemies":"Slavers","floor":24,"turns":6}],"seed_played":"-3145241396700480218","neow_bonus_log":{"cardsObtained":[],"cardsUpgraded":[],"cardsRemoved":["Strike_G","Defend_G"],"cardsTransformed":[],"relicsObtained":[],"maxHpGained":0,"goldGained":0,"damageTaken":0,"goldLost":99,"maxHpLost":0},"potions_obtained":[{"floor":3,"key":"Fire Potion"},{"floor":4,"key":"Ancient Potion"},{"floor":7,"key":"GamblersBrew"},{"floor":16,"key":"DuplicationPotion"},{"floor":21,"key":"Swift Potion"}],"is_trial":false,"path_per_floor":["M","?","M","M","M","R","E","R","T","M","M","M","$","M","R","B",null,"M","M","?","M","?","R","E"],"character_chosen":"THE_SILENT","basemod:card_modifiers":[null,null,null,null,null,null,null,null,null,null,null,null,null,null,null,null,null,null,null],"items_purchased":["Noxious Fumes"],"campfire_rested":1,"item_purchase_floors":[13],"current_hp_per_floor":[59,59,55,54,48,48,26,44,44,44,42,32,32,32,32,25,51,49,49,24,24,24,24,0],"gold":152,"neow_bonus":"REMOVE_TWO","is_prod":false,"is_daily":false,"rewards_skipped":[{"floor":12,"relics":[],"potions":["SmokeBomb"]}],"chose_seed":false,"campfire_upgraded":3,"win_rate":0,"floor_exit_playtime":[79,85,121,172,215,223,282,285,288,331,354,431,446,495,500,604,625,692,742,842,917,923,930],"timestamp":1750687769,"path_taken":["M","?","M","M","M","R","E","R","T","M","M","M","$","M","R","BOSS","M","M","?","M","?","R","E"],"build_version":"2022-12-18","purchased_purges":1,"victory":false,"max_hp_per_floor":[66,60,60,60,60,60,60,60,60,60,60,60,60,60,60,60,60,60,60,60,60,60,60,60],"relic_stats":{"counters":[15,70],"Golden Idol":68,"Art of War":[1],"obtain_stats":[{"HornCleat":7,"Golden Idol":2,"Oddly Smooth Stone":9,"Philosopher\u0027s Stone":17,"Red Mask":20,"Art of War":22,"Ring of the Snake":0},{"HornCleat":5,"Golden Idol":1,"Oddly Smooth Stone":5,"Philosopher\u0027s Stone":10,"Red Mask":13,"Art of War":14,"Ring of the Snake":0},{"HornCleat":23,"Golden Idol":6,"Oddly Smooth Stone":23,"Philosopher\u0027s Stone":44,"Red Mask":59,"Art of War":64,"Ring of the Snake":0}],"Ring of the Snake":[30]},"card_choices":[{"not_picked":["Blur","Tactician"],"picked":"Poisoned Stab","floor":1},{"not_picked":["Dodge and Roll","Reflex"],"picked":"Skewer","floor":3},{"not_picked":["PiercingWail","Acrobatics"],"picked":"Underhanded Strike","floor":4},{"not_picked":["Deadly Poison","Tactician","Sucker Punch"],"picked":"SKIP","floor":5},{"not_picked":["Concentrate","Underhanded Strike","Deadly Poison"],"picked":"SKIP","floor":7},{"not_picked":["Concentrate","Underhanded Strike"],"picked":"Deadly Poison","floor":7},{"not_picked":["Dagger Spray","Underhanded Strike"],"picked":"Burst","floor":10},{"not_picked":["PiercingWail","Sucker Punch"],"picked":"Prepared","floor":11},{"not_picked":["Cloak And Dagger","Bane"],"picked":"Dash","floor":12},{"not_picked":["Endless Agony","Flying Knee","Phantasmal Killer"],"picked":"SKIP","floor":14},{"not_picked":["Glass Knife","Bullet Time"],"picked":"Wraith Form v2","floor":16},{"not_picked":["Blade Dance","Blur","Eviscerate"],"picked":"SKIP","floor":18},{"not_picked":["Backflip","Slice+1","Underhanded Strike"],"picked":"SKIP","floor":19},{"not_picked":["Choke","Poisoned Stab","Blur"],"picked":"SKIP","floor":20},{"not_picked":["Tactician","Cloak And Dagger","Leg Sweep"],"picked":"SKIP","floor":21}],"player_experience":2924308,"relics_obtained":[{"floor":7,"key":"HornCleat"},{"floor":9,"key":"Oddly Smooth Stone"},{"floor":20,"key":"Red Mask"}],"event_choices":[{"damage_healed":0,"gold_gain":0,"player_choice":"Lose Max HP","damage_taken":0,"relics_obtained":["Golden Idol"],"max_hp_gain":0,"max_hp_loss":6,"event_name":"Golden Idol","floor":2,"gold_loss":0},{"damage_healed":0,"gold_gain":0,"player_choice":"Fought Bandits","damage_taken":0,"max_hp_gain":0,"max_hp_loss":0,"event_name":"Masked Bandits","floor":20,"gold_loss":0},{"damage_healed":0,"gold_gain":0,"player_choice":"Obtained Relic","damage_taken":0,"relics_obtained":["Art of War"],"max_hp_gain":0,"max_hp_loss":0,"event_name":"Addict","floor":22,"gold_loss":85}],"is_beta":false,"boss_relics":[{"not_picked":["Coffee Dripper","Ring of the Serpent"],"picked":"Philosopher\u0027s Stone"}],"items_purged_floors":[13],"is_endless":false,"potions_floor_spawned":[3,4,7,12,16,21],"killed_by":"Slavers","ascension_level":20,"potion_discard_per_floor":[[],[],[],[],[],[],[],[],[],[],[],[],[],[],[],["GamblersBrew"],[],[],[],[],[],[],[],[]]}