{"neow_bonuses_skipped_log":["UPGRADE_CARD","THREE_SMALL_POTIONS","BOSS_RELIC"],"potions_obtained_entropic_brew":[[],[],[],[],[],[],[],[],[],[],[],[],[],[],[],[],[],[],[],[],[],[],[],[],[],[],[]],"neow_costs_skipped_log":["NONE","NONE","NONE"],"gold_per_floor":[12,12,12,37,56,56,96,96,96,117,140,105,155,198,198,287,287,300,300,37,50,63,63,96,115,167,167],"floor_reached":27,"playtime":953,"items_purged":[],"score":486,"play_id":"60a376af-804a-407b-9eae-fdee521afe7a","local_time":"20250621185656","score_breakdown":["Floors Climbed (27): 135","Enemies Slain (9): 18","Exordium Elites Killed (2): 20","City Elites Killed (1): 20","Bosses Slain (1): 50","Ascension (20): 243"],"is_ascension_mode":true,"potions_obtained_alchemize":[[],[],[],[],[],[],[],[],[],[],[],[],[],[],[],[],[],[],[],[],[],[],[],[],[],[],[]],"campfire_choices":[{"data":"Poisoned Stab","floor":6,"key":"SMITH"},{"data":"Dagger Spray","floor":8,"key":"SMITH"},{"data":"Calculated Gamble","floor":15,"key":"SMITH"},{"floor":23,"key":"REST"}],"lesson_learned_per_floor":[[],[],[],[],[],[],[],[],[],[],[],[],[],[],[],[],[],[],[],[],[],[],[],[],[],[],[]],"neow_cost":"NO_GOLD","improvable_cards":{},"seed_source_timestamp":914358491434600,"shop_contents":[{"floor":20,"relics":["Blue Candle","Pen Nib"],"cards":["Finisher","Poisoned Stab","Bullet Time","Outmaneuver","Wraith Form v2","Enlightenment"],"potions":["Block Potion","SkillPotion","PowerPotion"]}],"circlet_count":0,"master_deck":["AscendersBane","Strike_G","Strike_G","Strike_G","Strike_G","Defend_G","Defend_G","Defend_G","Defend_G","Survivor","Neutralize","Sucker Punch","Poisoned Stab+1","Poisoned Stab","Calculated Gamble+1","Dagger Spray+1","Blade Dance","Glass Knife","Phantasmal Killer","Storm of Steel","Apotheosis","Acrobatics","Blade Dance+1"],"potion_use_per_floor":[[],[],[],[],[],[],[],[],[],["CunningPotion"],[],[],[],[],[],["Swift Potion"],[],[],[],[],["AttackPotion"],[],[],[],[],[],[]],"relics":["Ring of the Snake","Golden Idol","Shuriken","Singing Bowl","Oddly Smooth Stone","Sozu","Membership Card","Meat on the Bone","Dream Catcher"],"potions_floor_usage":[10,16,21],"damage_taken":[{"damage":2,"enemies":"2 Louse","floor":1,"turns":3},{"damage":0,"enemies":"Small Slimes","floor":4,"turns":3},{"damage":0,"enemies":"Cultist","floor":5,"turns":3},{"damage":29,"enemies":"Lagavulin","floor":7,"turns":8},{"damage":0,"enemies":"Gremlin Gang","floor":10,"turns":1},{"damage":6,"enemies":"3 Louse","floor":11,"turns":2},{"damage":10,"enemies":"3 Sentries","floor":14,"turns":6},{"damage":27,"enemies":"The Guardian","floor":16,"turns":11},{"damage":0,"enemies":"Chosen","floor":18,"turns":3},{"damage":2,"enemies":"Spheric Guardian","floor":21,"turns":3},{"damage":18,"enemies":"Snecko","floor":22,"turns":3},{"damage":52,"enemies":"Gremlin Leader","floor":24,"turns":6},{"damage":0,"enemies":"Centurion and Healer","floor":25,"turns":4},{"damage":21,"enemies":"Cultist and Chosen","floor":27,"turns":5}],"seed_played":"-7718733336225318050","neow_bonus_log":{"cardsObtained":["Sucker Punch","Poisoned Stab"],"cardsUpgraded":[],"cardsRemoved":[],"cardsTransformed":["Strike_G","Defend_G"],"relicsObtained":[],"maxHpGained":0,"goldGained":0,"damageTaken":0,"goldLost":99,"maxHpLost":0},"potions_obtained":[{"floor":7,"key":"CunningPotion"},{"floor":11,"key":"Swift Potion"},{"floor":16,"key":"AttackPotion"}],"is_trial":false,"path_per_floor":["M","?","?","M","M","R","E","R","T","M","M","?","?","E","R","B",null,"M","?","$","M","M","R","E","M","T","M"],"character_chosen":"THE_SILENT","basemod:card_modifiers":[null,null,null,null,null,null,null,null,null,null,null,null,null,null,null,null,null,null,null,null,null,null,null],"items_purchased":["Membership Card","Apotheosis"],"campfire_rested":1,"item_purchase_floors":[20,20],"current_hp_per_floor":[57,57,62,62,62,62,33,33,33,33,29,45,45,35,35,8,52,54,54,54,54,36,57,7,19,19,0],"gold":167,"neow_bonus":"TRANSFORM_TWO_CARDS","is_prod":false,"is_daily":false,"rewards_skipped":[{"floor":22,"relics":[],"potions":["AttackPotion"]},{"floor":24,"relics":[],"potions":["Energy Potion"]},{"floor":25,"relics":[],"potions":["Block Potion"]}],"chose_seed":false,"campfire_upgraded":3,"win_rate":0,"floor_exit_playtime":[82,85,90,122,154,158,229,234,237,279,324,331,334,404,418,554,574,612,637,681,717,753,754,851,894,897],"timestamp":1750546616,"path_taken":["M","?","?","M","M","R","E","R","T","M","M","?","?","E","R","BOSS","M","?","$","M","M","R","E","M","T","?"],"build_version":"2022-12-18","purchased_purges":0,"victory":false,"max_hp_per_floor":[66,60,65,65,65,65,65,65,65,65,67,67,67,67,67,67,67,69,69,69,71,71,71,73,73,73,73],"relic_stats":{"Sozu":3,"Dream Catcher":0,"Singing Bowl":8,"counters":[14,61],"Golden Idol":73,"Shuriken":[31],"Membership Card":105,"obtain_stats":[{"Sozu":17,"Dream Catcher":26,"Singing Bowl":9,"Golden Idol":2,"Shuriken":7,"Oddly Smooth Stone":14,"Membership Card":20,"Ring of the Snake":0,"Meat on the Bone":24},{"Sozu":8,"Dream Catcher":13,"Singing Bowl":4,"Golden Idol":1,"Shuriken":4,"Oddly Smooth Stone":7,"Membership Card":9,"Ring of the Snake":0,"Meat on the Bone":12},{"Sozu":37,"Dream Catcher":56,"Singing Bowl":17,"Golden Idol":3,"Shuriken":17,"Oddly Smooth Stone":26,"Membership Card":40,"Ring of the Snake":0,"Meat on the Bone":52}],"Ring of the Snake":[28],"Meat on the Bone":12},"card_choices":[{"not_picked":["Deadly Poison","Underhanded Strike"],"picked":"Poisoned Stab","floor":1},{"not_picked":["Skewer","Cloak And Dagger","Quick Slash"],"picked":"SKIP","floor":4},{"not_picked":["Acrobatics","Reflex"],"picked":"Calculated Gamble","floor":5},{"not_picked":["Sucker Punch","Concentrate"],"picked":"Dagger Spray","floor":7},{"not_picked":["Burst","Backstab"],"picked":"Blade Dance","floor":10},{"not_picked":["Underhanded Strike","Heel Hook","Sucker Punch"],"picked":"Singing Bowl","floor":11},{"not_picked":["Finisher","Distraction"],"picked":"Glass Knife","floor":14},{"not_picked":["Bullet Time","Tools of the Trade"],"picked":"Phantasmal Killer","floor":16},{"not_picked":["Accuracy","Quick Slash","Setup"],"picked":"Singing Bowl","floor":18},{"not_picked":["Dodge and Roll","Choke","Deadly Poison"],"picked":"Singing Bowl","floor":21},{"not_picked":["Bane+1","Dagger Spray"],"picked":"Acrobatics","floor":22},{"not_picked":["All Out Attack","Predator","Escape Plan"],"picked":"Singing Bowl","floor":24},{"not_picked":["Tactician","Bouncing Flask"],"picked":"Blade Dance+1","floor":25}],"player_experience":2923355,"relics_obtained":[{"floor":7,"key":"Shuriken"},{"floor":9,"key":"Singing Bowl"},{"floor":14,"key":"Oddly Smooth Stone"},{"floor":24,"key":"Meat on the Bone"},{"floor":26,"key":"Dream Catcher"}],"event_choices":[{"damage_healed":0,"gold_gain":0,"player_choice":"Lose Max HP","damage_taken":0,"relics_obtained":["Golden Idol"],"max_hp_gain":0,"max_hp_loss":6,"event_name":"Golden Idol","floor":2,"gold_loss":0},{"damage_healed":0,"gold_gain":0,"player_choice":"Donut","damage_taken":0,"max_hp_gain":5,"max_hp_loss":0,"event_name":"Big Fish","floor":3,"gold_loss":0},{"damage_healed":16,"gold_gain":0,"player_choice":"Healed","damage_taken":0,"max_hp_gain":0,"max_hp_loss":0,"event_name":"The Cleric","floor":12,"gold_loss":35},{"damage_healed":0,"gold_gain":50,"player_choice":"Pray","damage_taken":0,"max_hp_gain":0,"max_hp_loss":0,"event_name":"Golden Shrine","floor":13,"gold_loss":0},{"damage_healed":0,"gold_gain":0,"player_choice":"1 cards matched","damage_taken":0,"max_hp_gain":0,"max_hp_loss":0,"event_name":"Match and Keep!","floor":19,"gold_loss":0,"cards_obtained":["Storm of Steel"]}],"is_beta":false,"boss_relics":[{"not_picked":["SacredBark","Snecko Eye"],"picked":"Sozu"}],"items_purged_floors":[],"is_endless":false,"potions_floor_spawned":[7,11,16,22,24,25],"killed_by":"Cultist and Chosen","ascension_level":20,"potion_discard_per_floor":[[],[],[],[],[],[],[],[],[],[],[],[],[],[],[],[],[],[],[],[],[],[],[],[],[],[],[]]}