{"neow_bonuses_skipped_log":["UPGRADE_CARD","THREE_RARE_CARDS","BOSS_RELIC"],"neow_costs_skipped_log":["NONE","PERCENT_DAMAGE","NONE"],"potions_obtained_entropic_brew":[[],[],[],[],[],[],[],[],[],[],[],[],[],[],[],[],[],[],[],[],[],[],[],[],[],[],[],[],[],[],["PowerPotion","AttackPotion"],[],[],[],[],[],[],[],[],[],[],[],[],[],[],[],[],[],[],[]],"gold_per_floor":[111,111,131,149,149,149,169,198,224,224,24,24,24,69,69,140,140,160,160,83,101,136,136,156,175,175,175,175,194,214,224,224,297,297,310,310,357,382,332,332,362,381,381,406,406,436,448,670,670,670],"floor_reached":50,"playtime":3888,"items_purged":["Flying Knee","Finisher"],"score":1276,"play_id":"1f2a5745-08c2-4031-aca3-c5642f5f51c3","local_time":"20250620100708","falling_options_log":["Neutralize","Survivor"],"score_breakdown":["Floors Climbed (50): 250","Enemies Slain (14): 28","Exordium Elites Killed (2): 20","City Elites Killed (0): 0","Beyond Elites Killed (3): 90","Bosses Slain (2): 150","Champion (3): 75","C-c-c-combo: 25","Ascension (20): 638"],"is_ascension_mode":true,"potions_obtained_alchemize":[[],[],[],[],[],[],[],[],[],[],[],[],[],[],[],[],[],["DistilledChaos"],[],[],["SpeedPotion"],[],[],["SkillPotion"],[],[],[],[],[],["EntropicBrew"],["BlessingOfTheForge"],[],["BlessingOfTheForge"],[],["Strength Potion"],[],["Explosive Potion"],[],[],[],["Ancient Potion"],[],[],[],[],[],["FearPotion"],[],[],["LiquidBronze"]],"campfire_choices":[{"data":"All Out Attack","floor":6,"key":"SMITH"},{"data":"Terror","floor":10,"key":"SMITH"},{"data":"Acrobatics","floor":12,"key":"SMITH"},{"data":"Malaise","floor":15,"key":"SMITH"},{"data":"Prepared","floor":23,"key":"SMITH"},{"data":"Calculated Gamble","floor":28,"key":"SMITH"},{"data":"Tactician","floor":32,"key":"SMITH"},{"data":"Reflex","floor":40,"key":"SMITH"},{"data":"Venomology","floor":45,"key":"SMITH"},{"floor":49,"key":"RECALL"}],"lesson_learned_per_floor":[[],[],[],[],[],[],[],[],[],[],[],[],[],[],[],[],[],[],[],[],[],[],[],[],[],[],[],[],[],[],[],[],[],[],[],[],[],[],[],[],[],[],[],[],[],[],[],[],[],[]],"neow_cost":"NONE","improvable_cards":{},"seed_source_timestamp":793220786737200,"shop_contents":[{"floor":11,"relics":["Happy Flower","Pocketwatch"],"cards":["Predator","Riddle With Holes","Deflect","Cloak And Dagger","Accuracy","Discovery","Violence"],"potions":["DistilledChaos","FearPotion"]},{"floor":13,"relics":["Omamori","Vajra","HandDrill"],"cards":["Bane","Slice","Bullet Time","Catalyst","Caltrops","Madness","Sadistic Nature"],"potions":["Fruit Juice","Strength Potion","Fire Potion"]},{"floor":20,"relics":["Bottled Flame","Molten Egg 2","Cauldron"],"cards":["Dagger Throw","All Out Attack","Expertise","Accuracy","Mind Blast","Transmutation"],"potions":["LiquidBronze","DistilledChaos","SkillPotion"]},{"floor":39,"relics":["Strawberry","Darkstone Periapt","Orrery"],"cards":["All Out Attack","Dagger Spray","Backflip","Reflex","Infinite Blades","Panacea","Magnetism"],"potions":["Energy Potion","CunningPotion","Dexterity Potion"]}],"circlet_count":0,"master_deck":["AscendersBane","Survivor","Neutralize","All Out Attack+1","Terror+1","Acrobatics+1","Malaise+1","Die Die Die","Outmaneuver","Noxious Fumes","Prepared+1","Escape Plan","Venomology+1","Expertise","A Thousand Cuts","Reflex+1","Backstab+1","Calculated Gamble+1","Tactician+1","After Image","Choke+1"],"special_seed":0,"potion_use_per_floor":[[],[],[],[],[],[],[],["Poison Potion"],[],[],[],[],[],["ColorlessPotion"],[],["Fire Potion"],[],["DistilledChaos"],[],[],[],[],[],["DistilledChaos"],[],[],[],[],["Fruit Juice"],["BlessingOfTheForge"],["SpeedPotion","EntropicBrew","AttackPotion"],[],["PowerPotion"],[],["CultistPotion"],[],["Strength Potion"],[],[],[],["Explosive Potion"],[],[],[],[],[],["PowerPotion","FearPotion"],[],[],[]],"relics":["Ring of the Snake","Bag of Marbles","MealTicket","Centennial Puzzle","Membership Card","Bag of Preparation","Pandora\u0027s Box","Red Mask","Question Card","MutagenicStrength","Coffee Dripper","Du-Vu Doll","Ice Cream","Mercury Hourglass","Letter Opener","Lantern","Smiling Mask"],"potions_floor_usage":[8,14,16,18,24,29,30,31,31,31,33,35,37,41,47,47],"damage_taken":[{"damage":0.0,"enemies":"2 Louse","floor":1.0,"turns":3.0},{"damage":0.0,"enemies":"Cultist","floor":3.0,"turns":3.0},{"damage":0.0,"enemies":"Jaw Worm","floor":4.0,"turns":4.0},{"damage":2,"enemies":"Exordium Wildlife","floor":7,"turns":4},{"damage":6,"enemies":"Gremlin Nob","floor":8,"turns":3},{"damage":7,"enemies":"Lagavulin","floor":14,"turns":5},{"damage":34,"enemies":"Slime Boss","floor":16,"turns":11},{"damage":5,"enemies":"Shell Parasite","floor":18,"turns":7},{"damage":5,"enemies":"2 Thieves","floor":21,"turns":2},{"damage":0,"enemies":"Masked Bandits","floor":22,"turns":1},{"damage":3,"enemies":"Centurion and Healer","floor":24,"turns":5},{"damage":3,"enemies":"Snake Plant","floor":25,"turns":3},{"damage":12,"enemies":"Snecko","floor":29,"turns":3},{"damage":7,"enemies":"Shelled Parasite and Fungi","floor":30,"turns":2},{"damage":0,"enemies":"Centurion and Healer","floor":31,"turns":1},{"damage":3,"enemies":"Automaton","floor":33,"turns":3},{"damage":6,"enemies":"3 Darklings","floor":35,"turns":2},{"damage":13,"enemies":"2 Orb Walkers","floor":37,"turns":4},{"damage":0,"enemies":"Mind Bloom Boss Battle","floor":38,"turns":2},{"damage":0,"enemies":"Reptomancer","floor":41,"turns":2},{"damage":0,"enemies":"Orb Walker","floor":42,"turns":1},{"damage":0,"enemies":"Giant Head","floor":44,"turns":2},{"damage":0,"enemies":"Nemesis","floor":46,"turns":3},{"damage":0,"enemies":"Transient","floor":47,"turns":2},{"damage":37,"enemies":"Time Eater","floor":50,"turns":5}],"green_key_taken_log":46,"seed_played":"-6181872808976643034","neow_bonus_log":{"cardsObtained":[],"cardsUpgraded":[],"cardsRemoved":[],"cardsTransformed":[],"relicsObtained":["Bag of Marbles"],"maxHpGained":0,"goldGained":0,"damageTaken":0,"goldLost":0,"maxHpLost":0},"potions_obtained":[{"floor":3.0,"key":"ColorlessPotion"},{"floor":7,"key":"Poison Potion"},{"floor":14,"key":"DistilledChaos"},{"floor":18,"key":"Poison Potion"},{"floor":25,"key":"Fruit Juice"},{"floor":29,"key":"BlessingOfTheForge"},{"floor":31,"key":"PowerPotion"},{"floor":33,"key":"CultistPotion"}],"is_trial":false,"path_per_floor":["M","?","M","M","?","R","M","E","T","R","$","R","$","E","R","B",null,"M","?","$","M","?","R","M","M","T","?","R","M","M","M","R","B",null,"M","?","?","?","$","R","E","M","T","E","R","E","M","?","R","B"],"character_chosen":"THE_SILENT","basemod:card_modifiers":[null,null,null,null,null,null,null,null,null,null,null,null,null,null,null,null,null,null,null,null,null],"items_purchased":["Membership Card","Fire Potion","Reflex"],"campfire_rested":0,"item_purchase_floors":[11,11,20],"current_hp_per_floor":[59,59,59,59,59,59,57,51,51,51,66,66,66,59,59,25,56,51,51,66,61,61,61,58,55,55,55,55,48,41,41,41,38,63,57,57,44,44,59,59,59,59,59,59,59,59,59,59,59,22],"gold":670,"neow_bonus":"RANDOM_COMMON_RELIC","is_prod":false,"is_daily":false,"rewards_skipped":[{"floor":37,"relics":[],"potions":["EssenceOfSteel"]},{"floor":44,"relics":[],"potions":["Strength Potion"]},{"floor":46,"relics":[],"potions":["SmokeBomb"]}],"chose_seed":false,"campfire_upgraded":9,"win_rate":0,"floor_exit_playtime":[133,138,159,211,216,222,270,325,333,348,363,368,379,438,443,618,701,940,1023,1068,1177,1200,1223,1396,1463,1466,1477,1495,1561,1684,1772,1796,2090,2114,2185,2194,2495,2640,2852,2864,3023,3073,3076,3276,3288,3505,3757,3761,3774],"timestamp":1750428428,"path_taken":["M","?","M","M","?","R","M","E","T","R","$","R","?","E","R","BOSS","M","?","$","M","?","R","M","M","T","?","R","M","M","M","R","BOSS","M","?","?","?","$","R","E","M","T","E","R","E","M","?","R","BOSS"],"build_version":"2022-12-18","purchased_purges":2,"victory":false,"max_hp_per_floor":[66,66,66,66,66,66,66,66,66,66,66,66,66,66,66,66,66,66,66,66,66,66,66,66,66,66,66,66,71,71,71,71,71,71,71,71,71,71,71,71,71,71,71,71,71,71,71,71,71,71],"relic_stats":{"Ice Cream":[3],"counters":[25,82],"Bag of Preparation":[38],"Letter Opener":[157],"Question Card":12,"Smiling Mask":0,"Mercury Hourglass":[31],"Centennial Puzzle":[36],"MealTicket":45,"Pandora\u0027s Box":["Outmaneuver","Noxious Fumes","Bane","Prepared","Escape Plan","Finisher","Venomology","Expertise","A Thousand Cuts"],"Membership Card":153,"obtain_stats":[{"Ice Cream":38,"Lantern":44,"Bag of Preparation":14,"Letter Opener":43,"Question Card":26,"Smiling Mask":46,"Mercury Hourglass":41,"Du-Vu Doll":37,"Centennial Puzzle":9,"MutagenicStrength":27,"MealTicket":8,"Pandora\u0027s Box":17,"Bag of Marbles":0,"Red Mask":22,"Coffee Dripper":34,"Membership Card":11,"Ring of the Snake":0},{"Ice Cream":19,"Lantern":22,"Bag of Preparation":6,"Letter Opener":21,"Question Card":12,"Smiling Mask":23,"Mercury Hourglass":20,"Du-Vu Doll":18,"Centennial Puzzle":5,"MutagenicStrength":12,"MealTicket":5,"Pandora\u0027s Box":7,"Bag of Marbles":0,"Red Mask":10,"Coffee Dripper":16,"Membership Card":5,"Ring of the Snake":0},{"Ice Cream":68,"Lantern":73,"Bag of Preparation":22,"Letter Opener":71,"Question Card":51,"Smiling Mask":76,"Mercury Hourglass":70,"Du-Vu Doll":66,"Centennial Puzzle":17,"MutagenicStrength":51,"MealTicket":17,"Pandora\u0027s Box":33,"Bag of Marbles":0,"Red Mask":43,"Coffee Dripper":60,"Membership Card":17,"Ring of the Snake":0}],"Ring of the Snake":[50]},"card_choices":[{"not_picked":["PiercingWail","Accuracy"],"picked":"Flying Knee","floor":1.0},{"not_picked":["Deadly Poison","Flying Knee"],"picked":"All Out Attack","floor":3.0},{"not_picked":["Blur","Underhanded Strike"],"picked":"Terror","floor":4},{"not_picked":["Slice","All Out Attack","Deflect"],"picked":"SKIP","floor":7},{"not_picked":["Prepared","Sucker Punch"],"picked":"Acrobatics","floor":8},{"not_picked":["Concentrate","Bouncing Flask"],"picked":"Malaise","floor":14},{"not_picked":["Tools of the Trade","Malaise"],"picked":"Die Die Die","floor":16},{"not_picked":["Quick Slash","Flying Knee"],"picked":"Well Laid Plans","floor":18},{"not_picked":["Deflect","Prepared"],"picked":"Backstab+1","floor":21},{"not_picked":["Deadly Poison+1","Outmaneuver","Slice"],"picked":"SKIP","floor":22},{"not_picked":["Blade Dance","Sucker Punch"],"picked":"Calculated Gamble","floor":24},{"not_picked":["Dagger Spray","Expertise","Bane"],"picked":"SKIP","floor":25},{"not_picked":["Deadly Poison","Crippling Poison","Acrobatics"],"picked":"Tactician","floor":29},{"not_picked":["Wraith Form v2","Masterful Stab","Dagger Throw","Sucker Punch"],"picked":"SKIP","floor":30},{"not_picked":["Flying Knee","Expertise+1","Backstab","Cloak And Dagger"],"picked":"SKIP","floor":31},{"not_picked":["Glass Knife","Wraith Form v2","Tools of the Trade"],"picked":"After Image","floor":33},{"not_picked":["Quick Slash","Sucker Punch","Prepared+1","Underhanded Strike"],"picked":"SKIP","floor":35},{"not_picked":["Eviscerate","Backflip+1","Dodge and Roll","Deflect"],"picked":"SKIP","floor":37},{"not_picked":["Setup","Dagger Throw+1","Dodge and Roll"],"picked":"Choke+1","floor":38},{"not_picked":["Choke+1","Heel Hook","Flying Knee","Crippling Poison"],"picked":"SKIP","floor":41},{"not_picked":["Dagger Throw","Bouncing Flask","PiercingWail","Escape Plan+1"],"picked":"SKIP","floor":42},{"not_picked":["Deflect","Acrobatics","Wraith Form v2","Quick Slash+1"],"picked":"SKIP","floor":44},{"not_picked":["Dash","Infinite Blades","Blur","Tactician"],"picked":"SKIP","floor":46},{"not_picked":["Dagger Spray","Leg Sweep","Flechettes","Deadly Poison"],"picked":"SKIP","floor":47}],"player_experience":2918655,"relics_obtained":[{"floor":8,"key":"MealTicket"},{"floor":9,"key":"Centennial Puzzle"},{"floor":14,"key":"Bag of Preparation"},{"floor":22,"key":"Red Mask"},{"floor":26,"key":"Question Card"},{"floor":37,"key":"Du-Vu Doll"},{"floor":38,"key":"Ice Cream"},{"floor":41,"key":"Mercury Hourglass"},{"floor":43,"key":"Letter Opener"},{"floor":44,"key":"Lantern"},{"floor":46,"key":"Smiling Mask"}],"event_choices":[{"cards_removed":["Defend_G"],"damage_healed":0.0,"max_hp_gain":0.0,"max_hp_loss":0.0,"gold_gain":0.0,"event_name":"Purifier","player_choice":"Purged","floor":2.0,"gold_loss":0.0,"damage_taken":0.0},{"damage_healed":0,"gold_gain":0,"player_choice":"Ignored","damage_taken":0,"max_hp_gain":0,"max_hp_loss":0,"event_name":"Liars Game","floor":5,"gold_loss":0},{"cards_removed":["Bane"],"damage_healed":0,"gold_gain":0,"player_choice":"Elegance","damage_taken":0,"max_hp_gain":0,"max_hp_loss":0,"event_name":"Back to Basics","floor":19,"gold_loss":0},{"damage_healed":0,"gold_gain":0,"player_choice":"Fought Bandits","damage_taken":0,"max_hp_gain":0,"max_hp_loss":0,"event_name":"Masked Bandits","floor":22,"gold_loss":0},{"damage_healed":0,"gold_gain":0,"player_choice":"Inject Mutagens","damage_taken":0,"relics_obtained":["MutagenicStrength"],"max_hp_gain":0,"max_hp_loss":0,"event_name":"Drug Dealer","floor":27,"gold_loss":0},{"cards_removed":["Well Laid Plans"],"damage_healed":0,"gold_gain":0,"player_choice":"Removed Power","damage_taken":0,"max_hp_gain":0,"max_hp_loss":0,"event_name":"Falling","floor":36,"gold_loss":0},{"damage_healed":0,"gold_gain":0,"player_choice":"Fight","damage_taken":0,"max_hp_gain":0,"max_hp_loss":0,"event_name":"Mysterious Sphere","floor":37,"gold_loss":0},{"damage_healed":0,"gold_gain":0,"player_choice":"Fight","damage_taken":0,"max_hp_gain":0,"max_hp_loss":0,"event_name":"MindBloom","floor":38,"gold_loss":0},{"damage_healed":0,"gold_gain":222,"player_choice":"Wore Mask","damage_taken":0,"max_hp_gain":0,"max_hp_loss":0,"event_name":"Tomb of Lord Red Mask","floor":48,"gold_loss":0}],"is_beta":false,"boss_relics":[{"not_picked":["Empty Cage","SacredBark"],"picked":"Pandora\u0027s Box"},{"not_picked":["Velvet Choker","Black Star"],"picked":"Coffee Dripper"}],"items_purged_floors":[20,39],"is_endless":false,"potions_floor_spawned":[3,7,14,18,25,29,31,33,37,44,46],"killed_by":"Time Eater","ascension_level":20,"potion_discard_per_floor":[[],[],[],[],[],[],[],[],[],[],[],[],[],[],[],[],[],[],[],[],["Poison Potion"],[],[],[],["SkillPotion"],[],[],[],[],[],["BlessingOfTheForge"],[],["BlessingOfTheForge"],[],[],[],[],[],[],[],[],[],[],[],[],[],[],[],[],[]]}