{"neow_bonuses_skipped_log":["REMOVE_CARD","THREE_SMALL_POTIONS","BOSS_RELIC"],"potions_obtained_entropic_brew":[[],[],[],[],[],["AttackPotion","Fire Potion"],[],[],[],[],[],[],[],[],[],[],[],[],[],[],[],[],[]],"neow_costs_skipped_log":["NONE","NONE","NONE"],"gold_per_floor":[13,33,51,51,62,90,90,115,115,115,58,89,104,124,124,202,202,222,222,497,509,222,222],"floor_reached":23,"playtime":1126,"items_purged":["Regret"],"score":422,"play_id":"dcb0a70b-404b-4c77-b51b-b4a67eea04bb","local_time":"20250616120734","score_breakdown":["Floors Climbed (23): 115","Enemies Slain (8): 16","Exordium Elites Killed (3): 30","City Elites Killed (0): 0","Bosses Slain (1): 50","Ascension (20): 211"],"is_ascension_mode":true,"potions_obtained_alchemize":[[],[],[],[],[],[],[],[],[],[],[],[],[],[],[],[],[],[],[],[],[],[],[]],"campfire_choices":[{"floor":7,"key":"REST"},{"floor":10,"key":"REST"},{"data":"Cloak And Dagger","floor":15,"key":"SMITH"}],"lesson_learned_per_floor":[[],[],[],[],[],[],[],[],[],[],[],[],[],[],[],[],[],[],[],[],[],[],[]],"neow_cost":"NO_GOLD","improvable_cards":{},"seed_source_timestamp":457620304661600,"shop_contents":[{"floor":11,"relics":["War Paint","Gambling Chip","Chemical X"],"cards":["Bane","Flying Knee","Leg Sweep","Accuracy","Forethought","Mayhem"],"potions":["SneckoOil","DuplicationPotion","Swift Potion"]},{"floor":22,"relics":["Centennial Puzzle","Strange Spoon"],"cards":["Poisoned Stab","Predator","Cloak And Dagger","Doppelganger","Deep Breath","Violence"],"potions":["SmokeBomb","FearPotion","Poison Potion"]}],"circlet_count":0,"master_deck":["AscendersBane","Survivor","Neutralize","Accuracy","Accuracy","Deadly Poison","Bouncing Flask","Poisoned Stab","Cloak And Dagger+1","Backflip","Cloak And Dagger","Calculated Gamble","Storm of Steel","Dodge and Roll","Calculated Gamble","Crippling Poison","PiercingWail","Reflex","Malaise","Finisher","Die Die Die","PiercingWail","Well Laid Plans"],"potion_use_per_floor":[[],[],[],[],[],["CultistPotion","EntropicBrew","Fire Potion"],[],["AttackPotion"],[],[],[],[],[],[],[],[],[],[],[],[],[],[],[]],"relics":["Ring of the Snake","Blood Vial","Bronze Scales","Ancient Tea Set","Singing Bowl","Pandora\u0027s Box","Snake Skull"],"potions_floor_usage":[6,6,6,8],"damage_taken":[{"damage":17,"enemies":"Small Slimes","floor":1,"turns":4},{"damage":0,"enemies":"Cultist","floor":2,"turns":4},{"damage":7,"enemies":"Jaw Worm","floor":3,"turns":4},{"damage":12,"enemies":"Exordium Thugs","floor":5,"turns":4},{"damage":5,"enemies":"Gremlin Nob","floor":6,"turns":3},{"damage":26,"enemies":"3 Sentries","floor":8,"turns":10},{"damage":5,"enemies":"Lagavulin","floor":12,"turns":7},{"damage":11,"enemies":"Blue Slaver","floor":13,"turns":3},{"damage":3,"enemies":"Looter","floor":14,"turns":3},{"damage":20,"enemies":"Hexaghost","floor":16,"turns":8},{"damage":28,"enemies":"2 Thieves","floor":18,"turns":4},{"damage":5,"enemies":"Spheric Guardian","floor":21,"turns":6},{"damage":29,"enemies":"Book of Stabbing","floor":23,"turns":5}],"seed_played":"-3836093198630858711","neow_bonus_log":{"cardsObtained":["Accuracy","Accuracy"],"cardsUpgraded":[],"cardsRemoved":[],"cardsTransformed":["Defend_G","Defend_G"],"relicsObtained":[],"maxHpGained":0,"goldGained":0,"damageTaken":0,"goldLost":99,"maxHpLost":0},"potions_obtained":[{"floor":2,"key":"Block Potion"},{"floor":3,"key":"SpeedPotion"},{"floor":4,"key":"CultistPotion"},{"floor":4,"key":"EntropicBrew"},{"floor":8,"key":"Ancient Potion"},{"floor":16,"key":"Strength Potion"},{"floor":21,"key":"Explosive Potion"}],"is_trial":false,"path_per_floor":["M","M","M","?","M","E","R","E","T","R","$","E","M","M","R","B",null,"M","?","?","M","$","E"],"character_chosen":"THE_SILENT","basemod:card_modifiers":[null,null,null,null,null,null,null,null,null,null,null,null,null,null,null,null,null,null,null,null,null,null,null],"items_purchased":["Cloak And Dagger","Well Laid Plans","Snake Skull"],"campfire_rested":2,"item_purchase_floors":[11,22,22],"current_hp_per_floor":[42,42,35,35,23,18,37,13,13,32,32,31,24,23,23,5,54,28,28,28,27,27,0],"gold":222,"neow_bonus":"TRANSFORM_TWO_CARDS","is_prod":false,"is_daily":false,"rewards_skipped":[{"floor":5,"relics":[],"potions":["Ancient Potion"]}],"chose_seed":false,"campfire_upgraded":1,"win_rate":0,"floor_exit_playtime":[92,130,185,197,240,288,290,434,439,446,458,524,562,607,617,713,773,862,866,872,987,1016],"timestamp":1750090054,"path_taken":["M","M","M","?","?","E","R","E","T","R","$","E","M","M","R","BOSS","M","?","?","?","$","E"],"build_version":"2022-12-18","purchased_purges":1,"victory":false,"max_hp_per_floor":[66,66,66,66,66,66,66,66,66,66,66,68,70,70,70,70,70,70,70,70,72,72,72],"relic_stats":{"Blood Vial":16,"Singing Bowl":6,"counters":[13,65],"Bronze Scales":[114],"Pandora\u0027s Box":["Dodge and Roll","Calculated Gamble","Crippling Poison","PiercingWail","Reflex","Malaise","Finisher","Die Die Die"],"Snake Skull":[4],"Ancient Tea Set":[4],"obtain_stats":[{"Blood Vial":6,"Singing Bowl":12,"Bronze Scales":8,"Pandora\u0027s Box":17,"Snake Skull":22,"Ancient Tea Set":9,"Ring of the Snake":0},{"Blood Vial":5,"Singing Bowl":7,"Bronze Scales":6,"Pandora\u0027s Box":10,"Snake Skull":12,"Ancient Tea Set":6,"Ring of the Snake":0},{"Blood Vial":19,"Singing Bowl":36,"Bronze Scales":29,"Pandora\u0027s Box":50,"Snake Skull":60,"Ancient Tea Set":29,"Ring of the Snake":0}],"Ring of the Snake":[26]},"card_choices":[{"not_picked":["Acrobatics","Sucker Punch"],"picked":"Deadly Poison","floor":1},{"not_picked":["Predator","Outmaneuver"],"picked":"Bouncing Flask","floor":2},{"not_picked":["Backflip","Acrobatics"],"picked":"Poisoned Stab","floor":3},{"not_picked":["Prepared","Dodge and Roll"],"picked":"Cloak And Dagger","floor":5},{"not_picked":["Dagger Throw","Endless Agony"],"picked":"Backflip","floor":6},{"not_picked":["Masterful Stab","Slice","Blur"],"picked":"SKIP","floor":8},{"not_picked":["Dash","A Thousand Cuts","Dagger Throw"],"picked":"Singing Bowl","floor":12},{"not_picked":["Underhanded Strike","Flying Knee","Sucker Punch"],"picked":"Singing Bowl","floor":13},{"not_picked":["Backflip","Envenom"],"picked":"Calculated Gamble","floor":14},{"not_picked":["Phantasmal Killer","After Image"],"picked":"Storm of Steel","floor":16},{"not_picked":["Prepared","Quick Slash"],"picked":"PiercingWail","floor":18},{"not_picked":["Caltrops","Deadly Poison","Quick Slash"],"picked":"Singing Bowl","floor":21}],"player_experience":2917529,"relics_obtained":[{"floor":6,"key":"Blood Vial"},{"floor":8,"key":"Bronze Scales"},{"floor":9,"key":"Ancient Tea Set"},{"floor":12,"key":"Singing Bowl"}],"event_choices":[{"damage_healed":0,"gold_gain":0,"player_choice":"Got Potions","damage_taken":0,"max_hp_gain":0,"max_hp_loss":0,"event_name":"Lab","floor":4,"gold_loss":0},{"damage_healed":0,"gold_gain":0,"player_choice":"Ignored","damage_taken":0,"max_hp_gain":0,"max_hp_loss":0,"event_name":"Cursed Tome","floor":19,"gold_loss":0},{"damage_healed":0,"gold_gain":275,"player_choice":"Desecrate","damage_taken":0,"max_hp_gain":0,"max_hp_loss":0,"event_name":"Golden Shrine","floor":20,"gold_loss":0,"cards_obtained":["Regret"]}],"is_beta":false,"boss_relics":[{"not_picked":["Philosopher\u0027s Stone","Empty Cage"],"picked":"Pandora\u0027s Box"}],"items_purged_floors":[22],"is_endless":false,"potions_floor_spawned":[2,3,5,8,16,21],"killed_by":"Book of Stabbing","ascension_level":20,"potion_discard_per_floor":[[],[],[],["SpeedPotion","Block Potion"],[],[],[],[],[],[],[],[],[],[],[],[],[],[],[],[],["Strength Potion"],[],[]]}