{"neow_bonuses_skipped_log":["RANDOM_COLORLESS","TRANSFORM_TWO_CARDS","BOSS_RELIC"],"potions_obtained_entropic_brew":[[],[],[],[],[],[],[],[],[],[],[],[],[],[],[],[],[],[],[],[],[],[],[],[],[],[],[],[],[],[],[],[],[],[],[],[],[],[],[],[],[],[],[],[],[],[],[],[],[],[],[]],"neow_costs_skipped_log":["NONE","CURSE","NONE"],"gold_per_floor":[115,129,129,149,165,165,195,210,234,251,326,326,291,316,316,392,392,409,409,359,369,369,369,395,408,433,433,358,72,72,84,84,158,158,178,53,103,118,118,118,147,147,218,250,262,276,308,324,324,324,324],"floor_reached":51,"playtime":2793,"items_purged":["Deflect","Predator","Grand Finale"],"score":1510,"play_id":"1918756c-0d43-41eb-81c0-705065aac447","local_time":"20250717124244","score_breakdown":["Floors Climbed (51): 255","Enemies Slain (15): 30","Exordium Elites Killed (1): 10","City Elites Killed (1): 20","Beyond Elites Killed (3): 90","Bosses Slain (3): 300","Champion (1): 25","Overkill: 25","Ascension (20): 755"],"is_ascension_mode":true,"potions_obtained_alchemize":[[],[],[],[],[],[],[],[],[],[],[],[],[],[],[],[],[],[],[],[],[],[],[],[],[],[],[],[],[],[],[],[],[],[],["Explosive Potion"],[],[],["Weak Potion","CunningPotion"],[],[],["Block Potion"],[],[],["FearPotion"],["Explosive Potion"],["DuplicationPotion"],["ColorlessPotion"],["ColorlessPotion"],[],["PowerPotion"],["Block Potion"]],"campfire_choices":[{"data":"Dagger Spray","floor":6.0,"key":"SMITH"},{"floor":12,"key":"REST"},{"data":"Terror","floor":15,"key":"SMITH"},{"data":"Well Laid Plans","floor":23,"key":"SMITH"},{"data":"Burst","floor":27,"key":"SMITH"},{"data":"Calculated Gamble","floor":32,"key":"SMITH"},{"data":"Concentrate","floor":40,"key":"SMITH"},{"data":"Noxious Fumes","floor":42,"key":"SMITH"},{"floor":49,"key":"RECALL"}],"lesson_learned_per_floor":[[],[],[],[],[],[],[],[],[],[],[],[],[],[],[],[],[],[],[],[],[],[],[],[],[],[],[],[],[],[],[],[],[],[],[],[],[],[],[],[],[],[],[],[],[],[],[],[],[],[],[]],"neow_cost":"NONE","improvable_cards":{},"seed_source_timestamp":235650988959600,"shop_contents":[{"floor":28,"relics":["CeramicFish","Dead Branch","Medical Kit"],"cards":["Dagger Throw","Dash","Tactician","Deflect","Infinite Blades","Forethought","The Bomb"],"potions":["GhostInAJar","Fire Potion","DuplicationPotion"]},{"floor":29,"relics":["Nunchaku","Letter Opener","Sling"],"cards":["All Out Attack","Heel Hook","Bouncing Flask","Caltrops","Dramatic Entrance","Chrysalis"],"potions":["Weak Potion","Energy Potion"]},{"floor":36,"relics":["InkBottle","Omamori","Cauldron"],"cards":["Flechettes","Glass Knife","Tactician","Concentrate","Well Laid Plans","Mind Blast","The Bomb"],"potions":["DuplicationPotion","Explosive Potion","FearPotion"]},{"floor":39,"relics":["Juzu Bracelet","Mummified Hand","Strange Spoon"],"cards":["All Out Attack","Masterful Stab","PiercingWail","Bouncing Flask","Footwork","Mind Blast","Panache"],"potions":["SpeedPotion","FearPotion","Ancient Potion"]}],"circlet_count":0,"master_deck":["AscendersBane","Survivor","Neutralize","Backflip","Corpse Explosion","Dagger Spray+1","Terror+1","Dagger Throw","Well Laid Plans+1","Blade Dance","Bouncing Flask","PiercingWail","Concentrate+1","Dodge and Roll+1","Burst+1","Catalyst+1","Underhanded Strike+1","Backflip","Calculated Gamble+1","Noxious Fumes+1","Venomology","Poisoned Stab+1","Backflip+1","Tactician+1"],"special_seed":0,"potion_use_per_floor":[[],[],[],[],[],[],["SteroidPotion"],[],[],[],[],[],[],[],[],["BlessingOfTheForge"],[],[],[],[],["Poison Potion"],[],[],["LiquidBronze"],[],[],[],[],[],[],[],[],["GhostInAJar"],[],[],[],[],["Explosive Potion","Weak Potion"],[],[],["Block Potion"],[],[],["CunningPotion","CunningPotion"],["FearPotion"],["Explosive Potion"],["SteroidPotion"],["ColorlessPotion"],[],["ColorlessPotion","PowerPotion","DuplicationPotion"],["Block Potion"]],"relics":["Ring of the Snake","Toy Ornithopter","HornCleat","Akabeko","PreservedInsect","Odd Mushroom","Pandora\u0027s Box","Incense Burner","Orichalcum","Vajra","Empty Cage","Blood Vial","The Specimen","TungstenRod"],"potions_floor_usage":[16,21,24,33,38,38,41,44,44,45,46,47,48,50,50,50,51],"damage_taken":[{"damage":0.0,"enemies":"Small Slimes","floor":1.0,"turns":4.0},{"damage":16.0,"enemies":"Cultist","floor":2.0,"turns":6.0},{"damage":0.0,"enemies":"2 Louse","floor":4.0,"turns":4.0},{"damage":7.0,"enemies":"Large Slime","floor":5.0,"turns":6.0},{"damage":24.0,"enemies":"Gremlin Nob","floor":7.0,"turns":4.0},{"damage":0,"enemies":"Looter","floor":8,"turns":3},{"damage":0,"enemies":"Blue Slaver","floor":10,"turns":3},{"damage":4,"enemies":"The Mushroom Lair","floor":14,"turns":2},{"damage":40,"enemies":"Slime Boss","floor":16,"turns":6},{"damage":14,"enemies":"2 Thieves","floor":18,"turns":3},{"damage":0,"enemies":"3 Byrds","floor":21,"turns":3},{"damage":13,"enemies":"Book of Stabbing","floor":24,"turns":3},{"damage":0,"enemies":"Sentry and Sphere","floor":25,"turns":3},{"damage":0,"enemies":"Centurion and Healer","floor":31,"turns":3},{"damage":12,"enemies":"Automaton","floor":33,"turns":8},{"damage":0,"enemies":"3 Darklings","floor":35,"turns":3},{"damage":9,"enemies":"Orb Walker","floor":38,"turns":4},{"damage":23,"enemies":"Giant Head","floor":41,"turns":5},{"damage":0,"enemies":"Reptomancer","floor":44,"turns":3},{"damage":3,"enemies":"Jaw Worm Horde","floor":45,"turns":3},{"damage":1,"enemies":"Transient","floor":46,"turns":6},{"damage":9,"enemies":"Nemesis","floor":47,"turns":3},{"damage":0,"enemies":"Maw","floor":48,"turns":6},{"damage":76,"enemies":"Donu and Deca","floor":50,"turns":6},{"damage":16,"enemies":"Time Eater","floor":51,"turns":6}],"green_key_taken_log":47,"seed_played":"-1344158495148845052","neow_bonus_log":{"cardsObtained":[],"cardsUpgraded":[],"cardsRemoved":[],"cardsTransformed":[],"relicsObtained":["Toy Ornithopter"],"maxHpGained":0,"goldGained":0,"damageTaken":0,"goldLost":0,"maxHpLost":0},"potions_obtained":[{"floor":1.0,"key":"Weak Potion"},{"floor":2.0,"key":"SteroidPotion"},{"floor":5.0,"key":"BlessingOfTheForge"},{"floor":18,"key":"Poison Potion"},{"floor":21,"key":"LiquidBronze"},{"floor":41,"key":"CunningPotion"},{"floor":44,"key":"SteroidPotion"}],"is_trial":false,"path_per_floor":["M","M","?","M","M","R","E","M","T","M","?","R","?","?","R","B",null,"M","?","?","M","T","R","E","M","T","R","$","$","?","M","R","B",null,"M","$","?","M","$","R","E","R","T","E","M","M","E","M","R","B","B"],"character_chosen":"THE_SILENT","basemod:card_modifiers":[null,null,null,null,null,null,null,null,null,null,null,null,null,null,null,null,null,null,null,null,null,null,null,null],"items_purchased":["Calculated Gamble","GhostInAJar"],"campfire_rested":1,"item_purchase_floors":[29,29],"current_hp_per_floor":[59,43,43,43,36,36,17,17,17,17,6,25,41,37,37,2,50,36,36,36,41,41,41,33,33,33,33,33,33,33,33,33,26,56,56,56,56,57,57,57,39,39,39,51,55,61,59,66,66,5,0],"gold":324,"neow_bonus":"RANDOM_COMMON_RELIC","is_prod":false,"is_daily":false,"rewards_skipped":[{"floor":47,"relics":[],"potions":["Block Potion"]},{"floor":48,"relics":[],"potions":["Regen Potion"]}],"chose_seed":false,"campfire_upgraded":7,"win_rate":0,"floor_exit_playtime":[69,219,227,265,363,370,430,473,475,500,505,508,514,554,560,653,711,820,835,870,964,966,976,1044,1087,1090,1112,1169,1272,1276,1366,1383,1590,1649,1724,1767,1774,1859,1874,1880,1981,1993,1995,2106,2178,2296,2380,2505,2507,2649],"timestamp":1752770564,"blue_key_relic_skipped_log":{"floor":43,"relicID":"Kunai"},"path_taken":["M","M","?","M","M","R","E","M","T","?","?","R","?","?","R","BOSS","M","?","?","?","?","R","E","?","T","R","?","$","?","M","R","BOSS","M","$","?","M","?","R","E","R","T","E","M","M","E","M","R","BOSS","BOSS"],"build_version":"2022-12-18","purchased_purges":3,"victory":false,"max_hp_per_floor":[66,66,66,66,66,66,66,66,66,66,66,66,66,66,66,66,66,66,66,66,66,66,66,66,66,66,66,66,66,66,66,66,66,66,66,66,66,66,66,66,66,66,66,66,66,66,66,66,66,66,66],"relic_stats":{"Blood Vial":12,"The Specimen":[35],"counters":[25,106],"Pandora\u0027s Box":["Flechettes","Blade Dance","Dash","Bouncing Flask","PiercingWail","Concentrate","Dodge and Roll","Deflect","Burst","Catalyst"],"PreservedInsect":281,"Orichalcum":[120],"obtain_stats":[{"The Specimen":44,"Vajra":26,"PreservedInsect":9,"Incense Burner":22,"Odd Mushroom":14,"Orichalcum":24,"Empty Cage":34,"Akabeko":7,"Blood Vial":41,"HornCleat":3,"Pandora\u0027s Box":17,"Toy Ornithopter":0,"TungstenRod":47,"Ring of the Snake":0},{"The Specimen":19,"Vajra":13,"PreservedInsect":6,"Incense Burner":11,"Odd Mushroom":8,"Orichalcum":12,"Empty Cage":15,"Akabeko":5,"Blood Vial":18,"HornCleat":2,"Pandora\u0027s Box":9,"Toy Ornithopter":0,"TungstenRod":22,"Ring of the Snake":0},{"The Specimen":76,"Vajra":50,"PreservedInsect":27,"Incense Burner":44,"Odd Mushroom":32,"Orichalcum":47,"Empty Cage":61,"Akabeko":24,"Blood Vial":73,"HornCleat":10,"Pandora\u0027s Box":38,"Toy Ornithopter":0,"TungstenRod":88,"Ring of the Snake":0}],"Toy Ornithopter":90,"TungstenRod":10,"Ring of the Snake":[50]},"card_choices":[{"not_picked":["Expertise","Sucker Punch"],"picked":"Acrobatics","floor":1.0},{"not_picked":["Deadly Poison","Bane"],"picked":"Backflip","floor":2.0},{"not_picked":["Escape Plan","Deflect"],"picked":"Corpse Explosion","floor":4.0},{"not_picked":["Backflip","Blur"],"picked":"Dagger Spray","floor":5.0},{"not_picked":["Flying Knee","Distraction"],"picked":"Terror","floor":7.0},{"not_picked":["Flying Knee","Outmaneuver"],"picked":"Dagger Throw","floor":8},{"not_picked":["Outmaneuver","Deadly Poison"],"picked":"Well Laid Plans","floor":10},{"not_picked":["Sucker Punch","Quick Slash"],"picked":"Predator","floor":14},{"not_picked":["Adrenaline","Corpse Explosion"],"picked":"Grand Finale","floor":16},{"not_picked":["Expertise","All Out Attack","Concentrate"],"picked":"SKIP","floor":18},{"not_picked":["Infinite Blades","Distraction","Deadly Poison"],"picked":"SKIP","floor":21},{"not_picked":["Expertise","Slice"],"picked":"Underhanded Strike+1","floor":24},{"not_picked":["Skewer","Heel Hook"],"picked":"Backflip","floor":25},{"not_picked":["Riddle With Holes+1","Terror"],"picked":"Noxious Fumes","floor":31},{"not_picked":["Glass Knife","Envenom"],"picked":"Venomology","floor":33},{"not_picked":["Accuracy","Escape Plan","Dagger Spray+1"],"picked":"SKIP","floor":35},{"not_picked":["Endless Agony","Well Laid Plans+1","Leg Sweep"],"picked":"SKIP","floor":38},{"not_picked":["Well Laid Plans","Accuracy","Dash"],"picked":"SKIP","floor":41},{"not_picked":["Tools of the Trade","Deflect"],"picked":"Poisoned Stab+1","floor":44},{"not_picked":["Flechettes+1","Sucker Punch"],"picked":"Backflip+1","floor":45},{"not_picked":["Dagger Spray","Underhanded Strike","Sucker Punch"],"picked":"SKIP","floor":46},{"not_picked":["Well Laid Plans","Footwork"],"picked":"Tactician+1","floor":47},{"not_picked":["Well Laid Plans","Skewer","Deflect"],"picked":"SKIP","floor":48}],"player_experience":2925329,"relics_obtained":[{"floor":7.0,"key":"Akabeko"},{"floor":9,"key":"PreservedInsect"},{"floor":14,"key":"Odd Mushroom"},{"floor":22,"key":"Incense Burner"},{"floor":24,"key":"Orichalcum"},{"floor":26,"key":"Vajra"},{"floor":41,"key":"Blood Vial"},{"floor":44,"key":"The Specimen"},{"floor":47,"key":"TungstenRod"}],"event_choices":[{"cards_removed":["Acrobatics"],"damage_healed":0.0,"max_hp_gain":0.0,"max_hp_loss":0.0,"gold_gain":0.0,"event_name":"WeMeetAgain","player_choice":"Gave Card","floor":3.0,"gold_loss":0.0,"damage_taken":0.0,"relics_obtained":["HornCleat"]},{"damage_healed":0,"gold_gain":75,"player_choice":"Gather Gold","damage_taken":11,"max_hp_gain":0,"max_hp_loss":0,"event_name":"World of Goop","floor":11,"gold_loss":0},{"damage_healed":16,"gold_gain":0,"player_choice":"Healed","damage_taken":0,"max_hp_gain":0,"max_hp_loss":0,"event_name":"The Cleric","floor":13,"gold_loss":35},{"damage_healed":0,"gold_gain":0,"player_choice":"Fought Mushrooms","damage_taken":0,"max_hp_gain":0,"max_hp_loss":0,"event_name":"Mushrooms","floor":14,"gold_loss":0},{"damage_healed":0,"gold_gain":0,"player_choice":"Ignored","damage_taken":0,"max_hp_gain":0,"max_hp_loss":0,"event_name":"Vampires","floor":19,"gold_loss":0},{"damage_healed":0,"gold_gain":0,"player_choice":"Upgraded Two","damage_taken":0,"max_hp_gain":0,"max_hp_loss":0,"event_name":"Designer","floor":20,"gold_loss":50,"cards_upgraded":["Dodge and Roll","Catalyst"]},{"damage_healed":0,"gold_gain":0,"player_choice":"Ignored","damage_taken":0,"max_hp_gain":0,"max_hp_loss":0,"event_name":"Cursed Tome","floor":30,"gold_loss":0},{"damage_healed":0,"gold_gain":50,"player_choice":"Pray","damage_taken":0,"max_hp_gain":0,"max_hp_loss":0,"event_name":"Golden Shrine","floor":37,"gold_loss":0}],"is_beta":false,"boss_relics":[{"not_picked":["Ring of the Serpent","Ectoplasm"],"picked":"Pandora\u0027s Box"},{"not_picked":["Velvet Choker","WristBlade"],"picked":"Empty Cage"}],"items_purged_floors":[28,29,36],"is_endless":false,"potions_floor_spawned":[1,2,5,18,21,41,44,47,48],"killed_by":"Time Eater","ascension_level":20,"potion_discard_per_floor":[[],[],[],[],["Weak Potion"],[],[],[],[],[],[],[],[],[],[],[],[],[],[],[],[],[],[],[],[],[],[],[],[],[],[],[],[],[],[],[],[],[],[],[],[],[],[],[],[],[],[],[],[],[],[]]}