{"neow_bonuses_skipped_log":["REMOVE_CARD","THREE_RARE_CARDS","BOSS_RELIC"],"neow_costs_skipped_log":["NONE","CURSE","NONE"],"potions_obtained_entropic_brew":[[],[],[],[],[],[],[],[],[],[],[],[],[],[],[],[],[],[],[],[],[],[],[],[],[],[],[],[],[],[],[],[],[],[],[],[],[],[],[],["Regen Potion","SteroidPotion"],[],[],[],[],[],[],[],[],[],[],[],[],[],[],[],[],[]],"gold_per_floor":[213,213,224,241,257,257,272,301,301,330,347,63,73,93,93,166,166,180,207,220,220,235,235,269,279,359,373,199,226,252,264,276,362,374,402,430,442,288,288,323,343,378,432,452,452,452,327,360,360,360,360,360,360,37,66,66],"floor_reached":57,"playtime":5841,"items_purged":["Strike_G","Dash","Pain","Dagger Spray"],"score":2867,"play_id":"099330db-cf94-474e-8447-3262c14482d9","local_time":"20250826225843","falling_options_log":["Terror+1","After Image"],"score_breakdown":["Floors Climbed (57): 285","Enemies Slain (18): 36","Exordium Elites Killed (2): 20","City Elites Killed (2): 40","Beyond Elites Killed (3): 90","Bosses Slain (5): 750","Money Money (1039): 25","Champion (2): 50","Overkill: 25","Ascension (20): 1296","Heartbreaker: 250"],"is_ascension_mode":true,"potions_obtained_alchemize":[[],[],[],[],[],[],[],[],[],[],[],[],[],[],[],[],[],[],[],["DuplicationPotion"],[],["PowerPotion"],[],["Swift Potion","GamblersBrew"],["Energy Potion"],[],[],[],["Strength Potion","ColorlessPotion"],["Swift Potion","Fire Potion"],[],[],["EntropicBrew"],[],["Block Potion"],["SpeedPotion"],[],[],[],["LiquidMemories"],["GamblersBrew","ColorlessPotion"],["Dexterity Potion","Strength Potion"],[],["LiquidBronze","Fire Potion"],[],[],[],["GhostInAJar","LiquidMemories"],[],["LiquidMemories","Fire Potion"],["Energy Potion","GamblersBrew"],[],[],[],["GamblersBrew"],["Block Potion","Energy Potion"],[]],"campfire_choices":[{"data":"Terror","floor":6.0,"key":"SMITH"},{"data":"Well Laid Plans","floor":15.0,"key":"SMITH"},{"data":"Acrobatics","floor":23.0,"key":"SMITH"},{"data":"Calculated Gamble","floor":32,"key":"SMITH"},{"data":"Doppelganger","floor":46,"key":"SMITH"},{"floor":49,"key":"RECALL"},{"data":"Acrobatics","floor":53,"key":"SMITH"}],"lesson_learned_per_floor":[[],[],[],[],[],[],[],[],[],[],[],[],[],[],[],[],[],[],[],[],[],[],[],[],[],[],[],[],[],[],[],[],[],[],[],[],[],[],[],[],[],[],[],[],[],[],[],[],[],[],[],[],[],[],[],[],[]],"neow_cost":"NONE","improvable_cards":{},"seed_source_timestamp":253138193102500,"shop_contents":[{"floor":12,"relics":["War Paint","Lantern"],"cards":["Choke","Dagger Spray","Outmaneuver","Blur","Dramatic Entrance","Metamorphosis"],"potions":["LiquidMemories","Swift Potion","CunningPotion"]},{"floor":28,"relics":["WingedGreaves","Juzu Bracelet","Sling"],"cards":["Masterful Stab","Poisoned Stab","PiercingWail","Caltrops","Panacea","HandOfGreed"],"potions":["SteroidPotion","GamblersBrew","FearPotion"]},{"floor":31,"relics":["Paper Crane","Anchor","TheAbacus"],"cards":["Eviscerate","Unload","Deflect","Dodge and Roll","Footwork","Good Instincts","Chrysalis"],"potions":["SteroidPotion","FearPotion","GamblersBrew"]},{"floor":38,"relics":["StrikeDummy","Ancient Tea Set"],"cards":["Masterful Stab","Sucker Punch","Night Terror","Tactician","Footwork","Deep Breath","Magnetism"],"potions":["PowerPotion","PowerPotion","Weak Potion"]},{"floor":47,"relics":["Art of War","Toxic Egg 2","TwistedFunnel"],"cards":["Heel Hook","Masterful Stab","Deflect","Storm of Steel","Footwork","Mind Blast","Chrysalis"],"potions":["SteroidPotion","SkillPotion","LiquidBronze"]},{"floor":54,"relics":["Pantograph","HandDrill"],"cards":["Backstab","Quick Slash","Expertise","Backflip","Well Laid Plans","Finesse","Secret Technique"],"potions":["Poison Potion","Swift Potion","DistilledChaos"]}],"circlet_count":0,"master_deck":["AscendersBane","Survivor","Neutralize","Terror+1","Backstab","Predator","Doppelganger+1","Bouncing Flask","Well Laid Plans+1","Acrobatics+1","Venomology","Corpse Explosion","Grand Finale","Venomology","Blur","Cloak And Dagger","Footwork","After Image","Concentrate","Sucker Punch","Backflip","Prepared+1","Acrobatics+1","Tactician","Tactician","Calculated Gamble+1","After Image","Backflip","Well Laid Plans+1"],"special_seed":0,"potion_use_per_floor":[[],[],[],[],[],[],[],["CunningPotion"],[],[],[],[],[],[],[],[],[],["LiquidBronze"],["Explosive Potion"],[],[],["LiquidMemories"],[],["DuplicationPotion","Swift Potion","GamblersBrew"],["Poison Potion","Energy Potion"],[],[],[],["GamblersBrew","PowerPotion"],["Fire Potion","Strength Potion"],[],[],["Fire Potion","Swift Potion"],[],["EssenceOfSteel"],["Block Potion"],[],[],[],["SpeedPotion","EntropicBrew","Regen Potion","SteroidPotion"],["LiquidMemories"],["ColorlessPotion","Dexterity Potion"],[],["Block Potion","GamblersBrew"],[],[],[],["Fire Potion","LiquidBronze"],[],["LiquidMemories","LiquidMemories"],["Fire Potion","Energy Potion"],[],[],[],["GhostInAJar"],["GamblersBrew","Block Potion","GamblersBrew"],[]],"relics":["Ring of the Snake","Incense Burner","Toy Ornithopter","Tiny Chest","ClockworkSouvenir","Pandora\u0027s Box","Red Mask","Gremlin Horn","Kunai","MawBank","Cursed Key","OrangePellets","CeramicFish","Dream Catcher","Blood Vial","Bag of Marbles","Calipers"],"potions_floor_usage":[29,29,30,30,33,33,35,36,40,40,40,40,41,42,42,44,44,48,48,50,50,51,51,55,56,56,56],"damage_taken":[{"damage":4.0,"enemies":"Small Slimes","floor":1.0,"turns":4.0},{"damage":0.0,"enemies":"Cultist","floor":3.0,"turns":3.0},{"damage":0.0,"enemies":"2 Louse","floor":4.0,"turns":2.0},{"damage":0.0,"enemies":"Blue Slaver","floor":5.0,"turns":3.0},{"damage":0.0,"enemies":"2 Fungi Beasts","floor":7.0,"turns":3.0},{"damage":10.0,"enemies":"3 Sentries","floor":8.0,"turns":6.0},{"damage":8.0,"enemies":"Gremlin Nob","floor":10.0,"turns":3.0},{"damage":0.0,"enemies":"Large Slime","floor":11.0,"turns":6.0},{"damage":4.0,"enemies":"Blue Slaver","floor":13.0,"turns":5.0},{"damage":6.0,"enemies":"Lots of Slimes","floor":14.0,"turns":8.0},{"damage":5.0,"enemies":"Hexaghost","floor":16.0,"turns":9.0},{"damage":2.0,"enemies":"3 Byrds","floor":18.0,"turns":2.0},{"damage":4.0,"enemies":"Masked Bandits","floor":19.0,"turns":2.0},{"damage":2.0,"enemies":"Shell Parasite","floor":20.0,"turns":6.0},{"damage":2.0,"enemies":"Centurion and Healer","floor":22.0,"turns":8.0},{"damage":17.0,"enemies":"Gremlin Leader","floor":24.0,"turns":6.0},{"damage":10.0,"enemies":"Sentry and Sphere","floor":25.0,"turns":3.0},{"damage":0.0,"enemies":"Cultist and Chosen","floor":27.0,"turns":4.0},{"damage":36,"enemies":"Slavers","floor":29,"turns":4},{"damage":16,"enemies":"Snake Plant","floor":30,"turns":4},{"damage":6,"enemies":"Automaton","floor":33,"turns":6},{"damage":0,"enemies":"3 Darklings","floor":35,"turns":3},{"damage":0,"enemies":"Orb Walker","floor":36,"turns":8},{"damage":37,"enemies":"Reptomancer","floor":40,"turns":7},{"damage":6,"enemies":"Writhing Mass","floor":41,"turns":9},{"damage":0,"enemies":"Giant Head","floor":42,"turns":6},{"damage":25,"enemies":"Transient","floor":44,"turns":6},{"damage":0,"enemies":"Reptomancer","floor":48,"turns":4},{"damage":2,"enemies":"Donu and Deca","floor":50,"turns":5},{"damage":11,"enemies":"Awakened One","floor":51,"turns":17},{"damage":1,"enemies":"Shield and Spear","floor":55,"turns":6},{"damage":20,"enemies":"The Heart","floor":56,"turns":10}],"green_key_taken_log":40,"seed_played":"-4221582943629528179","neow_bonus_log":{"cardsObtained":[],"cardsUpgraded":[],"cardsRemoved":[],"cardsTransformed":[],"relicsObtained":[],"maxHpGained":0,"goldGained":100,"damageTaken":0,"goldLost":0,"maxHpLost":0},"potions_obtained":[{"floor":1.0,"key":"LiquidBronze"},{"floor":4.0,"key":"LiquidBronze"},{"floor":5.0,"key":"CunningPotion"},{"floor":11.0,"key":"Weak Potion"},{"floor":16.0,"key":"Explosive Potion"},{"floor":19.0,"key":"LiquidMemories"},{"floor":24.0,"key":"Poison Potion"},{"floor":25.0,"key":"GamblersBrew"},{"floor":29,"key":"Fire Potion"},{"floor":33,"key":"EssenceOfSteel"},{"floor":40,"key":"SmokeBomb"},{"floor":42,"key":"Block Potion"}],"is_trial":false,"path_per_floor":["M","?","M","M","M","R","M","E","T","E","M","$","M","M","R","B",null,"M","?","M","?","M","R","E","M","T","M","$","E","M","$","R","B",null,"M","M","?","$","T","E","M","E","T","M","?","R","$","E","R","B","B",null,"R","$","E","B",null],"character_chosen":"THE_SILENT","basemod:card_modifiers":[null,null,null,null,null,null,null,null,null,null,null,null,null,null,null,null,null,null,null,null,null,null,null,null,null,null,null,null,null],"items_purchased":["Well Laid Plans","ClockworkSouvenir","Tactician","OrangePellets","Bag of Marbles"],"campfire_rested":0,"item_purchase_floors":[12,12,28,38,54],"current_hp_per_floor":[55,55,55,55,55,55,55,45,45,37,37,37,33,27,27,22,55,58,59,57,57,60,60,58,56,56,56,56,30,24,24,24,28,57,62,66,66,66,66,53,52,62,62,47,47,47,47,57,57,66,60,65,65,65,66,61],"gold":66,"neow_bonus":"HUNDRED_GOLD","is_prod":false,"is_daily":false,"rewards_skipped":[{"floor":13,"relics":[],"potions":["SpeedPotion"]},{"floor":14,"relics":[],"potions":["Energy Potion"]},{"floor":22,"relics":[],"potions":["DistilledChaos"]},{"floor":27,"relics":[],"potions":["GamblersBrew"]},{"floor":41,"relics":[],"potions":["BlessingOfTheForge"]},{"floor":55,"relics":[],"potions":["Block Potion"]}],"chose_seed":false,"campfire_upgraded":6,"win_rate":0,"floor_exit_playtime":[109,115,148,173,203,211,246,341,344,388,444,464,518,625,634,765,793,860,926,1012,1019,1152,1167,1415,1490,1494,1594,1618,1845,2156,2164,2187,2477,2502,2586,2729,2758,2849,2860,3069,3514,3787,3793,3980,3984,4006,4024,4212,4214,4460,5076,5088,5104,5132,5352,5841],"timestamp":1756263523,"blue_key_relic_skipped_log":{"floor":43,"relicID":"Akabeko"},"path_taken":["M","?","?","M","M","R","M","E","T","E","M","$","M","M","R","BOSS","M","?","M","?","M","R","E","M","T","M","$","E","M","$","R","BOSS","M","M","?","$","?","E","M","E","T","M","?","R","$","E","R","BOSS","BOSS","R","$","E","BOSS"],"build_version":"2022-12-18","purchased_purges":4,"victory":true,"max_hp_per_floor":[66,66,66,66,66,66,66,66,66,66,66,66,66,66,66,66,66,66,66,66,66,66,66,66,66,66,66,66,66,66,66,66,66,66,66,66,66,66,66,66,66,66,66,66,66,66,66,66,66,66,66,66,66,66,66,66],"relic_stats":{"Calipers":[30],"Gremlin Horn":[19,19],"counters":[32,178],"CeramicFish":27,"MawBank":108,"Cursed Key":1,"Blood Vial":3,"OrangePellets":[3],"Dream Catcher":0,"Tiny Chest":1,"Pandora\u0027s Box":["Corpse Explosion","Choke","Choke","Grand Finale","Dash","Venomology","Blur","Cloak And Dagger"],"Kunai":[27],"obtain_stats":[{"Calipers":55,"Gremlin Horn":24,"CeramicFish":40,"Incense Burner":8,"MawBank":29,"Cursed Key":34,"ClockworkSouvenir":12,"Blood Vial":48,"OrangePellets":38,"Dream Catcher":42,"Tiny Chest":10,"Pandora\u0027s Box":17,"Red Mask":19,"Bag of Marbles":54,"Kunai":26,"Toy Ornithopter":9,"Ring of the Snake":0},{"Calipers":31,"Gremlin Horn":16,"CeramicFish":24,"Incense Burner":6,"MawBank":19,"Cursed Key":21,"ClockworkSouvenir":8,"Blood Vial":28,"OrangePellets":23,"Dream Catcher":26,"Tiny Chest":7,"Pandora\u0027s Box":11,"Red Mask":13,"Bag of Marbles":30,"Kunai":17,"Toy Ornithopter":6,"Ring of the Snake":0},{"Calipers":168,"Gremlin Horn":76,"CeramicFish":115,"Incense Burner":21,"MawBank":87,"Cursed Key":97,"ClockworkSouvenir":30,"Blood Vial":140,"OrangePellets":108,"Dream Catcher":130,"Tiny Chest":24,"Pandora\u0027s Box":52,"Red Mask":56,"Bag of Marbles":162,"Kunai":79,"Toy Ornithopter":21,"Ring of the Snake":0}],"Toy Ornithopter":152,"Ring of the Snake":[64]},"card_choices":[{"not_picked":["Calculated Gamble","Cloak And Dagger"],"picked":"Dagger Spray","floor":1.0},{"not_picked":["Deflect","Flechettes"],"picked":"Terror","floor":3.0},{"not_picked":["Escape Plan","Dagger Spray"],"picked":"Backstab","floor":4.0},{"not_picked":["Cloak And Dagger","Dodge and Roll"],"picked":"Predator","floor":5.0},{"not_picked":["Poisoned Stab","Underhanded Strike","Dodge and Roll"],"picked":"SKIP","floor":7.0},{"not_picked":["Dagger Spray","Caltrops"],"picked":"Doppelganger","floor":8.0},{"not_picked":["Deflect","Distraction","Outmaneuver"],"picked":"SKIP","floor":10.0},{"not_picked":["Outmaneuver","Masterful Stab"],"picked":"Bouncing Flask","floor":11.0},{"not_picked":["Deflect","Dodge and Roll"],"picked":"Acrobatics","floor":13.0},{"not_picked":["Choke","Bane","All Out Attack"],"picked":"SKIP","floor":14.0},{"not_picked":["Adrenaline","Unload"],"picked":"Venomology","floor":16.0},{"not_picked":["Infinite Blades","Concentrate","Bane"],"picked":"SKIP","floor":18.0},{"not_picked":["Escape Plan","Flying Knee"],"picked":"Footwork","floor":19.0},{"not_picked":["Flying Knee","Escape Plan"],"picked":"After Image","floor":20.0},{"not_picked":["Eviscerate","Skewer"],"picked":"Backflip","floor":22.0},{"not_picked":["Poisoned Stab","Finisher"],"picked":"Prepared","floor":24.0},{"not_picked":["Catalyst","Dodge and Roll"],"picked":"Acrobatics","floor":25.0},{"not_picked":["Underhanded Strike","Poisoned Stab","Deflect"],"picked":"SKIP","floor":27.0},{"not_picked":["Dodge and Roll","Choke"],"picked":"Tactician","floor":29},{"not_picked":["Endless Agony","Blade Dance"],"picked":"Calculated Gamble","floor":30},{"not_picked":["Doppelganger","Burst"],"picked":"After Image","floor":33},{"not_picked":["Slice+1","Caltrops+1","Outmaneuver+1"],"picked":"SKIP","floor":35},{"not_picked":["Underhanded Strike","Deflect","Quick Slash"],"picked":"SKIP","floor":36},{"not_picked":["Escape Plan","A Thousand Cuts"],"picked":"Backflip","floor":40},{"not_picked":["Heel Hook+1","Flying Knee"],"picked":"Well Laid Plans+1","floor":41},{"not_picked":["Bane","Cloak And Dagger+1","Dagger Spray"],"picked":"SKIP","floor":42},{"not_picked":["Quick Slash","Outmaneuver+1","Dagger Throw"],"picked":"SKIP","floor":44},{"not_picked":["Tactician","Terror","Doppelganger"],"picked":"SKIP","floor":48},{"not_picked":["Burst","Bane","Blade Dance"],"picked":"SKIP","floor":55}],"player_experience":2930130,"relics_obtained":[{"floor":8.0,"key":"Incense Burner"},{"floor":9.0,"key":"Toy Ornithopter"},{"floor":10.0,"key":"Tiny Chest"},{"floor":19.0,"key":"Red Mask"},{"floor":24.0,"key":"Gremlin Horn"},{"floor":26.0,"key":"Kunai"},{"floor":29,"key":"MawBank"},{"floor":40,"key":"CeramicFish"},{"floor":42,"key":"Dream Catcher"},{"floor":48,"key":"Blood Vial"},{"floor":55,"key":"Calipers"}],"event_choices":[{"damage_healed":0.0,"max_hp_gain":0.0,"max_hp_loss":0.0,"gold_gain":0.0,"cards_transformed":["Defend_G"],"event_name":"Transmorgrifier","player_choice":"Transformed","floor":2.0,"gold_loss":0.0,"damage_taken":0.0,"cards_obtained":["Dash"]},{"damage_healed":0.0,"max_hp_gain":0.0,"max_hp_loss":0.0,"gold_gain":0.0,"event_name":"Masked Bandits","player_choice":"Fought Bandits","floor":19.0,"gold_loss":0.0,"damage_taken":0.0},{"damage_healed":0.0,"max_hp_gain":0.0,"max_hp_loss":0.0,"gold_gain":0.0,"cards_transformed":["Choke","Choke"],"event_name":"Drug Dealer","player_choice":"Became Test Subject","floor":21.0,"gold_loss":0.0,"damage_taken":0.0,"cards_obtained":["Concentrate","Sucker Punch"]},{"damage_healed":0,"gold_gain":0,"player_choice":"Forge","damage_taken":0,"max_hp_gain":0,"max_hp_loss":0,"event_name":"Accursed Blacksmith","floor":37,"gold_loss":0,"cards_upgraded":["Prepared"]},{"cards_removed":["Dash"],"damage_healed":0,"gold_gain":0,"player_choice":"Removed Attack","damage_taken":0,"max_hp_gain":0,"max_hp_loss":0,"event_name":"Falling","floor":45,"gold_loss":0}],"is_beta":false,"boss_relics":[{"not_picked":["Velvet Choker","SacredBark"],"picked":"Pandora\u0027s Box"},{"not_picked":["WristBlade","Tiny House"],"picked":"Cursed Key"}],"items_purged_floors":[12,28,47,54],"is_endless":false,"potions_floor_spawned":[1,4,5,11,13,14,16,19,22,24,25,27,29,33,40,41,42,55],"ascension_level":20,"potion_discard_per_floor":[[],[],[],[],["LiquidBronze"],[],[],[],[],[],[],[],[],[],[],["Weak Potion"],[],[],[],[],[],[],[],[],[],[],[],[],["ColorlessPotion"],[],[],[],[],[],[],[],[],[],[],[],["SmokeBomb"],["Strength Potion"],[],[],[],[],[],[],[],[],[],[],[],[],[],[],[]]}