{"neow_bonuses_skipped_log":["TRANSFORM_CARD","ONE_RARE_RELIC","BOSS_RELIC"],"potions_obtained_entropic_brew":[[],[],[],[],[],[],[],[],[],[],[],[],[],[],[],[],[],[],[],[],[],[],[],[],[],[],[],[],[],[]],"neow_costs_skipped_log":["NONE","TEN_PERCENT_HP_LOSS","NONE"],"gold_per_floor":[218,218,233,253,69,69,104,104,104,179,202,217,251,272,272,371,371,350,350,368,236,161,161,176,176,176,176,212,212,212],"floor_reached":30,"playtime":2045,"items_purged":["Deadly Poison"],"score":556,"play_id":"81cfa049-8f90-4796-bc23-da2e5346ac83","local_time":"20251107105817","score_breakdown":["Floors Climbed (30): 150","Enemies Slain (9): 18","Exordium Elites Killed (2): 20","City Elites Killed (2): 40","Bosses Slain (1): 50","Ascension (20): 278"],"is_ascension_mode":true,"potions_obtained_alchemize":[[],[],[],[],[],[],[],[],[],[],[],[],[],[],[],[],[],[],[],[],[],[],[],[],[],[],[],[],[],[]],"campfire_choices":[{"data":"Terror","floor":6,"key":"SMITH"},{"data":"Dash","floor":8,"key":"SMITH"},{"floor":15,"key":"REST"},{"data":"Crippling Poison","floor":23,"key":"SMITH"},{"floor":27,"key":"REST"},{"floor":29,"key":"REST"}],"lesson_learned_per_floor":[[],[],[],[],[],[],[],[],[],[],[],[],[],[],[],[],[],[],[],[],[],[],[],[],[],[],[],[],[],[]],"neow_cost":"NONE","improvable_cards":{},"seed_source_timestamp":137413079409400,"shop_contents":[{"floor":5,"relics":["Eternal Feather","Anchor","HandDrill"],"cards":["Heel Hook","Calculated Gamble","Footwork","Dark Shackles","Magnetism"],"potions":["DuplicationPotion","FearPotion"]},{"floor":21,"relics":["Strawberry","Letter Opener","Frozen Eye"],"cards":["Skewer","Dagger Spray","Blade Dance","Accuracy","Discovery","Transmutation"],"potions":["Fire Potion","DuplicationPotion","EntropicBrew"]}],"circlet_count":0,"master_deck":["AscendersBane","Survivor","Neutralize","Terror+1","Riddle With Holes","Leg Sweep","Dash+1","Crippling Poison+1","Dagger Spray","Footwork","Crippling Poison","Die Die Die","Deadly Poison","Deadly Poison","Night Terror","Caltrops","Dodge and Roll","Blade Dance","Dagger Spray","Storm of Steel","Acrobatics","Catalyst","Backflip","Well Laid Plans"],"potion_use_per_floor":[[],[],[],[],[],[],[],[],[],[],["FairyPotion"],[],["LiquidMemories"],[],[],["SteroidPotion"],[],["Fire Potion"],[],[],[],[],[],["AttackPotion"],["SmokeBomb"],[],[],[],[],[]],"relics":["Ring of the Snake","Golden Idol","MealTicket","Matryoshka","Ginger","Pandora\u0027s Box","Vajra","Sundial","Lantern"],"potions_floor_usage":[13,16,18,24,25],"damage_taken":[{"damage":0,"enemies":"2 Louse","floor":1,"turns":4},{"damage":7,"enemies":"Small Slimes","floor":3,"turns":5},{"damage":1,"enemies":"Jaw Worm","floor":4,"turns":4},{"damage":39,"enemies":"3 Sentries","floor":7,"turns":12},{"damage":24,"enemies":"Large Slime","floor":11,"turns":6},{"damage":0,"enemies":"Exordium Thugs","floor":12,"turns":4},{"damage":2,"enemies":"Lagavulin","floor":13,"turns":5},{"damage":0,"enemies":"2 Fungi Beasts","floor":14,"turns":3},{"damage":10,"enemies":"Slime Boss","floor":16,"turns":7},{"damage":8,"enemies":"2 Thieves","floor":18,"turns":4},{"damage":3,"enemies":"3 Byrds","floor":20,"turns":3},{"damage":20,"enemies":"Centurion and Healer","floor":24,"turns":6},{"damage":16,"enemies":"Slavers","floor":25,"turns":2},{"damage":34,"enemies":"Book of Stabbing","floor":28,"turns":5},{"damage":32,"enemies":"Chosen and Byrds","floor":30,"turns":4}],"seed_played":"2456975184368818178","neow_bonus_log":{"cardsObtained":[],"cardsUpgraded":[],"cardsRemoved":[],"cardsTransformed":[],"relicsObtained":[],"maxHpGained":0,"goldGained":100,"damageTaken":0,"goldLost":0,"maxHpLost":0},"potions_obtained":[{"floor":4,"key":"FairyPotion"},{"floor":11,"key":"LiquidMemories"},{"floor":13,"key":"Fire Potion"},{"floor":16,"key":"AttackPotion"},{"floor":18,"key":"FearPotion"},{"floor":24,"key":"SmokeBomb"}],"is_trial":false,"path_per_floor":["M","?","M","M","$","R","E","R","T","?","M","M","E","M","R","B",null,"M","?","M","$","?","R","M","E","T","R","E","R","M"],"character_chosen":"THE_SILENT","basemod:card_modifiers":[null,null,null,null,null,null,null,null,null,null,null,null,null,null,null,null,null,null,null,null,null,null,null,null],"items_purchased":["SteroidPotion","Leg Sweep","Dash","Backflip"],"campfire_rested":3,"item_purchase_floors":[5,5,5,21],"current_hp_per_floor":[59,59,52,51,51,51,12,12,12,1,12,12,10,10,28,18,50,42,42,39,54,54,54,34,18,18,36,2,20,0],"gold":212,"neow_bonus":"HUNDRED_GOLD","is_prod":false,"is_daily":false,"rewards_skipped":[{"floor":12,"relics":[],"potions":["Energy Potion"]}],"chose_seed":false,"campfire_upgraded":3,"win_rate":0,"floor_exit_playtime":[189,193,282,323,352,366,554,570,574,589,754,836,953,1010,1013,1150,1185,1283,1353,1470,1537,1608,1633,1822,1866,1870,1872,1968,1969],"timestamp":1762531097,"path_taken":["M","?","M","M","$","R","E","R","T","?","M","M","E","M","R","BOSS","M","?","M","$","?","R","M","E","T","R","E","R","M"],"build_version":"2022-12-18","purchased_purges":1,"victory":false,"max_hp_per_floor":[66,60,60,60,60,60,60,60,60,60,60,60,60,60,60,60,60,60,60,60,60,60,60,60,60,60,60,60,60,60],"relic_stats":{"Matryoshka":1,"counters":[15,74],"Golden Idol":78,"Sundial":[0],"MealTicket":15,"Pandora\u0027s Box":["Deadly Poison","Deadly Poison","Night Terror","Deadly Poison","Skewer","Caltrops","Dodge and Roll","Blade Dance","Dagger Spray","Storm of Steel"],"Ginger":[0],"obtain_stats":[{"Lantern":28,"Matryoshka":9,"Golden Idol":2,"Sundial":26,"Vajra":26,"MealTicket":7,"Pandora\u0027s Box":17,"Ginger":13,"Ring of the Snake":0},{"Lantern":14,"Matryoshka":4,"Golden Idol":1,"Sundial":13,"Vajra":13,"MealTicket":4,"Pandora\u0027s Box":9,"Ginger":7,"Ring of the Snake":0},{"Lantern":70,"Matryoshka":25,"Golden Idol":4,"Sundial":65,"Vajra":65,"MealTicket":25,"Pandora\u0027s Box":50,"Ginger":40,"Ring of the Snake":0}],"Ring of the Snake":[30]},"card_choices":[{"not_picked":["Deflect","Finisher","Bane"],"picked":"SKIP","floor":1},{"not_picked":["Deflect","Finisher","Bane"],"picked":"SKIP","floor":1},{"not_picked":["Backflip","Underhanded Strike"],"picked":"Terror","floor":3},{"not_picked":["Deflect","Dodge and Roll"],"picked":"Riddle With Holes","floor":4},{"not_picked":["Catalyst","Concentrate"],"picked":"Crippling Poison","floor":7},{"not_picked":["Choke","Bane","Sucker Punch"],"picked":"SKIP","floor":11},{"not_picked":["Bane","Slice"],"picked":"Dagger Spray","floor":12},{"not_picked":["Backflip","A Thousand Cuts"],"picked":"Footwork","floor":13},{"not_picked":["Terror","All Out Attack"],"picked":"Crippling Poison","floor":14},{"not_picked":["Storm of Steel","Glass Knife"],"picked":"Die Die Die","floor":16},{"not_picked":["Deadly Poison","Accuracy"],"picked":"Acrobatics","floor":18},{"not_picked":["Sucker Punch","Distraction","Endless Agony","Escape Plan","Caltrops","Deadly Poison","Blur","Bouncing Flask","Flying Knee","Deflect","Underhanded Strike","Cloak And Dagger","Slice","Dodge and Roll","Predator","Crippling Poison","Backflip","Quick Slash","Outmaneuver"],"picked":"Catalyst","floor":19},{"not_picked":["Cloak And Dagger","Reflex","Caltrops"],"picked":"SKIP","floor":20},{"not_picked":["Flying Knee","Expertise","Endless Agony"],"picked":"SKIP","floor":24},{"not_picked":["Tactician","Catalyst+1"],"picked":"Well Laid Plans","floor":28}],"player_experience":2935971,"relics_obtained":[{"floor":7,"key":"MealTicket"},{"floor":9,"key":"Matryoshka"},{"floor":13,"key":"Ginger"},{"floor":26,"key":"Vajra"},{"floor":26,"key":"Sundial"},{"floor":28,"key":"Lantern"}],"event_choices":[{"damage_healed":0,"gold_gain":0,"player_choice":"Lose Max HP","damage_taken":0,"relics_obtained":["Golden Idol"],"max_hp_gain":0,"max_hp_loss":6,"event_name":"Golden Idol","floor":2,"gold_loss":0},{"damage_healed":0,"gold_gain":75,"player_choice":"Gather Gold","damage_taken":11,"max_hp_gain":0,"max_hp_loss":0,"event_name":"World of Goop","floor":10,"gold_loss":0},{"damage_healed":0,"gold_gain":0,"player_choice":"Read","damage_taken":0,"max_hp_gain":0,"max_hp_loss":0,"event_name":"The Library","floor":19,"gold_loss":0,"cards_obtained":["Catalyst"]},{"cards_removed":["Skewer"],"damage_healed":0,"gold_gain":0,"player_choice":"Gave Gold","damage_taken":0,"max_hp_gain":0,"max_hp_loss":0,"event_name":"Beggar","floor":22,"gold_loss":75}],"is_beta":false,"boss_relics":[{"not_picked":["Sozu","SacredBark"],"picked":"Pandora\u0027s Box"}],"items_purged_floors":[21],"is_endless":false,"potions_floor_spawned":[4,11,12,13,16,18,24,25],"killed_by":"Chosen and Byrds","ascension_level":20,"potion_discard_per_floor":[[],[],[],[],[],[],[],[],[],[],[],[],[],[],[],[],[],[],[],[],[],[],[],[],[],[],[],[],[],[]]}