{"gold_per_floor":[112,112,112,137,29,73,97,97,97,121,162,162,176,199,199,318,318,342,361,138,162,162,205,205],"floor_reached":24,"playtime":1403,"items_purged":["Defend_P"],"score":226,"play_id":"a77264bd-8f64-4ced-b107-768f63503bde","local_time":"20210409154558","is_ascension_mode":false,"campfire_choices":[{"floor":8,"key":"REST"},{"data":"Study","floor":12,"key":"SMITH"},{"data":"Evaluate","floor":15,"key":"SMITH"}],"neow_cost":"NONE","seed_source_timestamp":36959650012600,"circlet_count":0,"master_deck":["Strike_P","Strike_P","Strike_P+1","Strike_P","Defend_P","Defend_P","Defend_P","Eruption+1","Vigilance","Prostrate","SandsOfTime","Pray","LikeWater","Brilliance","Study+1","Evaluate+1","Devotion","FlurryOfBlows+1","SignatureMove"],"relics":["PureWater","Happy Flower","Golden Idol","Eternal Feather","Matryoshka","Gambling Chip","Coffee Dripper","Sling","Frozen Egg 2","Vajra"],"potions_floor_usage":[23,23],"damage_taken":[{"damage":4,"enemies":"2 Louse","floor":1,"turns":3},{"damage":1,"enemies":"Jaw Worm","floor":4,"turns":3},{"damage":9,"enemies":"3 Sentries","floor":6,"turns":9},{"damage":3,"enemies":"Small Slimes","floor":10,"turns":3},{"damage":17,"enemies":"Gremlin Nob","floor":11,"turns":4},{"damage":3,"enemies":"Red Slaver","floor":13,"turns":4},{"damage":0,"enemies":"Exordium Wildlife","floor":14,"turns":1},{"damage":28,"enemies":"Hexaghost","floor":16,"turns":11},{"damage":0,"enemies":"Spheric Guardian","floor":18,"turns":3},{"damage":17,"enemies":"2 Thieves","floor":19,"turns":5},{"damage":16,"enemies":"Centurion and Healer","floor":21,"turns":5},{"damage":31,"enemies":"Gremlin Leader","floor":23,"turns":4},{"damage":25,"enemies":"Shelled Parasite and Fungi","floor":24,"turns":2}],"seed_played":"8909930839718884056","potions_obtained":[{"floor":6,"key":"Regen Potion"},{"floor":10,"key":"Fire Potion"},{"floor":16,"key":"Weak Potion"},{"floor":18,"key":"Regen Potion"},{"floor":23,"key":"GamblersBrew"}],"is_trial":false,"path_per_floor":["M","?","?","M","$","E","T","R","T","M","E","R","M","M","R","B",null,"M","M","$","M","?","E","M"],"character_chosen":"WATCHER","items_purchased":["Pray","LikeWater","Sling"],"campfire_rested":1,"item_purchase_floors":[5,5,20],"current_hp_per_floor":[68,54,36,35,35,26,26,56,56,53,36,45,42,42,51,23,72,72,55,55,39,39,18,0],"gold":205,"neow_bonus":"RANDOM_COMMON_RELIC","is_prod":false,"is_daily":false,"chose_seed":false,"campfire_upgraded":2,"win_rate":0.0,"timestamp":1617997558,"path_taken":["M","?","?","M","$","E","?","R","T","M","E","R","M","M","R","BOSS","M","M","$","M","?","E","?"],"build_version":"2020-12-22","purchased_purges":1,"victory":false,"max_hp_per_floor":[72,72,72,72,72,72,72,72,72,72,72,72,72,72,72,72,72,72,72,72,72,72,72,72],"card_choices":[{"not_picked":["FlurryOfBlows","Worship"],"picked":"Prostrate","floor":1},{"not_picked":["BowlingBash","ThirdEye"],"picked":"SandsOfTime","floor":4},{"not_picked":["Swivel","PathToVictory"],"picked":"Brilliance","floor":6},{"not_picked":["EmptyBody","Wallop"],"picked":"Study","floor":10},{"not_picked":["InnerPeace","EmptyFist","WreathOfFlame"],"picked":"SKIP","floor":11},{"not_picked":["Swivel","CutThroughFate","Vengeance"],"picked":"SKIP","floor":13},{"not_picked":["Fasting2","Indignation"],"picked":"Evaluate","floor":14},{"not_picked":["Alpha","LessonLearned"],"picked":"Devotion","floor":16},{"not_picked":["PathToVictory","Weave+1","JustLucky+1"],"picked":"SKIP","floor":18},{"not_picked":["WindmillStrike","Evaluate"],"picked":"FlurryOfBlows+1","floor":19},{"not_picked":["FlyingSleeves+1","EmptyBody"],"picked":"SignatureMove","floor":21},{"not_picked":["PathToVictory+1","Devotion+1","Indignation"],"picked":"SKIP","floor":23}],"player_experience":97091,"relics_obtained":[{"floor":6,"key":"Eternal Feather"},{"floor":9,"key":"Matryoshka"},{"floor":11,"key":"Gambling Chip"},{"floor":23,"key":"Vajra"}],"event_choices":[{"damage_healed":0,"gold_gain":0,"player_choice":"Entered Light","damage_taken":14,"max_hp_gain":0,"max_hp_loss":0,"event_name":"Shining Light","floor":2,"gold_loss":0,"cards_upgraded":["Strike_P","Eruption"]},{"damage_healed":0,"gold_gain":0,"player_choice":"Take Damage","damage_taken":18,"relics_obtained":["Golden Idol"],"max_hp_gain":0,"max_hp_loss":0,"event_name":"Golden Idol","floor":3,"gold_loss":0},{"damage_healed":0,"gold_gain":0,"player_choice":"Gave Potion","damage_taken":0,"relics_obtained":["Frozen Egg 2"],"max_hp_gain":0,"max_hp_loss":0,"event_name":"WeMeetAgain","floor":22,"gold_loss":0}],"is_beta":false,"boss_relics":[{"not_picked":["Calling Bell","Tiny House"],"picked":"Coffee Dripper"}],"items_purged_floors":[20],"is_endless":false,"potions_floor_spawned":[6,10,16,18,23],"killed_by":"Shelled Parasite and Fungi","ascension_level":0}