{"gold_per_floor":[117,117,28,28,39,73,73,73,73,73],"floor_reached":10,"playtime":637,"items_purged":[],"score":64,"play_id":"ee7b913f-5c1e-4a7f-87d7-3922a721e4cc","local_time":"20210407211326","is_ascension_mode":false,"campfire_choices":[{"floor":7,"key":"REST"}],"neow_cost":"NONE","seed_source_timestamp":114385596346500,"circlet_count":0,"master_deck":["Strike_P","Strike_P","Strike_P","Strike_P","Defend_P","Defend_P","Defend_P","Eruption","Vigilance","Evaluate","InnerPeace","Discovery","InnerPeace","Worship"],"relics":["PureWater","Gremlin Horn","Regal Pillow","Golden Idol","Frozen Egg 2"],"potions_floor_usage":[],"damage_taken":[{"damage":25,"enemies":"Cultist","floor":1,"turns":8},{"damage":0,"enemies":"Jaw Worm","floor":5,"turns":4},{"damage":13,"enemies":"Gremlin Nob","floor":6,"turns":3},{"damage":4,"enemies":"The Mushroom Lair","floor":10,"turns":2}],"seed_played":"6729538600759633993","potions_obtained":[{"floor":5,"key":"AttackPotion"}],"is_trial":false,"path_per_floor":["M","T","$","?","M","E","R","?","T","?"],"character_chosen":"WATCHER","items_purchased":["Discovery"],"campfire_rested":1,"item_purchase_floors":[3],"current_hp_per_floor":[47,47,47,47,47,34,70,52,52,48],"gold":73,"neow_bonus":"THREE_CARDS","is_prod":false,"is_daily":false,"chose_seed":false,"campfire_upgraded":0,"win_rate":0.0,"timestamp":1617844406,"path_taken":["M","?","?","?","?","E","R","?","T","?"],"build_version":"2020-12-22","purchased_purges":0,"victory":false,"max_hp_per_floor":[72,72,72,72,72,72,72,72,72,72],"card_choices":[{"not_picked":["Fasting2","CrushJoints"],"picked":"Evaluate","floor":0},{"not_picked":["Crescendo","Evaluate"],"picked":"InnerPeace","floor":1},{"not_picked":["Wallop","WaveOfTheHand","Adaptation"],"picked":"SKIP","floor":5},{"not_picked":["DeceiveReality","SashWhip"],"picked":"Worship","floor":6}],"player_experience":89376,"relics_obtained":[{"floor":2,"key":"Gremlin Horn"},{"floor":6,"key":"Regal Pillow"},{"floor":9,"key":"Frozen Egg 2"}],"event_choices":[{"damage_healed":0,"gold_gain":0,"cards_transformed":["Defend_P"],"player_choice":"Change","damage_taken":0,"max_hp_gain":0,"max_hp_loss":0,"event_name":"Living Wall","floor":4,"gold_loss":0,"cards_obtained":["InnerPeace"]},{"damage_healed":0,"gold_gain":0,"player_choice":"Take Damage","damage_taken":18,"relics_obtained":["Golden Idol"],"max_hp_gain":0,"max_hp_loss":0,"event_name":"Golden Idol","floor":8,"gold_loss":0},{"damage_healed":0,"gold_gain":0,"player_choice":"Fought Mushrooms","damage_taken":0,"max_hp_gain":0,"max_hp_loss":0,"event_name":"Mushrooms","floor":10,"gold_loss":0}],"is_beta":false,"boss_relics":[],"items_purged_floors":[],"is_endless":false,"potions_floor_spawned":[5],"killed_by":"The Mushroom Lair","ascension_level":0}