{"gold_per_floor":[361,21,37,48,48,48,48,48,72,98,23,36,48,48,48,48],"floor_reached":16,"playtime":932,"items_purged":["Defend_P"],"score":100,"play_id":"cf7592b9-c860-4f71-a1d3-05a632f8e568","local_time":"20210409160141","is_ascension_mode":false,"campfire_choices":[{"data":"Pray","floor":6,"key":"SMITH"},{"data":"Swivel","floor":8,"key":"SMITH"},{"data":"Perseverance","floor":15,"key":"SMITH"}],"neow_cost":"PERCENT_DAMAGE","seed_source_timestamp":38374388804600,"circlet_count":0,"master_deck":["Strike_P","Strike_P","Strike_P","Strike_P","Defend_P","Defend_P","Defend_P","Eruption","Vigilance+1","Swivel+1","ThirdEye+1","Pray+1","BowlingBash","FollowUp","Prostrate","Perseverance+1"],"relics":["PureWater","Mango","MealTicket","Oddly Smooth Stone"],"potions_floor_usage":[10],"damage_taken":[{"damage":1,"enemies":"Jaw Worm","floor":1,"turns":3},{"damage":0,"enemies":"2 Louse","floor":3,"turns":3},{"damage":0,"enemies":"Cultist","floor":4,"turns":2},{"damage":30,"enemies":"3 Sentries","floor":10,"turns":7},{"damage":1,"enemies":"Red Slaver","floor":12,"turns":5},{"damage":5,"enemies":"Large Slime","floor":13,"turns":9},{"damage":64,"enemies":"Hexaghost","floor":16,"turns":15}],"seed_played":"-6417756771292421716","potions_obtained":[{"floor":3,"key":"Weak Potion"},{"floor":10,"key":"Explosive Potion"}],"is_trial":false,"path_per_floor":["M","$","M","M","?","R","$","R","T","E","$","M","M","?","R","B"],"character_chosen":"WATCHER","items_purchased":["Mango","ThirdEye"],"campfire_rested":0,"item_purchase_floors":[2,2],"current_hp_per_floor":[50,64,64,64,47,47,47,47,47,17,32,31,26,54,54,0],"gold":48,"neow_bonus":"TWO_FIFTY_GOLD","is_prod":false,"is_daily":false,"chose_seed":false,"campfire_upgraded":3,"win_rate":0.0,"timestamp":1617998501,"path_taken":["M","$","M","M","?","R","?","R","T","E","$","M","M","?","R","BOSS"],"build_version":"2020-12-22","purchased_purges":1,"victory":false,"max_hp_per_floor":[72,86,86,86,86,86,86,86,86,86,86,86,86,86,86,86],"card_choices":[{"not_picked":["Protect","JustLucky"],"picked":"Swivel","floor":1},{"not_picked":["Collect","InnerPeace"],"picked":"Pray","floor":3},{"not_picked":["Consecrate","Indignation"],"picked":"BowlingBash","floor":4},{"not_picked":["Fasting2","FlurryOfBlows"],"picked":"FollowUp","floor":10},{"not_picked":["Conclude","WaveOfTheHand"],"picked":"Prostrate","floor":12},{"not_picked":["Evaluate","Crescendo"],"picked":"Perseverance","floor":13}],"player_experience":98494,"relics_obtained":[{"floor":9,"key":"MealTicket"},{"floor":10,"key":"Oddly Smooth Stone"}],"event_choices":[{"damage_healed":0,"gold_gain":0,"player_choice":"Entered Light","damage_taken":17,"max_hp_gain":0,"max_hp_loss":0,"event_name":"Shining Light","floor":5,"gold_loss":0,"cards_upgraded":["Vigilance","ThirdEye"]},{"damage_healed":28,"gold_gain":0,"player_choice":"Banana","damage_taken":0,"max_hp_gain":0,"max_hp_loss":0,"event_name":"Big Fish","floor":14,"gold_loss":0}],"is_beta":false,"boss_relics":[],"items_purged_floors":[11],"is_endless":false,"potions_floor_spawned":[3,10],"killed_by":"Hexaghost","ascension_level":0}