{"gold_per_floor":[111,131,147,167,186,186,219,219,243,45,45,63,75,0,0,105,105,117,117,136,148,148],"floor_reached":22,"playtime":1065,"items_purged":["Defend_P"],"score":240,"play_id":"914b4357-89b6-4f6b-87eb-86706fd87ea1","local_time":"20210414222200","is_ascension_mode":false,"campfire_choices":[{"data":"Eruption","floor":6,"key":"SMITH"},{"data":"Halt","floor":8,"key":"SMITH"},{"data":"PathToVictory","floor":11,"key":"SMITH"},{"floor":15,"key":"REST"}],"neow_cost":"NONE","seed_source_timestamp":493054794418900,"circlet_count":0,"master_deck":["Strike_P","Strike_P","Strike_P","Defend_P","Defend_P","Eruption+1","Vigilance","FearNoEvil","Sanctity","ThirdEye","Prostrate","CrushJoints","Halt+1","PathToVictory+1","Nirvana","Wireheading","Alpha","Worship","LikeWater","Conclude","PathToVictory"],"relics":["PureWater","NeowsBlessing","Potion Belt","Strawberry","Anchor","VioletLotus"],"potions_floor_usage":[7,18,18],"damage_taken":[{"damage":0,"enemies":"Jaw Worm","floor":1,"turns":1},{"damage":0,"enemies":"2 Louse","floor":2,"turns":1},{"damage":0,"enemies":"Cultist","floor":3,"turns":1},{"damage":10,"enemies":"2 Fungi Beasts","floor":4,"turns":5},{"damage":4,"enemies":"3 Louse","floor":5,"turns":3},{"damage":26,"enemies":"3 Sentries","floor":7,"turns":12},{"damage":2,"enemies":"Blue Slaver","floor":12,"turns":3},{"damage":2,"enemies":"Exordium Wildlife","floor":13,"turns":7},{"damage":0,"enemies":"Slime Boss","floor":16,"turns":6},{"damage":0,"enemies":"2 Thieves","floor":18,"turns":5},{"damage":11,"enemies":"Spheric Guardian","floor":20,"turns":7},{"damage":40,"enemies":"3 Cultists","floor":21,"turns":5},{"damage":29,"enemies":"Snecko","floor":22,"turns":4}],"seed_played":"9015995208351243759","potions_obtained":[{"floor":1,"key":"Weak Potion"},{"floor":2,"key":"Weak Potion"},{"floor":3,"key":"Swift Potion"},{"floor":12,"key":"Strength Potion"},{"floor":16,"key":"SpeedPotion"},{"floor":20,"key":"LiquidMemories"},{"floor":21,"key":"Dexterity Potion"}],"is_trial":false,"path_per_floor":["M","M","M","M","M","R","E","R","T","$","R","M","M","$","R","B",null,"M","?","M","M","M"],"character_chosen":"WATCHER","items_purchased":["Anchor","PathToVictory"],"campfire_rested":1,"item_purchase_floors":[10,10],"current_hp_per_floor":[72,72,72,62,58,58,32,32,39,39,39,37,35,35,58,58,79,79,79,68,28,0],"gold":148,"neow_bonus":"THREE_ENEMY_KILL","is_prod":false,"is_daily":false,"chose_seed":false,"campfire_upgraded":3,"win_rate":0.0,"timestamp":1618453320,"path_taken":["M","M","M","M","M","R","E","R","T","$","R","M","M","$","R","BOSS","M","?","M","M","M"],"build_version":"2020-12-22","purchased_purges":1,"victory":false,"max_hp_per_floor":[72,72,72,72,72,72,72,72,79,79,79,79,79,79,79,79,79,79,79,79,79,79],"card_choices":[{"not_picked":["WreathOfFlame","ReachHeaven"],"picked":"FearNoEvil","floor":1},{"not_picked":["Adaptation","Fasting2"],"picked":"Sanctity","floor":2},{"not_picked":["Fasting2","EmptyFist"],"picked":"ThirdEye","floor":3},{"not_picked":["Crescendo","FlurryOfBlows"],"picked":"Prostrate","floor":4},{"not_picked":["Wallop","FearNoEvil"],"picked":"CrushJoints","floor":5},{"not_picked":["Vengeance","FearNoEvil"],"picked":"Halt","floor":7},{"not_picked":["EmptyFist","SashWhip"],"picked":"Nirvana","floor":12},{"not_picked":["SignatureMove","Halt"],"picked":"Wireheading","floor":13},{"not_picked":["Omniscience","Establishment"],"picked":"Alpha","floor":16},{"not_picked":["FlyingSleeves","InnerPeace+1"],"picked":"Worship","floor":18},{"not_picked":["EmptyBody","JustLucky"],"picked":"PathToVictory","floor":20},{"not_picked":["SignatureMove","Vengeance","FollowUp+1"],"picked":"SKIP","floor":21}],"player_experience":125368,"relics_obtained":[{"floor":7,"key":"Potion Belt"},{"floor":9,"key":"Strawberry"}],"event_choices":[{"damage_healed":0,"gold_gain":0,"cards_transformed":["Defend_P","Strike_P"],"player_choice":"Became Test Subject","damage_taken":0,"max_hp_gain":0,"max_hp_loss":0,"event_name":"Drug Dealer","floor":19,"gold_loss":0,"cards_obtained":["LikeWater","Conclude"]}],"is_beta":false,"boss_relics":[{"not_picked":["Philosopher\u0027s Stone","Velvet Choker"],"picked":"VioletLotus"}],"items_purged_floors":[14],"is_endless":false,"potions_floor_spawned":[1,2,3,12,16,20,21],"killed_by":"Snecko","ascension_level":0}