{"gold_per_floor":[111,123,142,142,18,44,56,67,67,77,9,9],"floor_reached":12,"playtime":641,"items_purged":["Strike_P"],"score":84,"play_id":"ec01e928-1298-4464-8be1-4600d2995016","local_time":"20210410193449","is_ascension_mode":false,"campfire_choices":[],"neow_cost":"NONE","seed_source_timestamp":137852598789699,"circlet_count":0,"master_deck":["Strike_P","Strike_P","Defend_P","Defend_P","Defend_P","Defend_P","Eruption","Vigilance","CarveReality","MentalFortress","CarveReality","ForeignInfluence","CutThroughFate","BowlingBash","PathToVictory","Prostrate","Study"],"relics":["PureWater","Omamori"],"potions_floor_usage":[6,6],"damage_taken":[{"damage":0,"enemies":"Small Slimes","floor":1,"turns":2},{"damage":0,"enemies":"Cultist","floor":2,"turns":4},{"damage":0,"enemies":"2 Louse","floor":3,"turns":4},{"damage":9,"enemies":"Lagavulin","floor":6,"turns":4},{"damage":2,"enemies":"Blue Slaver","floor":7,"turns":2},{"damage":28,"enemies":"Lots of Slimes","floor":8,"turns":5},{"damage":11,"enemies":"Exordium Wildlife","floor":10,"turns":3},{"damage":8,"enemies":"3 Louse","floor":12,"turns":3}],"seed_played":"-4884639206464059969","potions_obtained":[{"floor":3,"key":"Fruit Juice"},{"floor":7,"key":"Regen Potion"},{"floor":8,"key":"Fire Potion"},{"floor":10,"key":"SteroidPotion"}],"is_trial":false,"path_per_floor":["M","M","M","?","$","E","M","M","T","M","$","M"],"character_chosen":"WATCHER","items_purchased":["FearPotion","Study"],"campfire_rested":0,"item_purchase_floors":[5,11],"current_hp_per_floor":[72,72,72,72,72,68,66,38,38,27,27,19],"gold":9,"neow_bonus":"THREE_CARDS","is_prod":false,"is_daily":false,"chose_seed":false,"campfire_upgraded":0,"win_rate":0.0,"timestamp":1618097689,"path_taken":["M","M","M","?","$","E","M","M","T","M","?","M"],"build_version":"2020-12-22","purchased_purges":1,"victory":false,"max_hp_per_floor":[72,72,72,72,72,77,77,77,77,77,77,77],"card_choices":[{"not_picked":["Meditate","ClearTheMind"],"picked":"CarveReality","floor":0},{"not_picked":["Crescendo","FlurryOfBlows"],"picked":"MentalFortress","floor":1},{"not_picked":["Tantrum","Study"],"picked":"CarveReality","floor":2},{"not_picked":["FlyingSleeves","Fasting2"],"picked":"ForeignInfluence","floor":3},{"not_picked":["Prostrate","JustLucky"],"picked":"CutThroughFate","floor":6},{"not_picked":["PathToVictory","JustLucky"],"picked":"BowlingBash","floor":7},{"not_picked":["FlurryOfBlows","Swivel"],"picked":"PathToVictory","floor":8},{"not_picked":["FlyingSleeves","Consecrate"],"picked":"Prostrate","floor":10}],"player_experience":102882,"relics_obtained":[{"floor":6,"key":"Omamori"}],"event_choices":[{"cards_removed":["Strike_P"],"damage_healed":0,"gold_gain":0,"player_choice":"Card Removal","damage_taken":0,"max_hp_gain":0,"max_hp_loss":0,"event_name":"Wheel of Change","floor":4,"gold_loss":0}],"is_beta":false,"boss_relics":[],"items_purged_floors":[5],"is_endless":false,"potions_floor_spawned":[3,7,8,10],"killed_by":"3 Louse","ascension_level":0}