{"gold_per_floor":[111,124,124,4,20,20,49,49,95,106,106,131,144,176,176,276,276,286,306,340,340,340,340,355,355],"floor_reached":25,"playtime":1297,"items_purged":["Strike_P"],"score":223,"play_id":"533d2710-0f60-44d3-9698-7c774b0f5af1","local_time":"20210412184949","is_ascension_mode":false,"campfire_choices":[{"data":"ForeignInfluence","floor":6,"key":"SMITH"},{"floor":8,"key":"REST"},{"data":"ForeignInfluence","floor":15,"key":"SMITH"},{"floor":23,"key":"REST"}],"neow_cost":"NONE","seed_source_timestamp":307290557232900,"circlet_count":0,"master_deck":["Strike_P+1","Strike_P+1","Strike_P","Defend_P","Defend_P","Defend_P","Defend_P","Eruption","Vigilance","BowlingBash","ForeignInfluence+1","SashWhip","Protect","Brilliance","FlyingSleeves","ForeignInfluence+1","DeceiveReality","WindmillStrike","Worship","TalkToTheHand","Decay","Perseverance+1"],"relics":["PureWater","NeowsBlessing","Bronze Scales","Orichalcum","Whetstone","VioletLotus","Red Mask"],"potions_floor_usage":[7,16,18,21,24],"damage_taken":[{"damage":0,"enemies":"Cultist","floor":1,"turns":1},{"damage":0,"enemies":"2 Louse","floor":2,"turns":1},{"damage":0,"enemies":"Small Slimes","floor":5,"turns":1},{"damage":23,"enemies":"Gremlin Nob","floor":7,"turns":5},{"damage":4,"enemies":"Gremlin Gang","floor":10,"turns":4},{"damage":13,"enemies":"3 Sentries","floor":12,"turns":6},{"damage":0,"enemies":"Lots of Slimes","floor":13,"turns":3},{"damage":14,"enemies":"Gremlin Nob","floor":14,"turns":4},{"damage":26,"enemies":"Hexaghost","floor":16,"turns":10},{"damage":18,"enemies":"2 Thieves","floor":18,"turns":4},{"damage":4,"enemies":"Chosen","floor":19,"turns":4},{"damage":15,"enemies":"Masked Bandits","floor":20,"turns":4},{"damage":0,"enemies":"Centurion and Healer","floor":21,"turns":1},{"damage":17,"enemies":"Cultist and Chosen","floor":24,"turns":8},{"damage":39,"enemies":"Shelled Parasite and Fungi","floor":25,"turns":8}],"seed_played":"7241167120923141611","potions_obtained":[{"floor":1,"key":"LiquidMemories"},{"floor":3,"key":"SmokeBomb"},{"floor":3,"key":"SteroidPotion"},{"floor":3,"key":"StancePotion"},{"floor":10,"key":"AttackPotion"},{"floor":14,"key":"ColorlessPotion"},{"floor":16,"key":"BlessingOfTheForge"},{"floor":20,"key":"Ambrosia"},{"floor":24,"key":"SkillPotion"}],"is_trial":false,"path_per_floor":["M","M","?","$","M","R","E","R","T","M","$","E","M","E","R","B",null,"M","M","?","M","?","R","M","M"],"character_chosen":"WATCHER","items_purchased":["SashWhip"],"campfire_rested":2,"item_purchase_floors":[4],"current_hp_per_floor":[72,72,72,72,72,72,49,70,70,66,66,53,53,39,39,13,72,54,50,35,35,35,56,39,0],"gold":355,"neow_bonus":"THREE_ENEMY_KILL","is_prod":false,"is_daily":false,"chose_seed":false,"campfire_upgraded":2,"win_rate":0.0,"timestamp":1618267789,"path_taken":["M","M","?","$","M","R","E","R","T","?","?","E","M","E","R","BOSS","M","M","?","M","?","R","M","M"],"build_version":"2020-12-22","purchased_purges":1,"victory":false,"max_hp_per_floor":[72,72,72,72,72,72,72,72,72,72,72,72,72,72,72,72,72,72,72,72,72,72,72,72,72],"card_choices":[{"not_picked":["FollowUp","ThirdEye"],"picked":"BowlingBash","floor":1},{"not_picked":["Crescendo","Consecrate"],"picked":"ForeignInfluence","floor":2},{"not_picked":["Conclude","FlyingSleeves"],"picked":"Protect","floor":5},{"not_picked":["Prostrate","FollowUp"],"picked":"Brilliance","floor":7},{"not_picked":["FlurryOfBlows","WaveOfTheHand"],"picked":"FlyingSleeves","floor":10},{"not_picked":["Prostrate","FollowUp"],"picked":"ForeignInfluence","floor":12},{"not_picked":["Halt","Consecrate"],"picked":"DeceiveReality","floor":13},{"not_picked":["FlyingSleeves","Study"],"picked":"WindmillStrike","floor":14},{"not_picked":["ReachHeaven","Indignation"],"picked":"Worship","floor":18},{"not_picked":["EmptyFist","FollowUp"],"picked":"TalkToTheHand","floor":19},{"not_picked":["WheelKick","SignatureMove"],"picked":"Perseverance+1","floor":24}],"player_experience":106607,"relics_obtained":[{"floor":7,"key":"Bronze Scales"},{"floor":12,"key":"Orichalcum"},{"floor":14,"key":"Whetstone"},{"floor":20,"key":"Red Mask"}],"event_choices":[{"damage_healed":0,"gold_gain":0,"player_choice":"Got Potions","damage_taken":0,"max_hp_gain":0,"max_hp_loss":0,"event_name":"Lab","floor":3,"gold_loss":0},{"damage_healed":0,"gold_gain":0,"player_choice":"Fought Bandits","damage_taken":0,"max_hp_gain":0,"max_hp_loss":0,"event_name":"Masked Bandits","floor":20,"gold_loss":0},{"damage_healed":0,"gold_gain":0,"player_choice":"Smashed Altar","damage_taken":0,"max_hp_gain":0,"max_hp_loss":0,"event_name":"Forgotten Altar","floor":22,"gold_loss":0,"cards_obtained":["Decay"]}],"is_beta":false,"boss_relics":[{"not_picked":["Coffee Dripper","Runic Pyramid"],"picked":"VioletLotus"}],"items_purged_floors":[4],"is_endless":false,"potions_floor_spawned":[1,10,13,14,16,20,24],"killed_by":"Shelled Parasite and Fungi","ascension_level":0}