{"gold_per_floor":[114,114,131,131,306,342,342,358,358,26,26,45,65,85,85,206,206,227,222,222],"floor_reached":20,"playtime":971,"items_purged":["Doubt"],"score":201,"play_id":"592b41c8-3ac4-4c6b-ac34-374609ab8aff","local_time":"20210410184153","is_ascension_mode":false,"campfire_choices":[{"floor":7,"key":"RECALL"},{"data":"SignatureMove","floor":11,"key":"SMITH"},{"data":"TalkToTheHand","floor":15,"key":"SMITH"}],"neow_cost":"NONE","seed_source_timestamp":134344723786499,"circlet_count":0,"master_deck":["Strike_P","Strike_P","Strike_P","Strike_P","Defend_P","Defend_P","Defend_P","Defend_P","Eruption","Vigilance","EmptyBody","Injury","SignatureMove+1","EmptyFist","Evaluate","TalkToTheHand+1","InnerPeace","MasterReality","BowlingBash","CarveReality"],"relics":["PureWater","NeowsBlessing","StoneCalendar","Golden Idol","Vajra","Pear","Ornamental Fan"],"potions_floor_usage":[18],"damage_taken":[{"damage":0,"enemies":"Jaw Worm","floor":1,"turns":1},{"damage":0,"enemies":"Small Slimes","floor":3,"turns":1},{"damage":0,"enemies":"Gremlin Nob","floor":6,"turns":1},{"damage":0,"enemies":"Cultist","floor":8,"turns":3},{"damage":11,"enemies":"Large Slime","floor":12,"turns":6},{"damage":5,"enemies":"3 Louse","floor":13,"turns":3},{"damage":0,"enemies":"Exordium Thugs","floor":14,"turns":5},{"damage":30,"enemies":"Hexaghost","floor":16,"turns":10},{"damage":42,"enemies":"3 Byrds","floor":18,"turns":7},{"damage":5,"enemies":"2 Thieves","floor":19,"turns":4},{"damage":44,"enemies":"Snake Plant","floor":20,"turns":4}],"seed_played":"9107392639751004205","potions_obtained":[{"floor":1,"key":"Regen Potion"},{"floor":6,"key":"SpeedPotion"},{"floor":8,"key":"DuplicationPotion"},{"floor":16,"key":"DuplicationPotion"},{"floor":19,"key":"SpeedPotion"}],"is_trial":false,"path_per_floor":["M","?","M","?","?","E","R","M","T","$","R","M","M","M","R","B",null,"M","M","M"],"character_chosen":"WATCHER","items_purchased":["Ornamental Fan"],"campfire_rested":0,"item_purchase_floors":[10],"current_hp_per_floor":[72,60,60,60,60,60,60,60,70,70,70,59,54,54,54,24,82,45,40,0],"gold":222,"neow_bonus":"THREE_ENEMY_KILL","is_prod":false,"is_daily":false,"chose_seed":false,"campfire_upgraded":2,"win_rate":0.0,"timestamp":1618094513,"path_taken":["M","?","M","?","?","E","R","M","T","$","R","?","M","M","R","BOSS","M","M","M"],"build_version":"2020-12-22","purchased_purges":1,"victory":false,"max_hp_per_floor":[72,72,72,72,72,72,72,72,82,82,82,82,82,82,82,82,82,82,82,82],"card_choices":[{"not_picked":["Collect","FollowUp","Swivel"],"picked":"SKIP","floor":1},{"not_picked":["Weave","Prostrate"],"picked":"EmptyBody","floor":3},{"not_picked":["EmptyBody","ClearTheMind"],"picked":"SignatureMove","floor":6},{"not_picked":["EmptyBody","Prostrate"],"picked":"EmptyFist","floor":8},{"not_picked":["ThirdEye","Pray"],"picked":"Evaluate","floor":12},{"not_picked":["EmptyFist","PathToVictory"],"picked":"TalkToTheHand","floor":13},{"not_picked":["Protect","Pray"],"picked":"InnerPeace","floor":14},{"not_picked":["Scrawl","ConjureBlade"],"picked":"MasterReality","floor":16},{"not_picked":["ThirdEye","EmptyBody"],"picked":"BowlingBash","floor":18},{"not_picked":["Adaptation","WreathOfFlame"],"picked":"CarveReality","floor":19}],"player_experience":99426,"relics_obtained":[{"floor":6,"key":"Vajra"},{"floor":9,"key":"Pear"}],"event_choices":[{"damage_healed":0,"gold_gain":0,"player_choice":"Success","damage_taken":12,"relics_obtained":["StoneCalendar"],"max_hp_gain":0,"max_hp_loss":0,"event_name":"Scrap Ooze","floor":2,"gold_loss":0},{"damage_healed":0,"gold_gain":0,"player_choice":"Take Wound","damage_taken":0,"relics_obtained":["Golden Idol"],"max_hp_gain":0,"max_hp_loss":0,"event_name":"Golden Idol","floor":4,"gold_loss":0,"cards_obtained":["Injury"]},{"damage_healed":0,"gold_gain":175,"player_choice":"AGREE","damage_taken":0,"max_hp_gain":0,"max_hp_loss":0,"event_name":"Liars Game","floor":5,"gold_loss":0,"cards_obtained":["Doubt"]}],"is_beta":false,"boss_relics":[{"not_picked":["Runic Pyramid","Runic Dome","Sozu"]}],"items_purged_floors":[10],"is_endless":false,"potions_floor_spawned":[1,6,8,16,19],"killed_by":"Snake Plant","ascension_level":0}