{"gold_per_floor":[111,128,138,313,263,263,298,298,324,25,25,37,37,47,47,145,145,161,161,61,73,1,1,16,42,69,69,69,69,88,11,11,111,161,175,47,47,58,58],"floor_reached":39,"playtime":2485,"items_purged":["Doubt","Defend_P"],"score":424,"play_id":"6479bd2f-ca06-43de-9113-04652b21ea8f","local_time":"20210410192328","is_ascension_mode":false,"campfire_choices":[{"data":"DeceiveReality","floor":6,"key":"SMITH"},{"floor":8,"key":"REST"},{"data":"Mayhem","floor":13,"key":"SMITH"},{"floor":15,"key":"REST"},{"data":"WindmillStrike","floor":23,"key":"SMITH"},{"data":"DevaForm","floor":29,"key":"SMITH"},{"floor":32,"key":"REST"}],"neow_cost":"NONE","seed_source_timestamp":135326295562599,"circlet_count":0,"master_deck":["Strike_P","Strike_P","Strike_P","Defend_P","Defend_P","Defend_P","Eruption","Vigilance","Dramatic Entrance","ReachHeaven+1","DeceiveReality+1","FollowUp","SandsOfTime+1","TalkToTheHand","Mayhem+1","LikeWater","PathToVictory","LessonLearned","WindmillStrike+1","Meditate+1","Consecrate+1","Consecrate+1","DevaForm+1","Decay","BowlingBash+1","LikeWater","LessonLearned","Evaluate","BowlingBash+1","Perseverance","Enlightenment","Finesse","Perseverance"],"relics":["PureWater","Potion Belt","PreservedInsect","Question Card","VioletLotus","Thread and Needle","Tiny House"],"potions_floor_usage":[28,30,33,33,33,33,38],"damage_taken":[{"damage":7,"enemies":"Cultist","floor":1,"turns":3},{"damage":6,"enemies":"Jaw Worm","floor":2,"turns":2},{"damage":0,"enemies":"2 Louse","floor":3,"turns":2},{"damage":31,"enemies":"3 Sentries","floor":7,"turns":8},{"damage":0,"enemies":"Large Slime","floor":12,"turns":5},{"damage":8,"enemies":"Gremlin Gang","floor":14,"turns":3},{"damage":34,"enemies":"The Guardian","floor":16,"turns":10},{"damage":1,"enemies":"Spheric Guardian","floor":18,"turns":3},{"damage":3,"enemies":"Chosen","floor":21,"turns":6},{"damage":30,"enemies":"Shelled Parasite and Fungi","floor":24,"turns":6},{"damage":0,"enemies":"Gremlin Leader","floor":25,"turns":6},{"damage":0,"enemies":"Centurion and Healer","floor":28,"turns":1},{"damage":19,"enemies":"Snake Plant","floor":30,"turns":5},{"damage":29,"enemies":"Automaton","floor":33,"turns":12},{"damage":21,"enemies":"Orb Walker","floor":35,"turns":5},{"damage":38,"enemies":"3 Darklings","floor":38,"turns":6},{"damage":34,"enemies":"Transient","floor":39,"turns":3}],"seed_played":"-3411543753803475635","potions_obtained":[{"floor":7,"key":"BlessingOfTheForge"},{"floor":16,"key":"Explosive Potion"},{"floor":18,"key":"AttackPotion"},{"floor":24,"key":"SmokeBomb"},{"floor":30,"key":"Swift Potion"},{"floor":34,"key":"Ancient Potion"},{"floor":35,"key":"LiquidMemories"},{"floor":38,"key":"GamblersBrew"}],"is_trial":false,"path_per_floor":["M","M","M","?","?","R","E","R","T","$","T","M","R","M","R","B",null,"M","?","$","M","$","R","M","E","T","?","M","R","M","$","R","B",null,"M","$","?","M","M"],"character_chosen":"WATCHER","items_purchased":["TalkToTheHand","Mayhem","Consecrate","FearPotion","LikeWater","Perseverance","Enlightenment"],"campfire_rested":3,"item_purchase_floors":[10,10,22,22,31,36,36],"current_hp_per_floor":[65,59,59,59,59,59,28,49,49,49,49,49,49,41,62,28,72,71,71,71,68,68,68,38,38,38,38,38,38,19,19,40,11,77,56,56,56,18,0],"gold":58,"neow_bonus":"RANDOM_COLORLESS","is_prod":false,"is_daily":false,"chose_seed":false,"campfire_upgraded":4,"win_rate":0.0,"timestamp":1618097008,"path_taken":["M","M","M","?","?","R","E","R","T","?","?","M","R","M","R","BOSS","M","?","$","M","?","R","M","E","T","?","M","R","M","$","R","BOSS","M","$","?","M","M"],"build_version":"2020-12-22","purchased_purges":2,"victory":false,"max_hp_per_floor":[72,72,72,72,72,72,72,72,72,72,72,72,72,72,72,72,72,72,72,72,72,72,72,72,72,72,72,72,72,72,72,72,72,77,77,77,77,77,77],"card_choices":[{"not_picked":["Madness","PanicButton"],"picked":"Dramatic Entrance","floor":0},{"not_picked":["BattleHymn","Collect"],"picked":"ReachHeaven","floor":1},{"not_picked":["Evaluate","Pray"],"picked":"DeceiveReality","floor":2},{"not_picked":["WreathOfFlame","CutThroughFate"],"picked":"FollowUp","floor":3},{"not_picked":["CarveReality","JustLucky"],"picked":"SandsOfTime","floor":7},{"not_picked":["ThirdEye","Weave","Evaluate"],"picked":"LikeWater","floor":12},{"not_picked":["Halt","Sanctity","DeusExMachina"],"picked":"PathToVictory","floor":14},{"not_picked":["ConjureBlade","Vault","Ragnarok"],"picked":"LessonLearned","floor":16},{"not_picked":["EmptyFist+1","FollowUp","FlyingSleeves"],"picked":"WindmillStrike","floor":18},{"not_picked":["FollowUp","Scrawl","Protect+1"],"picked":"Meditate+1","floor":21},{"not_picked":["JustLucky","Collect+1","FearNoEvil"],"picked":"Consecrate+1","floor":24},{"not_picked":["CutThroughFate","FearNoEvil+1","InnerPeace"],"picked":"DevaForm","floor":25},{"not_picked":["Indignation","SashWhip+1","Swivel"],"picked":"BowlingBash+1","floor":30},{"not_picked":["Judgement","Brilliance","DeusExMachina"],"picked":"LessonLearned","floor":33},{"not_picked":["Weave","Prostrate","BowlingBash"],"picked":"Evaluate","floor":34},{"not_picked":["ClearTheMind+1","MentalFortress+1","WheelKick"],"picked":"BowlingBash+1","floor":35},{"not_picked":["EmptyMind+1","BowlingBash","EmptyBody+1","CutThroughFate+1"],"picked":"SKIP","floor":38}],"player_experience":100397,"relics_obtained":[{"floor":7,"key":"Potion Belt"},{"floor":9,"key":"PreservedInsect"},{"floor":11,"key":"Question Card"},{"floor":25,"key":"Thread and Needle"}],"event_choices":[{"damage_healed":0,"gold_gain":175,"player_choice":"AGREE","damage_taken":0,"max_hp_gain":0,"max_hp_loss":0,"event_name":"Liars Game","floor":4,"gold_loss":0,"cards_obtained":["Doubt"]},{"cards_removed":["Strike_P"],"damage_healed":0,"gold_gain":0,"player_choice":"Card Removal","damage_taken":0,"max_hp_gain":0,"max_hp_loss":0,"event_name":"The Cleric","floor":5,"gold_loss":50},{"damage_healed":0,"gold_gain":0,"player_choice":"Ignored","damage_taken":0,"max_hp_gain":0,"max_hp_loss":0,"event_name":"NoteForYourself","floor":19,"gold_loss":0},{"damage_healed":0,"gold_gain":0,"player_choice":"Smashed Altar","damage_taken":0,"max_hp_gain":0,"max_hp_loss":0,"event_name":"Forgotten Altar","floor":27,"gold_loss":0,"cards_obtained":["Decay"]},{"damage_healed":0,"gold_gain":0,"player_choice":"2 cards matched","damage_taken":0,"max_hp_gain":0,"max_hp_loss":0,"event_name":"Match and Keep!","floor":37,"gold_loss":0,"cards_obtained":["Finesse","Perseverance"]}],"is_beta":false,"boss_relics":[{"not_picked":["Black Star","Velvet Choker"],"picked":"VioletLotus"},{"not_picked":["Snecko Eye","Runic Pyramid"],"picked":"Tiny House"}],"items_purged_floors":[10,20],"is_endless":false,"potions_floor_spawned":[7,16,18,24,28,30,35,38],"killed_by":"Transient","ascension_level":0}