{"gold_per_floor":[119,138,150,162,175,211,211,231,231,266,266,290,290],"floor_reached":13,"playtime":480,"items_purged":[],"score":104,"play_id":"4a085a81-ec05-408d-8b6e-22d2b88717ab","local_time":"20210426000718","is_ascension_mode":true,"campfire_choices":[{"data":"Vault","floor":7,"key":"SMITH"}],"neow_cost":"NONE","seed_source_timestamp":540904463552200,"circlet_count":0,"master_deck":["Strike_P","Strike_P","Strike_P","Strike_P","Defend_P","Defend_P","Defend_P","Defend_P","Eruption","Vigilance","Crescendo","EmptyFist","BowlingBash","BattleHymn","PathToVictory","Vault+1","Wireheading","FlurryOfBlows","ClearTheMind"],"relics":["PureWater","Boot","CeramicFish","Question Card","Unceasing Top","Singing Bowl"],"potions_floor_usage":[10],"damage_taken":[{"damage":0,"enemies":"2 Louse","floor":1,"turns":2},{"damage":0,"enemies":"Small Slimes","floor":2,"turns":4},{"damage":0,"enemies":"Jaw Worm","floor":3,"turns":3},{"damage":0,"enemies":"2 Fungi Beasts","floor":4,"turns":3},{"damage":2,"enemies":"Exordium Thugs","floor":5,"turns":3},{"damage":46,"enemies":"Lagavulin","floor":6,"turns":5},{"damage":0,"enemies":"Exordium Wildlife","floor":8,"turns":3},{"damage":8,"enemies":"Gremlin Nob","floor":10,"turns":4},{"damage":5,"enemies":"Gremlin Gang","floor":12,"turns":4},{"damage":14,"enemies":"3 Sentries","floor":13,"turns":4}],"seed_played":"7938223015216522617","potions_obtained":[{"floor":3,"key":"CultistPotion"},{"floor":6,"key":"DuplicationPotion"},{"floor":12,"key":"AttackPotion"}],"is_trial":false,"path_per_floor":["M","M","M","M","M","E","R","M","T","E","?","M","E"],"character_chosen":"WATCHER","items_purchased":[],"campfire_rested":0,"item_purchase_floors":[],"current_hp_per_floor":[72,72,72,72,70,24,24,24,24,16,16,11,0],"gold":290,"neow_bonus":"RANDOM_COMMON_RELIC","is_prod":false,"is_daily":false,"chose_seed":false,"campfire_upgraded":1,"win_rate":0,"timestamp":1619410038,"path_taken":["M","M","M","M","M","E","R","M","T","E","?","M","E"],"build_version":"2020-12-22","purchased_purges":0,"victory":false,"max_hp_per_floor":[72,72,72,72,72,72,72,72,72,72,72,72,72],"card_choices":[{"not_picked":["Fasting2","Weave"],"picked":"Crescendo","floor":1},{"not_picked":["Protect","FlyingSleeves"],"picked":"EmptyFist","floor":2},{"not_picked":["SandsOfTime","Nirvana"],"picked":"BowlingBash","floor":3},{"not_picked":["FlurryOfBlows","Halt"],"picked":"BattleHymn","floor":4},{"not_picked":["Pray","EmptyBody"],"picked":"PathToVictory","floor":5},{"not_picked":["Judgement","Crescendo"],"picked":"Vault","floor":6},{"not_picked":["WaveOfTheHand","EmptyFist"],"picked":"Wireheading","floor":8},{"not_picked":["ForeignInfluence","Weave","ReachHeaven"],"picked":"FlurryOfBlows","floor":10},{"not_picked":["Nirvana","SashWhip","BowlingBash"],"picked":"ClearTheMind","floor":12}],"player_experience":183711,"relics_obtained":[{"floor":6,"key":"CeramicFish"},{"floor":9,"key":"Question Card"},{"floor":10,"key":"Unceasing Top"}],"event_choices":[{"damage_healed":0,"gold_gain":0,"player_choice":"Searched \u00271\u0027 times","damage_taken":0,"relics_obtained":["Singing Bowl"],"max_hp_gain":0,"max_hp_loss":0,"event_name":"Dead Adventurer","floor":11,"gold_loss":0}],"is_beta":false,"boss_relics":[],"items_purged_floors":[],"is_endless":false,"potions_floor_spawned":[3,6,12],"killed_by":"3 Sentries","ascension_level":1}