{"gold_per_floor":[115,125,200,211,211,240,256,291,291,316,316,336,354,354,354,450,450,460,460,92,106,106,138,138,163,216,250,260,260,272,272,272,374,374,391,53,73,73,173,200,212,242,242,242,255,255,131,144,144,144],"floor_reached":51,"playtime":5092,"items_purged":["Writhe","Strike_P","Defend_P"],"score":850,"play_id":"9b31b83a-f902-4098-b115-433d3056bfd8","local_time":"20210428054008","is_ascension_mode":true,"campfire_choices":[{"floor":11,"key":"REST"},{"floor":15,"key":"REST"},{"floor":24,"key":"REST"},{"floor":29,"key":"REST"},{"data":"Protect","floor":32,"key":"SMITH"},{"data":"BattleHymn","floor":44,"key":"SMITH"},{"data":"Establishment","floor":49,"key":"SMITH"}],"neow_cost":"NONE","seed_source_timestamp":729054731519300,"circlet_count":0,"master_deck":["Strike_P+1","Strike_P+1","Defend_P+1","Defend_P+1","Defend_P","Eruption+1","Vigilance+1","EmptyFist+1","Wallop+1","ClearTheMind+1","MasterReality","SashWhip+1","Protect+1","Vengeance","LessonLearned","ThirdEye+1","LessonLearned","Halt+1","Blasphemy+1","Weave+1","CarveReality","Prostrate+1","ReachHeaven+1","JustLucky+1","Wallop+1","Swivel+1","Establishment+1","Consecrate+1","BattleHymn+1","Protect+1","CarveReality+1","EmptyBody+1","Worship+1","FlurryOfBlows","Madness","Madness","WheelKick+1"],"relics":["HolyWater","Matryoshka","Damaru","Mercury Hourglass","Eternal Feather","Whetstone","Question Card","SlaversCollar","Akabeko","Frozen Eye","Potion Belt","Anchor","Oddly Smooth Stone","MealTicket","WingedGreaves","Membership Card","The Courier","PreservedInsect","Blood Vial","ClockworkSouvenir"],"potions_floor_usage":[8,16,25,27,27,31,33,40,50,50,50],"damage_taken":[{"damage":0,"enemies":"Small Slimes","floor":1,"turns":2},{"damage":1,"enemies":"Jaw Worm","floor":2,"turns":3},{"damage":1,"enemies":"Cultist","floor":4,"turns":3},{"damage":8,"enemies":"Gremlin Nob","floor":6,"turns":5},{"damage":2,"enemies":"Looter","floor":7,"turns":3},{"damage":35,"enemies":"Lagavulin","floor":8,"turns":13},{"damage":19,"enemies":"3 Sentries","floor":10,"turns":6},{"damage":14,"enemies":"Exordium Thugs","floor":12,"turns":5},{"damage":0,"enemies":"Large Slime","floor":13,"turns":2},{"damage":8,"enemies":"The Guardian","floor":16,"turns":11},{"damage":8,"enemies":"2 Thieves","floor":18,"turns":5},{"damage":5,"enemies":"Shell Parasite","floor":21,"turns":6},{"damage":36,"enemies":"Book of Stabbing","floor":23,"turns":6},{"damage":22,"enemies":"Gremlin Leader","floor":25,"turns":5},{"damage":16,"enemies":"Slavers","floor":27,"turns":4},{"damage":10,"enemies":"Centurion and Healer","floor":28,"turns":4},{"damage":0,"enemies":"Cultist and Chosen","floor":30,"turns":5},{"damage":2,"enemies":"Snake Plant","floor":31,"turns":5},{"damage":23,"enemies":"Champ","floor":33,"turns":9},{"damage":11,"enemies":"3 Darklings","floor":35,"turns":6},{"damage":0,"enemies":"3 Shapes","floor":37,"turns":5},{"damage":11,"enemies":"Giant Head","floor":40,"turns":6},{"damage":5,"enemies":"Maw","floor":41,"turns":7},{"damage":17,"enemies":"Nemesis","floor":42,"turns":5},{"damage":10,"enemies":"Jaw Worm Horde","floor":45,"turns":5},{"damage":5,"enemies":"Transient","floor":48,"turns":5},{"damage":50,"enemies":"Awakened One","floor":50,"turns":8}],"seed_played":"-4607679697136679636","potions_obtained":[{"floor":2,"key":"LiquidMemories"},{"floor":4,"key":"LiquidBronze"},{"floor":7,"key":"BlessingOfTheForge"},{"floor":12,"key":"SmokeBomb"},{"floor":13,"key":"EntropicBrew"},{"floor":16,"key":"Ambrosia"},{"floor":25,"key":"CultistPotion"},{"floor":27,"key":"FairyPotion"},{"floor":28,"key":"Weak Potion"},{"floor":33,"key":"StancePotion"},{"floor":42,"key":"PowerPotion"}],"is_trial":false,"path_per_floor":["M","M","?","M","?","E","M","E","T","E","R","M","M","?","R","B",null,"M","?","$","M","?","E","R","E","T","E","M","R","M","M","R","B",null,"M","$","M","T","?","E","M","E","T","R","M","?","$","M","R","B",null],"character_chosen":"WATCHER","items_purchased":["Blasphemy","Frozen Eye","Weave","BattleHymn","Membership Card","CultistPotion","ClockworkSouvenir"],"campfire_rested":4,"item_purchase_floors":[20,20,20,36,36,36,47],"current_hp_per_floor":[79,78,67,66,66,58,56,21,21,2,34,20,20,13,45,37,79,71,71,71,66,66,30,65,43,43,27,17,55,55,53,68,45,79,68,79,79,79,79,68,63,46,46,64,56,46,61,58,79,29],"gold":144,"neow_bonus":"TEN_PERCENT_HP_BONUS","is_prod":false,"is_daily":false,"chose_seed":false,"campfire_upgraded":3,"win_rate":0,"timestamp":1619602808,"path_taken":["M","M","?","M","?","E","?","E","T","E","R","M","M","?","R","BOSS","M","?","$","M","?","E","R","E","T","E","M","R","M","M","R","BOSS","M","$","M","?","?","E","?","E","T","R","M","?","$","M","R","BOSS"],"build_version":"2020-12-22","purchased_purges":3,"victory":true,"max_hp_per_floor":[79,79,79,79,79,79,79,79,79,79,79,79,79,79,79,79,79,79,79,79,79,79,79,79,79,79,79,79,79,79,79,79,79,79,79,79,79,79,79,79,79,79,79,79,79,79,79,79,79,79],"card_choices":[{"not_picked":["Protect","WreathOfFlame"],"picked":"EmptyFist","floor":1},{"not_picked":["Protect","Evaluate"],"picked":"Wallop","floor":2},{"not_picked":["CrushJoints","TalkToTheHand"],"picked":"ClearTheMind","floor":4},{"not_picked":["PathToVictory","TalkToTheHand"],"picked":"SashWhip","floor":6},{"not_picked":["BowlingBash","Adaptation"],"picked":"Protect","floor":7},{"not_picked":["Perseverance","Fasting2"],"picked":"Vengeance","floor":8},{"not_picked":["TalkToTheHand","SashWhip","PathToVictory"],"picked":"SKIP","floor":10},{"not_picked":["ThirdEye","InnerPeace"],"picked":"LessonLearned","floor":12},{"not_picked":["FlyingSleeves","Protect"],"picked":"ThirdEye","floor":13},{"not_picked":["Alpha","Scrawl","Ragnarok"],"picked":"LessonLearned","floor":16},{"not_picked":["ThirdEye","Consecrate","CutThroughFate+1"],"picked":"Halt+1","floor":18},{"not_picked":["JustLucky","Conclude","Evaluate","Fasting2+1"],"picked":"SKIP","floor":21},{"not_picked":["JustLucky","Conclude","Evaluate","Fasting2+1"],"picked":"SKIP","floor":21},{"not_picked":["ReachHeaven","PathToVictory","SashWhip"],"picked":"Prostrate+1","floor":23},{"not_picked":["Fasting2","BowlingBash","FearNoEvil"],"picked":"ReachHeaven+1","floor":25},{"not_picked":["CutThroughFate","Crescendo","EmptyFist"],"picked":"JustLucky+1","floor":27},{"not_picked":["SashWhip","Halt+1","ThirdEye"],"picked":"Wallop+1","floor":28},{"not_picked":["Vengeance","FearNoEvil","Weave"],"picked":"Swivel+1","floor":30},{"not_picked":["ConjureBlade","DeusExMachina","Brilliance"],"picked":"Establishment","floor":33},{"not_picked":["Crescendo+1","SashWhip","PathToVictory+1"],"picked":"Consecrate+1","floor":35},{"not_picked":["Conclude+1","EmptyBody","Evaluate+1"],"picked":"Protect+1","floor":37},{"not_picked":["CutThroughFate","Devotion","Study"],"picked":"CarveReality+1","floor":40},{"not_picked":["Crescendo+1","SignatureMove+1","WreathOfFlame"],"picked":"EmptyBody+1","floor":41},{"not_picked":["SashWhip","FearNoEvil","Halt"],"picked":"Worship+1","floor":42},{"not_picked":["WheelKick+1","FearNoEvil","Sanctity+1"],"picked":"FlurryOfBlows","floor":45},{"not_picked":["Impatience","Purity","Violence"],"picked":"Madness","floor":46},{"not_picked":["Thinking Ahead","Forethought","Blind"],"picked":"Madness","floor":46},{"not_picked":["Wireheading","Conclude","EmptyBody"],"picked":"WheelKick+1","floor":48}],"player_experience":225500,"relics_obtained":[{"floor":6,"key":"Matryoshka"},{"floor":8,"key":"Damaru"},{"floor":9,"key":"Mercury Hourglass"},{"floor":9,"key":"Eternal Feather"},{"floor":10,"key":"Whetstone"},{"floor":23,"key":"Potion Belt"},{"floor":25,"key":"Anchor"},{"floor":26,"key":"Oddly Smooth Stone"},{"floor":26,"key":"MealTicket"},{"floor":27,"key":"WingedGreaves"},{"floor":40,"key":"The Courier"},{"floor":42,"key":"PreservedInsect"},{"floor":43,"key":"Blood Vial"}],"event_choices":[{"damage_healed":0,"gold_gain":75,"player_choice":"Gather Gold","damage_taken":11,"max_hp_gain":0,"max_hp_loss":0,"event_name":"World of Goop","floor":3,"gold_loss":0},{"damage_healed":0,"gold_gain":0,"cards_transformed":["Strike_P"],"player_choice":"Transformed","damage_taken":0,"max_hp_gain":0,"max_hp_loss":0,"event_name":"Transmorgrifier","floor":5,"gold_loss":0,"cards_obtained":["MasterReality"]},{"damage_healed":0,"gold_gain":0,"player_choice":"Success","damage_taken":7,"relics_obtained":["Question Card"],"max_hp_gain":0,"max_hp_loss":0,"event_name":"Scrap Ooze","floor":14,"gold_loss":0},{"damage_healed":0,"gold_gain":0,"player_choice":"Opened","damage_taken":0,"relics_obtained":["Akabeko"],"max_hp_gain":0,"max_hp_loss":0,"event_name":"The Mausoleum","floor":19,"gold_loss":0,"cards_obtained":["Writhe"]},{"damage_healed":0,"gold_gain":0,"player_choice":"1 cards matched","damage_taken":0,"max_hp_gain":0,"max_hp_loss":0,"event_name":"Match and Keep!","floor":22,"gold_loss":0,"cards_obtained":["CarveReality"]},{"damage_healed":0,"gold_gain":100,"player_choice":"Pray","damage_taken":0,"max_hp_gain":0,"max_hp_loss":0,"event_name":"Golden Shrine","floor":39,"gold_loss":0},{"damage_healed":0,"gold_gain":0,"player_choice":"Memory 3","damage_taken":10,"max_hp_gain":0,"max_hp_loss":0,"event_name":"SensoryStone","floor":46,"gold_loss":0}],"is_beta":false,"boss_relics":[{"not_picked":["SacredBark","Empty Cage"],"picked":"SlaversCollar"},{"not_picked":["Runic Dome","Sozu"],"picked":"HolyWater"}],"items_purged_floors":[20,36,47],"is_endless":false,"potions_floor_spawned":[2,4,7,12,13,16,25,27,28,33,37,42],"ascension_level":1}