{"gold_per_floor":[111,127,146,146,146,146,178,178,201,233,262,294,325,348,360,477,489,511,22,22,36,54,81,109,109,136,136,155,155,170,198,198,298,298,311,311,311,323,323,354,354],"floor_reached":41,"playtime":3887,"items_purged":["Defend_P"],"score":511,"play_id":"e7c5224e-7a69-4be3-840d-5d10a3df9b3f","local_time":"20210506015751","is_ascension_mode":true,"campfire_choices":[{"data":"Eruption","floor":6.0,"key":"SMITH"},{"floor":8.0,"key":"REST"},{"data":"FlyingSleeves","floor":15.0,"key":"SMITH"},{"data":"LessonLearned","floor":25,"key":"SMITH"},{"data":"FlurryOfBlows","floor":27,"key":"SMITH"},{"data":"Establishment","floor":32,"key":"SMITH"}],"neow_cost":"NONE","seed_source_timestamp":0,"circlet_count":0,"master_deck":["Strike_P+1","Defend_P+1","Defend_P+1","Eruption+1","Vigilance+1","Discovery+1","EmptyFist+1","FlyingSleeves+1","FlurryOfBlows+1","EmptyBody","Protect+1","Prostrate+1","CutThroughFate","FlurryOfBlows+1","CrushJoints","Establishment+1","Crescendo+1","LessonLearned+1","Protect+1","Judgement","SashWhip+1","FlurryOfBlows+1","ThirdEye+1","Adaptation+1","MentalFortress","Swivel+1","MentalFortress","Protect","SashWhip+1","Good Instincts","DeceiveReality+1"],"special_seed":0,"relics":["PureWater","Boot","MawBank","Coffee Dripper","Pen Nib","Membership Card","WingedGreaves","Bag of Marbles","Vajra","Potion Belt","Empty Cage","Bronze Scales"],"potions_floor_usage":[22,24,30,31,36,40,41],"damage_taken":[{"damage":3.0,"enemies":"2 Louse","floor":1.0,"turns":3.0},{"damage":19.0,"enemies":"Cultist","floor":2.0,"turns":4.0},{"damage":0.0,"enemies":"Small Slimes","floor":3.0,"turns":2.0},{"damage":18.0,"enemies":"Gremlin Nob","floor":7.0,"turns":4.0},{"damage":8.0,"enemies":"Red Slaver","floor":10.0,"turns":2.0},{"damage":0.0,"enemies":"Blue Slaver","floor":11.0,"turns":3.0},{"damage":0.0,"enemies":"3 Louse","floor":12.0,"turns":4.0},{"damage":0.0,"enemies":"2 Fungi Beasts","floor":13.0,"turns":4.0},{"damage":0.0,"enemies":"Gremlin Gang","floor":14.0,"turns":3.0},{"damage":6.0,"enemies":"The Guardian","floor":16.0,"turns":11.0},{"damage":1,"enemies":"3 Byrds","floor":18,"turns":4},{"damage":3,"enemies":"Chosen","floor":21,"turns":8},{"damage":5,"enemies":"Snake Plant","floor":22,"turns":4},{"damage":6,"enemies":"Gremlin Leader","floor":23,"turns":5},{"damage":24,"enemies":"Book of Stabbing","floor":24,"turns":7},{"damage":0,"enemies":"Centurion and Healer","floor":28,"turns":3},{"damage":0,"enemies":"Snecko","floor":30,"turns":4},{"damage":30,"enemies":"Slavers","floor":31,"turns":5},{"damage":39,"enemies":"Champ","floor":33,"turns":9},{"damage":18,"enemies":"3 Shapes","floor":35,"turns":6},{"damage":17,"enemies":"3 Darklings","floor":36,"turns":6},{"damage":13,"enemies":"4 Shapes","floor":38,"turns":9},{"damage":2,"enemies":"Reptomancer","floor":40,"turns":10},{"damage":27,"enemies":"Transient","floor":41,"turns":4}],"seed_played":"-4625946391604670370","potions_obtained":[{"floor":2.0,"key":"BlessingOfTheForge"},{"floor":3.0,"key":"Fire Potion"},{"floor":11.0,"key":"FairyPotion"},{"floor":12.0,"key":"Regen Potion"},{"floor":16.0,"key":"Fruit Juice"},{"floor":22,"key":"Block Potion"},{"floor":28,"key":"LiquidBronze"},{"floor":31,"key":"Dexterity Potion"},{"floor":33,"key":"SmokeBomb"},{"floor":38,"key":"Weak Potion"},{"floor":40,"key":"ColorlessPotion"}],"is_trial":false,"path_per_floor":["M","M","M","?","?","R","E","R","T","M","M","M","M","M","R","B",null,"M","$","?","M","M","E","E","R","T","R","M","?","M","E","R","B",null,"M","M","?","M","?","E","M"],"character_chosen":"WATCHER","items_purchased":["LessonLearned","Pen Nib","Membership Card","Protect"],"campfire_rested":1,"item_purchase_floors":[19,19,19,19],"current_hp_per_floor":[69,50,50,36,36,36,18,39,39,31,31,31,31,31,31,40,72,71,71,71,68,68,62,38,38,38,38,38,38,38,8,8,14,77,59,42,42,29,29,27,0],"gold":354,"neow_bonus":"RANDOM_COLORLESS","is_prod":false,"is_daily":false,"chose_seed":false,"campfire_upgraded":5,"win_rate":0,"timestamp":1620280671,"path_taken":["M","M","M","?","?","R","E","R","T","?","M","M","M","M","R","BOSS","M","$","?","M","M","E","E","R","T","R","M","?","M","E","R","BOSS","M","M","?","?","?","E","M"],"build_version":"2020-12-22","purchased_purges":1,"victory":false,"max_hp_per_floor":[72,72,72,72,72,72,72,72,72,72,72,72,72,72,72,72,72,72,72,72,72,77,77,77,77,77,77,77,77,77,77,77,77,77,77,77,77,77,77,77,77],"card_choices":[{"not_picked":["Trip","Finesse"],"picked":"Discovery","floor":0.0},{"not_picked":["Fasting2","EmptyMind"],"picked":"EmptyFist","floor":1.0},{"not_picked":["ClearTheMind","SashWhip"],"picked":"FlyingSleeves","floor":2.0},{"not_picked":["Prostrate","EmptyMind"],"picked":"FlurryOfBlows","floor":3.0},{"not_picked":["InnerPeace","Omniscience"],"picked":"EmptyBody","floor":7.0},{"not_picked":["Halt","Fasting2"],"picked":"Protect","floor":10.0},{"not_picked":["Meditate","EmptyMind"],"picked":"Prostrate","floor":11.0},{"not_picked":["FollowUp","SandsOfTime"],"picked":"CutThroughFate","floor":12.0},{"not_picked":["Worship","Pray"],"picked":"FlurryOfBlows","floor":13.0},{"not_picked":["Indignation","Study"],"picked":"CrushJoints","floor":14.0},{"not_picked":["SpiritShield","DevaForm"],"picked":"Establishment","floor":16.0},{"not_picked":["EmptyBody","SashWhip+1"],"picked":"Crescendo","floor":18},{"not_picked":["Protect","SignatureMove"],"picked":"FlurryOfBlows+1","floor":21},{"not_picked":["WaveOfTheHand","PathToVictory"],"picked":"ThirdEye+1","floor":22},{"not_picked":["FearNoEvil","Swivel"],"picked":"Adaptation","floor":23},{"not_picked":["Study","CrushJoints","SashWhip"],"picked":"SKIP","floor":24},{"not_picked":["PathToVictory+1","CutThroughFate"],"picked":"MentalFortress","floor":28},{"not_picked":["Crescendo","Evaluate"],"picked":"Swivel+1","floor":30},{"not_picked":["FlurryOfBlows","EmptyFist"],"picked":"MentalFortress","floor":31},{"not_picked":["JustLucky+1","Adaptation+1"],"picked":"Protect","floor":35},{"not_picked":["Pray","ThirdEye+1"],"picked":"SashWhip+1","floor":38},{"not_picked":["Dramatic Entrance","Discovery"],"picked":"Good Instincts","floor":39},{"not_picked":["WheelKick","Meditate"],"picked":"DeceiveReality+1","floor":40}],"player_experience":289284,"relics_obtained":[{"floor":7.0,"key":"Boot"},{"floor":9.0,"key":"MawBank"},{"floor":23,"key":"WingedGreaves"},{"floor":24,"key":"Bag of Marbles"},{"floor":26,"key":"Vajra"},{"floor":31,"key":"Potion Belt"},{"floor":40,"key":"Bronze Scales"}],"event_choices":[{"damage_healed":0.0,"max_hp_gain":0.0,"max_hp_loss":0.0,"gold_gain":0.0,"event_name":"Shining Light","player_choice":"Entered Light","floor":4.0,"gold_loss":0.0,"damage_taken":14.0,"cards_upgraded":["Discovery","Vigilance"]},{"damage_healed":0.0,"max_hp_gain":0.0,"max_hp_loss":0.0,"gold_gain":0.0,"event_name":"Accursed Blacksmith","player_choice":"Forge","floor":5.0,"gold_loss":0.0,"damage_taken":0.0,"cards_upgraded":["EmptyFist"]},{"damage_healed":0,"gold_gain":0,"cards_transformed":["Strike_P","Defend_P"],"player_choice":"Became Test Subject","damage_taken":0,"max_hp_gain":0,"max_hp_loss":0,"event_name":"Drug Dealer","floor":20,"gold_loss":0,"cards_obtained":["Judgement","SashWhip"]},{"damage_healed":0,"gold_gain":0,"player_choice":"Ignored","damage_taken":0,"max_hp_gain":0,"max_hp_loss":0,"event_name":"Vampires","floor":29,"gold_loss":0},{"damage_healed":0,"gold_gain":0,"player_choice":"Upgraded","damage_taken":0,"max_hp_gain":0,"max_hp_loss":0,"event_name":"Upgrade Shrine","floor":37,"gold_loss":0,"cards_upgraded":["Protect"]},{"damage_healed":0,"gold_gain":0,"player_choice":"Memory 1","damage_taken":0,"max_hp_gain":0,"max_hp_loss":0,"event_name":"SensoryStone","floor":39,"gold_loss":0}],"is_beta":false,"boss_relics":[{"not_picked":["Tiny House","VioletLotus"],"picked":"Coffee Dripper"},{"not_picked":["SlaversCollar","Sozu"],"picked":"Empty Cage"}],"items_purged_floors":[19],"is_endless":false,"potions_floor_spawned":[2,3,11,12,16,22,23,28,31,33,38,40],"killed_by":"Transient","ascension_level":1}