{"gold_per_floor":[112,132,132,146,156,156,184,194,194,194,213,232,258,278,278,383,383,323,323,323,323,248,248,248,248,248,248,248,248,248,45,45,45,45,45,45,45,45,45,45,45,45,45,45,45,45,45,45,45,45],"floor_reached":50,"playtime":3063,"items_purged":["Defend_P","Defend_P"],"score":680,"play_id":"beabffc0-be1b-4b9a-8780-e5afd02b742a","local_time":"20210506025347","is_ascension_mode":true,"campfire_choices":[{"data":"Conclude","floor":6,"key":"SMITH"},{"data":"BattleHymn","floor":10,"key":"SMITH"},{"data":"Eruption","floor":15,"key":"SMITH"},{"data":"Ghostly","floor":28,"key":"SMITH"},{"floor":30,"key":"REST"},{"data":"Ghostly","floor":32,"key":"SMITH"},{"data":"Ghostly","floor":40,"key":"SMITH"},{"floor":42,"key":"REST"},{"floor":45,"key":"REST"},{"floor":49,"key":"RECALL"}],"neow_cost":"NONE","seed_source_timestamp":1412301997158100,"circlet_count":0,"master_deck":["Strike_P","Strike_P","Strike_P","Strike_P","Defend_P","Eruption+1","Vigilance","WaveOfTheHand","Conclude+1","JustLucky","FlurryOfBlows","FearNoEvil","EmptyMind","BattleHymn+1","ThirdEye","ThirdEye","Tantrum","DevaForm+1","DeusExMachina","SashWhip+1","Ghostly+1","Ghostly+1","Ghostly","Ghostly","Ghostly+1","Eruption+1","BattleHymn+1","FlurryOfBlows+1","FlurryOfBlows+1","Sanctity","Crescendo","SpiritShield","FlurryOfBlows+1","PathToVictory+1","CrushJoints+1","Vengeance+1","Wallop+1","Devotion+1","WindmillStrike"],"relics":["HolyWater","InkBottle","Frozen Egg 2","Letter Opener","Ectoplasm","Potion Belt","Blue Candle","Centennial Puzzle","Boot","Ornamental Fan","Pocketwatch"],"potions_floor_usage":[7,31,48,50],"damage_taken":[{"damage":1,"enemies":"Jaw Worm","floor":1,"turns":4},{"damage":0,"enemies":"Cultist","floor":2,"turns":2},{"damage":0,"enemies":"Small Slimes","floor":4,"turns":2},{"damage":12,"enemies":"Blue Slaver","floor":5,"turns":3},{"damage":12,"enemies":"Gremlin Nob","floor":7,"turns":3},{"damage":5,"enemies":"Gremlin Gang","floor":8,"turns":3},{"damage":4,"enemies":"Exordium Thugs","floor":11,"turns":3},{"damage":1,"enemies":"Exordium Wildlife","floor":12,"turns":3},{"damage":0,"enemies":"Lagavulin","floor":13,"turns":4},{"damage":0,"enemies":"Gremlin Gang","floor":14,"turns":2},{"damage":18,"enemies":"Hexaghost","floor":16,"turns":8},{"damage":14,"enemies":"2 Thieves","floor":18,"turns":3},{"damage":10,"enemies":"3 Byrds","floor":21,"turns":4},{"damage":4,"enemies":"Book of Stabbing","floor":23,"turns":5},{"damage":2,"enemies":"3 Cultists","floor":24,"turns":3},{"damage":0,"enemies":"Gremlin Leader","floor":27,"turns":3},{"damage":8,"enemies":"Centurion and Healer","floor":29,"turns":3},{"damage":1,"enemies":"Champ","floor":33,"turns":8},{"damage":0,"enemies":"3 Darklings","floor":35,"turns":3},{"damage":5,"enemies":"3 Shapes","floor":37,"turns":3},{"damage":1,"enemies":"Sphere and 2 Shapes","floor":38,"turns":5},{"damage":1,"enemies":"Spire Growth","floor":39,"turns":3},{"damage":19,"enemies":"3 Darklings","floor":41,"turns":3},{"damage":2,"enemies":"4 Shapes","floor":46,"turns":2},{"damage":1,"enemies":"Reptomancer","floor":47,"turns":4},{"damage":0,"enemies":"Mind Bloom Boss Battle","floor":48,"turns":5},{"damage":36,"enemies":"Time Eater","floor":50,"turns":3}],"seed_played":"-1554336776031175449","potions_obtained":[{"floor":1,"key":"LiquidMemories"},{"floor":8,"key":"Weak Potion"},{"floor":11,"key":"DuplicationPotion"},{"floor":14,"key":"SteroidPotion"},{"floor":27,"key":"SpeedPotion"},{"floor":37,"key":"GamblersBrew"},{"floor":48,"key":"Ambrosia"}],"is_trial":false,"path_per_floor":["M","M","?","M","M","R","E","M","T","R","M","M","E","M","R","B",null,"M","?","?","M","$","E","M","T","T","E","R","M","R","$","R","B",null,"M","?","M","M","M","R","M","R","T","$","R","M","E","?","R","B"],"character_chosen":"WATCHER","items_purchased":["Fruit Juice"],"campfire_rested":3,"item_purchase_floors":[31],"current_hp_per_floor":[71,71,71,71,59,59,47,42,42,42,38,37,37,37,37,19,72,58,36,36,26,26,22,20,20,20,20,20,12,22,27,27,26,41,41,41,36,35,34,34,15,27,27,27,39,37,36,36,36,0],"gold":45,"neow_bonus":"TRANSFORM_CARD","is_prod":false,"is_daily":false,"chose_seed":false,"campfire_upgraded":6,"win_rate":0,"timestamp":1620284027,"path_taken":["M","M","?","M","M","R","E","M","T","R","M","M","E","?","R","BOSS","M","?","?","?","$","E","M","?","T","E","R","M","R","?","R","BOSS","M","?","M","M","?","R","M","R","T","$","R","M","E","?","R","BOSS"],"build_version":"2020-12-22","purchased_purges":2,"victory":false,"max_hp_per_floor":[72,72,72,72,72,72,72,72,72,72,72,72,72,72,72,72,72,72,36,36,36,36,36,36,36,36,36,36,36,36,41,41,41,41,41,41,41,41,41,41,41,41,41,41,41,41,41,41,41,41],"card_choices":[{"not_picked":["MentalFortress","CrushJoints"],"picked":"Conclude","floor":1},{"not_picked":["CrushJoints","Indignation"],"picked":"JustLucky","floor":2},{"not_picked":["TalkToTheHand","SignatureMove"],"picked":"FlurryOfBlows","floor":4},{"not_picked":["Indignation","Collect"],"picked":"FearNoEvil","floor":5},{"not_picked":["ClearTheMind","Perseverance"],"picked":"EmptyMind","floor":7},{"not_picked":["WheelKick","Crescendo"],"picked":"BattleHymn","floor":8},{"not_picked":["WheelKick","PathToVictory"],"picked":"ThirdEye","floor":11},{"not_picked":["EmptyBody","SandsOfTime"],"picked":"ThirdEye","floor":12},{"not_picked":["Perseverance","EmptyMind"],"picked":"Tantrum","floor":13},{"not_picked":["WaveOfTheHand","Perseverance"],"picked":"DevaForm+1","floor":14},{"not_picked":["Alpha","Judgement"],"picked":"DeusExMachina","floor":16},{"not_picked":["CarveReality","PathToVictory"],"picked":"SashWhip+1","floor":18},{"not_picked":["Evaluate","DeceiveReality"],"picked":"BattleHymn+1","floor":21},{"not_picked":["EmptyMind","Meditate"],"picked":"FlurryOfBlows+1","floor":23},{"not_picked":["CarveReality+1","Consecrate"],"picked":"FlurryOfBlows+1","floor":24},{"not_picked":["Consecrate+1","EmptyMind"],"picked":"Sanctity","floor":27},{"not_picked":["SashWhip","SandsOfTime"],"picked":"Crescendo","floor":29},{"not_picked":["DevaForm+1","DeusExMachina"],"picked":"SpiritShield","floor":33},{"not_picked":["SashWhip","Evaluate","JustLucky"],"picked":"SKIP","floor":35},{"not_picked":["DeceiveReality+1","Meditate+1"],"picked":"FlurryOfBlows+1","floor":37},{"not_picked":["WindmillStrike","Protect"],"picked":"PathToVictory+1","floor":38},{"not_picked":["Sanctity","ForeignInfluence+1"],"picked":"CrushJoints+1","floor":39},{"not_picked":["Crescendo","FollowUp+1"],"picked":"Vengeance+1","floor":41},{"not_picked":["FlyingSleeves","Swivel+1"],"picked":"Wallop+1","floor":46},{"not_picked":["SandsOfTime+1","Vengeance"],"picked":"Devotion+1","floor":47},{"not_picked":["Sanctity","FollowUp+1"],"picked":"WindmillStrike","floor":48}],"player_experience":293171,"relics_obtained":[{"floor":7,"key":"InkBottle"},{"floor":9,"key":"Frozen Egg 2"},{"floor":13,"key":"Letter Opener"},{"floor":23,"key":"Potion Belt"},{"floor":26,"key":"Blue Candle"},{"floor":27,"key":"Centennial Puzzle"},{"floor":43,"key":"Boot"},{"floor":47,"key":"Ornamental Fan"},{"floor":48,"key":"Pocketwatch"}],"event_choices":[{"damage_healed":0,"gold_gain":0,"player_choice":"Ignored","damage_taken":0,"max_hp_gain":0,"max_hp_loss":0,"event_name":"NoteForYourself","floor":3,"gold_loss":0},{"damage_healed":0,"gold_gain":0,"player_choice":"Became a Ghost","damage_taken":0,"max_hp_gain":0,"max_hp_loss":36,"event_name":"Ghosts","floor":19,"gold_loss":0,"cards_obtained":["Ghostly","Ghostly","Ghostly","Ghostly","Ghostly"]},{"damage_healed":0,"gold_gain":0,"player_choice":"Copied","damage_taken":0,"max_hp_gain":0,"max_hp_loss":0,"event_name":"Duplicator","floor":20,"gold_loss":0,"cards_obtained":["Eruption"]},{"damage_healed":0,"gold_gain":0,"player_choice":"Ignored","damage_taken":0,"max_hp_gain":0,"max_hp_loss":0,"event_name":"SecretPortal","floor":36,"gold_loss":0},{"damage_healed":0,"gold_gain":0,"player_choice":"Fight","damage_taken":0,"max_hp_gain":0,"max_hp_loss":0,"event_name":"MindBloom","floor":48,"gold_loss":0}],"is_beta":false,"boss_relics":[{"not_picked":["Calling Bell","Snecko Eye"],"picked":"Ectoplasm"},{"not_picked":["Tiny House","SacredBark"],"picked":"HolyWater"}],"items_purged_floors":[22,31],"is_endless":false,"potions_floor_spawned":[1,8,11,14,16,18,27,37,38,48],"killed_by":"Time Eater","ascension_level":1}