{"gold_per_floor":[116,116,136,136,147,147,175,175,202,302,314,330,330,340,340,445,445,461,475,487,487,522,522],"floor_reached":23,"playtime":820,"items_purged":[],"score":212,"play_id":"69a35ac1-6ea9-401b-8d56-c55f42ac6002","local_time":"20210521013330","is_ascension_mode":true,"campfire_choices":[{"data":"EmptyFist","floor":6,"key":"SMITH"},{"data":"FlurryOfBlows","floor":8,"key":"SMITH"},{"floor":13,"key":"REST"},{"data":"Eruption","floor":15,"key":"SMITH"}],"neow_cost":"NONE","seed_source_timestamp":681623129125300,"circlet_count":0,"master_deck":["Strike_P+1","Strike_P+1","Strike_P+1","Strike_P+1","Defend_P+1","Defend_P+1","Defend_P+1","Eruption+1","Vigilance","EmptyFist+1","Establishment","CrushJoints","Decay","SandsOfTime","FlurryOfBlows+1","Protect","CutThroughFate","FlurryOfBlows","LessonLearned+1","FlyingSleeves+1","WindmillStrike+1","CutThroughFate"],"relics":["Sozu","Bronze Scales","Boot","VioletLotus","Red Mask"],"potions_floor_usage":[],"damage_taken":[{"damage":8,"enemies":"2 Louse","floor":1,"turns":3},{"damage":3,"enemies":"Small Slimes","floor":3,"turns":4},{"damage":0,"enemies":"Cultist","floor":5,"turns":2},{"damage":25,"enemies":"Gremlin Nob","floor":7,"turns":4},{"damage":15,"enemies":"Blue Slaver","floor":11,"turns":3},{"damage":2,"enemies":"Gremlin Gang","floor":12,"turns":3},{"damage":0,"enemies":"Large Slime","floor":14,"turns":3},{"damage":23,"enemies":"Hexaghost","floor":16,"turns":6},{"damage":16,"enemies":"2 Thieves","floor":18,"turns":2},{"damage":39,"enemies":"3 Byrds","floor":19,"turns":4},{"damage":4,"enemies":"Cultist and Chosen","floor":20,"turns":4},{"damage":8,"enemies":"Masked Bandits","floor":22,"turns":3},{"damage":8,"enemies":"Slavers","floor":23,"turns":1}],"seed_played":"5421618390157953617","potions_obtained":[],"is_trial":false,"path_per_floor":["M","?","M","?","M","R","E","R","T","?","M","M","R","M","R","B",null,"M","M","M","?","?","E"],"character_chosen":"WATCHER","items_purchased":[],"campfire_rested":1,"item_purchase_floors":[],"current_hp_per_floor":[64,64,61,61,61,61,36,36,36,36,21,19,40,40,40,17,72,56,17,13,13,5,0],"gold":522,"neow_bonus":"BOSS_RELIC","is_prod":false,"is_daily":false,"chose_seed":false,"campfire_upgraded":3,"win_rate":0,"timestamp":1621575210,"path_taken":["M","?","M","?","?","R","E","R","T","?","M","M","R","M","R","BOSS","M","M","?","?","?","E"],"build_version":"2020-12-22","purchased_purges":0,"victory":false,"max_hp_per_floor":[72,72,72,72,72,72,72,72,72,72,72,72,72,72,72,72,72,72,72,72,72,72,72],"card_choices":[{"not_picked":["SashWhip","Halt"],"picked":"EmptyFist","floor":1},{"not_picked":["ThirdEye","FearNoEvil"],"picked":"CrushJoints","floor":3},{"not_picked":["FlyingSleeves","WreathOfFlame"],"picked":"SandsOfTime","floor":5},{"not_picked":["Fasting2","LikeWater"],"picked":"FlurryOfBlows","floor":7},{"not_picked":["Vengeance","JustLucky"],"picked":"Protect","floor":11},{"not_picked":["Crescendo","ThirdEye"],"picked":"CutThroughFate","floor":12},{"not_picked":["SpiritShield","FlyingSleeves"],"picked":"FlurryOfBlows","floor":14},{"not_picked":["Brilliance","Judgement"],"picked":"LessonLearned","floor":16},{"not_picked":["WreathOfFlame+1","Collect","Study"],"picked":"SKIP","floor":18},{"not_picked":["Study","FollowUp+1"],"picked":"FlyingSleeves+1","floor":19},{"not_picked":["Pray","Conclude"],"picked":"WindmillStrike+1","floor":20},{"not_picked":["CarveReality","LikeWater"],"picked":"CutThroughFate","floor":22}],"player_experience":377609,"relics_obtained":[{"floor":7,"key":"Bronze Scales"},{"floor":9,"key":"Boot"},{"floor":22,"key":"Red Mask"}],"event_choices":[{"damage_healed":0,"gold_gain":0,"cards_transformed":["Defend_P"],"player_choice":"Change","damage_taken":0,"max_hp_gain":0,"max_hp_loss":0,"event_name":"Living Wall","floor":2,"gold_loss":0,"cards_obtained":["Establishment"]},{"damage_healed":0,"gold_gain":0,"player_choice":"Cursed","damage_taken":0,"max_hp_gain":0,"max_hp_loss":0,"event_name":"Wheel of Change","floor":4,"gold_loss":0,"cards_obtained":["Decay"]},{"damage_healed":0,"gold_gain":100,"player_choice":"Pray","damage_taken":0,"max_hp_gain":0,"max_hp_loss":0,"event_name":"Golden Shrine","floor":10,"gold_loss":0},{"damage_healed":0,"gold_gain":0,"player_choice":"Simplicity","damage_taken":0,"max_hp_gain":0,"max_hp_loss":0,"event_name":"Back to Basics","floor":21,"gold_loss":0,"cards_upgraded":["Strike_P","Strike_P","Strike_P","Defend_P","Defend_P","Defend_P"]},{"damage_healed":0,"gold_gain":0,"player_choice":"Fought Bandits","damage_taken":0,"max_hp_gain":0,"max_hp_loss":0,"event_name":"Masked Bandits","floor":22,"gold_loss":0}],"is_beta":false,"boss_relics":[{"not_picked":["Astrolabe","Black Star"],"picked":"VioletLotus"}],"items_purged_floors":[],"is_endless":false,"potions_floor_spawned":[5,7,14,20],"killed_by":"Slavers","ascension_level":2}