{"gold_per_floor":[112,112,128,138,39,39,68,68,93,93,157,182,201,235,235,235],"floor_reached":16,"playtime":730,"items_purged":[],"score":157,"play_id":"3afd9ac4-484b-400e-94a1-470a98253bed","local_time":"20210521021958","is_ascension_mode":true,"campfire_choices":[{"floor":6.0,"key":"RECALL"},{"floor":10.0,"key":"REST"},{"floor":15,"key":"REST"}],"neow_cost":"NONE","seed_source_timestamp":684486562102700,"circlet_count":0,"master_deck":["Strike_P","Strike_P+1","Strike_P+1","Strike_P","Defend_P","Defend_P","Defend_P","Defend_P","Eruption","Vigilance+1","FlurryOfBlows","FlyingSleeves","ClearTheMind","FlurryOfBlows+1","LessonLearned+1","FearNoEvil","Adaptation"],"special_seed":0,"relics":["Fusion Hammer","NlothsMask","Orichalcum","GoldenEye","Akabeko"],"potions_floor_usage":[],"damage_taken":[{"damage":0.0,"enemies":"Jaw Worm","floor":1.0,"turns":3.0},{"damage":0.0,"enemies":"Cultist","floor":3.0,"turns":2.0},{"damage":0.0,"enemies":"Small Slimes","floor":4.0,"turns":2.0},{"damage":6.0,"enemies":"3 Sentries","floor":7.0,"turns":9.0},{"damage":0.0,"enemies":"Gremlin Nob","floor":12.0,"turns":2.0},{"damage":6.0,"enemies":"2 Fungi Beasts","floor":13.0,"turns":3.0},{"damage":12,"enemies":"3 Sentries","floor":14,"turns":9},{"damage":72,"enemies":"Hexaghost","floor":16,"turns":12}],"seed_played":"-5351184565596821840","potions_obtained":[{"floor":4.0,"key":"Weak Potion"},{"floor":7.0,"key":"StancePotion"},{"floor":14,"key":"DistilledChaos"}],"is_trial":false,"path_per_floor":["M","?","M","M","$","R","E","?","T","R","?","E","M","E","R","B"],"character_chosen":"WATCHER","items_purchased":["FlurryOfBlows","BottledMiracle"],"campfire_rested":2,"item_purchase_floors":[5,5],"current_hp_per_floor":[72,72,72,72,72,72,66,52,52,72,72,72,66,54,72,0],"gold":235,"neow_bonus":"BOSS_RELIC","is_prod":false,"is_daily":false,"chose_seed":false,"campfire_upgraded":0,"win_rate":0,"timestamp":1621577998,"path_taken":["M","?","?","M","$","R","E","?","T","R","?","E","M","E","R","BOSS"],"build_version":"2020-12-22","purchased_purges":0,"victory":false,"max_hp_per_floor":[72,72,72,72,72,72,72,72,72,72,72,72,72,72,72,72],"card_choices":[{"not_picked":["Prostrate","Meditate"],"picked":"FlurryOfBlows","floor":1.0},{"not_picked":["EmptyBody","ClearTheMind"],"picked":"FlyingSleeves","floor":3.0},{"not_picked":["SashWhip","Prostrate"],"picked":"ClearTheMind","floor":4.0},{"not_picked":["Wireheading","Nirvana"],"picked":"LessonLearned","floor":7.0},{"not_picked":["Brilliance","EmptyBody"],"picked":"FearNoEvil","floor":12.0},{"not_picked":["SignatureMove","Evaluate"],"picked":"Adaptation","floor":13.0},{"not_picked":["WaveOfTheHand","ClearTheMind","BowlingBash"],"picked":"SKIP","floor":14}],"player_experience":380303,"relics_obtained":[{"floor":7.0,"key":"Orichalcum"},{"floor":12.0,"key":"GoldenEye"},{"floor":14,"key":"Akabeko"}],"event_choices":[{"damage_healed":0.0,"max_hp_gain":0.0,"max_hp_loss":0.0,"gold_gain":0.0,"event_name":"FaceTrader","player_choice":"Trade","floor":2.0,"gold_loss":0.0,"damage_taken":0.0,"relics_obtained":["NlothsMask"]},{"damage_healed":0.0,"max_hp_gain":0.0,"max_hp_loss":0.0,"gold_gain":0.0,"event_name":"Shining Light","player_choice":"Entered Light","floor":8.0,"gold_loss":0.0,"damage_taken":14.0,"cards_upgraded":["LessonLearned","Strike_P"]},{"damage_healed":0.0,"max_hp_gain":0.0,"max_hp_loss":0.0,"gold_gain":64.0,"event_name":"Golden Wing","player_choice":"Gained Gold","floor":11.0,"gold_loss":0.0,"damage_taken":0.0}],"is_beta":false,"boss_relics":[],"items_purged_floors":[],"is_endless":false,"potions_floor_spawned":[4,7,14],"killed_by":"Hexaghost","ascension_level":2}