{"gold_per_floor":[118,134,134,134,148,181,197,212,239,314,314,344,344,371,371,474,474,493,493,512,512,210,210],"floor_reached":23,"playtime":778,"items_purged":["Decay"],"score":312,"play_id":"3af6a46c-b127-4cd5-a6c7-a7a1fb893450","local_time":"20210521023307","is_ascension_mode":true,"campfire_choices":[{"floor":11,"key":"REST"},{"floor":13,"key":"REST"},{"floor":15,"key":"REST"}],"neow_cost":"NONE","seed_source_timestamp":685242651593800,"circlet_count":0,"master_deck":["Strike_P","Strike_P+1","Strike_P+1","Defend_P","Eruption","Vigilance+1","Nirvana","BowlingBash","CutThroughFate","PathToVictory","BattleHymn","FlyingSleeves","Wallop","ThirdEye+1","MasterReality","SpiritShield+1","Collect+1","SashWhip+1","EmptyBody+1","Adaptation"],"relics":["Fusion Hammer","TeardropLocket","Art of War","Strawberry","Lantern","Astrolabe","War Paint"],"potions_floor_usage":[],"damage_taken":[{"damage":0,"enemies":"Jaw Worm","floor":1,"turns":3},{"damage":11,"enemies":"2 Louse","floor":2,"turns":3},{"damage":0,"enemies":"Small Slimes","floor":5,"turns":2},{"damage":6,"enemies":"3 Sentries","floor":6,"turns":9},{"damage":3,"enemies":"Blue Slaver","floor":7,"turns":3},{"damage":2,"enemies":"3 Louse","floor":8,"turns":3},{"damage":8,"enemies":"Lagavulin","floor":12,"turns":5},{"damage":0,"enemies":"Gremlin Nob","floor":14,"turns":2},{"damage":0,"enemies":"Slime Boss","floor":16,"turns":3},{"damage":17,"enemies":"3 Byrds","floor":18,"turns":5},{"damage":55,"enemies":"Spheric Guardian","floor":20,"turns":4},{"damage":12,"enemies":"Book of Stabbing","floor":23,"turns":1}],"seed_played":"1741867177057548455","potions_obtained":[{"floor":1,"key":"Strength Potion"},{"floor":2,"key":"DuplicationPotion"},{"floor":7,"key":"Dexterity Potion"},{"floor":14,"key":"FearPotion"}],"is_trial":false,"path_per_floor":["M","M","?","?","M","E","M","M","T","?","R","E","R","E","R","B",null,"M","?","M","?","$","E"],"character_chosen":"WATCHER","items_purchased":["War Paint","Adaptation"],"campfire_rested":3,"item_purchase_floors":[22,22],"current_hp_per_floor":[72,61,47,40,40,34,31,29,29,18,39,38,61,61,79,79,79,62,62,7,7,7,0],"gold":210,"neow_bonus":"BOSS_RELIC","is_prod":false,"is_daily":false,"chose_seed":false,"campfire_upgraded":0,"win_rate":0,"timestamp":1621578787,"path_taken":["M","M","?","?","M","E","M","M","T","?","R","E","R","E","R","BOSS","M","?","M","?","$","E"],"build_version":"2020-12-22","purchased_purges":1,"victory":false,"max_hp_per_floor":[72,72,72,72,72,72,72,72,72,72,72,79,79,79,79,79,79,79,79,79,79,79,79],"card_choices":[{"not_picked":["Sanctity","Collect"],"picked":"Nirvana","floor":1},{"not_picked":["Sanctity","LikeWater"],"picked":"BowlingBash","floor":2},{"not_picked":["InnerPeace","JustLucky"],"picked":"CutThroughFate","floor":5},{"not_picked":["Study","ClearTheMind"],"picked":"PathToVictory","floor":6},{"not_picked":["SashWhip","BowlingBash"],"picked":"BattleHymn","floor":7},{"not_picked":["Ragnarok","Evaluate"],"picked":"FlyingSleeves","floor":8},{"not_picked":["Indignation","BowlingBash"],"picked":"Wallop","floor":12},{"not_picked":["CutThroughFate","SashWhip"],"picked":"ThirdEye","floor":14},{"not_picked":["Alpha","Ragnarok"],"picked":"MasterReality","floor":16},{"not_picked":["FollowUp","Halt","Consecrate"],"picked":"SKIP","floor":18},{"not_picked":["Scrawl","WreathOfFlame"],"picked":"EmptyBody+1","floor":20}],"player_experience":381033,"relics_obtained":[{"floor":6,"key":"TeardropLocket"},{"floor":9,"key":"Art of War"},{"floor":12,"key":"Strawberry"},{"floor":14,"key":"Lantern"}],"event_choices":[{"damage_healed":0,"gold_gain":0,"player_choice":"Entered Light","damage_taken":14,"max_hp_gain":0,"max_hp_loss":0,"event_name":"Shining Light","floor":3,"gold_loss":0,"cards_upgraded":["Strike_P","Strike_P"]},{"cards_removed":["Defend_P"],"damage_healed":0,"gold_gain":0,"player_choice":"Card Removal","damage_taken":7,"max_hp_gain":0,"max_hp_loss":0,"event_name":"Golden Wing","floor":4,"gold_loss":0},{"damage_healed":0,"gold_gain":75,"player_choice":"Gather Gold","damage_taken":11,"max_hp_gain":0,"max_hp_loss":0,"event_name":"World of Goop","floor":10,"gold_loss":0},{"damage_healed":0,"gold_gain":0,"player_choice":"Ignored","damage_taken":0,"max_hp_gain":0,"max_hp_loss":0,"event_name":"Ghosts","floor":19,"gold_loss":0},{"damage_healed":0,"gold_gain":0,"player_choice":"Smashed Altar","damage_taken":0,"max_hp_gain":0,"max_hp_loss":0,"event_name":"Forgotten Altar","floor":21,"gold_loss":0,"cards_obtained":["Decay"]}],"is_beta":false,"boss_relics":[{"not_picked":["Calling Bell","Coffee Dripper"],"picked":"Astrolabe"}],"items_purged_floors":[22],"is_endless":false,"potions_floor_spawned":[1,2,7,14,20],"killed_by":"Book of Stabbing","ascension_level":2}