{"gold_per_floor":[99,99,60,60,60,60,60,60,60,60,60,60,60,45,45,45,45,45,45,45,45,45,45,45,45,45,45,45,45,45,45,45,45],"floor_reached":33,"playtime":1874,"items_purged":[],"score":483,"play_id":"44ea2fae-22c6-47e3-9828-7d981ffebd77","local_time":"20210521020723","is_ascension_mode":true,"campfire_choices":[{"data":"BattleHymn","floor":7.0,"key":"SMITH"},{"data":"Crescendo","floor":15.0,"key":"SMITH"},{"data":"Blasphemy","floor":24.0,"key":"SMITH"},{"data":"Perseverance","floor":32,"key":"SMITH"}],"neow_cost":"NONE","seed_source_timestamp":682455635647500,"circlet_count":0,"master_deck":["Strike_P","Strike_P","Strike_P","Defend_P","Defend_P","Defend_P","Eruption","Vigilance","Wallop","Perseverance+1","BattleHymn+1","CutThroughFate","FearNoEvil","Crescendo+1","FlurryOfBlows","Tantrum","Conclude","Blasphemy+1","EmptyFist+1","CrushJoints","WheelKick+1","CutThroughFate","JustLucky","WheelKick+1","Swivel"],"special_seed":0,"relics":["Ectoplasm","Dream Catcher","GoldenEye","Blue Candle","Meat on the Bone","Runic Pyramid","Potion Belt","White Beast Statue","Toy Ornithopter","Matryoshka"],"potions_floor_usage":[27,31,33,33,33,33],"damage_taken":[{"damage":1.0,"enemies":"Cultist","floor":1.0,"turns":4.0},{"damage":0.0,"enemies":"2 Louse","floor":2.0,"turns":3.0},{"damage":2.0,"enemies":"Jaw Worm","floor":4.0,"turns":3.0},{"damage":18.0,"enemies":"Lots of Slimes","floor":5.0,"turns":4.0},{"damage":9.0,"enemies":"Gremlin Nob","floor":6.0,"turns":4.0},{"damage":0.0,"enemies":"Lagavulin","floor":8.0,"turns":4.0},{"damage":0.0,"enemies":"Gremlin Nob","floor":11.0,"turns":2.0},{"damage":8.0,"enemies":"Large Slime","floor":12.0,"turns":3.0},{"damage":1.0,"enemies":"3 Sentries","floor":13.0,"turns":3.0},{"damage":8.0,"enemies":"Exordium Thugs","floor":14.0,"turns":7.0},{"damage":0.0,"enemies":"Slime Boss","floor":16.0,"turns":4.0},{"damage":0.0,"enemies":"Spheric Guardian","floor":18.0,"turns":2.0},{"damage":8.0,"enemies":"Shell Parasite","floor":20.0,"turns":3.0},{"damage":15.0,"enemies":"Shelled Parasite and Fungi","floor":22.0,"turns":2.0},{"damage":26.0,"enemies":"Slavers","floor":23.0,"turns":3.0},{"damage":7.0,"enemies":"Book of Stabbing","floor":25.0,"turns":2.0},{"damage":10,"enemies":"Slavers","floor":27,"turns":2},{"damage":0,"enemies":"Snecko","floor":28,"turns":2},{"damage":9,"enemies":"Centurion and Healer","floor":29,"turns":2},{"damage":5,"enemies":"Cultist and Chosen","floor":31,"turns":3},{"damage":113,"enemies":"Collector","floor":33,"turns":6}],"seed_played":"402172856429481386","potions_obtained":[{"floor":1.0,"key":"DistilledChaos"},{"floor":2.0,"key":"Swift Potion"},{"floor":5.0,"key":"EssenceOfSteel"},{"floor":13.0,"key":"Regen Potion"},{"floor":22.0,"key":"BlessingOfTheForge"},{"floor":23.0,"key":"BottledMiracle"},{"floor":25.0,"key":"BlessingOfTheForge"},{"floor":27,"key":"FearPotion"},{"floor":28,"key":"PowerPotion"},{"floor":29,"key":"PowerPotion"},{"floor":31,"key":"ColorlessPotion"}],"is_trial":false,"path_per_floor":["M","M","$","M","M","E","R","E","T","?","E","M","E","M","R","B",null,"M","$","M","?","M","E","R","E","T","E","M","M","?","M","R","B"],"character_chosen":"WATCHER","items_purchased":["BattleHymn"],"campfire_rested":0,"item_purchase_floors":[3],"current_hp_per_floor":[71,71,71,69,51,42,42,42,42,35,35,27,26,45,45,45,72,72,72,64,72,57,43,43,48,48,43,43,46,46,46,46,0],"gold":45,"neow_bonus":"BOSS_RELIC","is_prod":false,"is_daily":false,"chose_seed":false,"campfire_upgraded":4,"win_rate":0,"timestamp":1621577243,"path_taken":["M","M","?","M","M","E","R","E","T","?","E","M","E","M","R","BOSS","M","$","M","?","M","E","R","E","T","E","?","M","?","M","R","BOSS"],"build_version":"2020-12-22","purchased_purges":0,"victory":false,"max_hp_per_floor":[72,72,72,72,72,72,72,72,72,72,72,72,72,72,72,72,72,72,72,72,72,72,72,72,72,72,72,72,72,72,72,72,72],"card_choices":[{"not_picked":["Prostrate","ForeignInfluence"],"picked":"Wallop","floor":1.0},{"not_picked":["Worship","Protect"],"picked":"Perseverance","floor":2.0},{"not_picked":["Swivel","FollowUp"],"picked":"CutThroughFate","floor":4.0},{"not_picked":["JustLucky","EmptyBody"],"picked":"FearNoEvil","floor":5.0},{"not_picked":["Perseverance","Swivel","Worship"],"picked":"SKIP","floor":6.0},{"not_picked":["CarveReality","Protect"],"picked":"Crescendo","floor":8.0},{"not_picked":["ForeignInfluence","Nirvana"],"picked":"FlurryOfBlows","floor":11.0},{"not_picked":["WaveOfTheHand","FlyingSleeves"],"picked":"Tantrum","floor":12.0},{"not_picked":["CutThroughFate","Indignation"],"picked":"Conclude","floor":13.0},{"not_picked":["CrushJoints","EmptyBody","Perseverance"],"picked":"SKIP","floor":14.0},{"not_picked":["Alpha","Judgement"],"picked":"Blasphemy","floor":16.0},{"not_picked":["LikeWater","FlyingSleeves","Crescendo"],"picked":"SKIP","floor":18.0},{"not_picked":["Halt+1","FollowUp"],"picked":"EmptyFist+1","floor":20.0},{"not_picked":["Halt","CutThroughFate"],"picked":"CrushJoints","floor":22.0},{"not_picked":["Wallop","MentalFortress"],"picked":"WheelKick+1","floor":23.0},{"not_picked":["Study+1","MentalFortress"],"picked":"CutThroughFate","floor":25.0},{"not_picked":["FollowUp","Worship"],"picked":"JustLucky","floor":27},{"not_picked":["ClearTheMind","Ragnarok"],"picked":"WheelKick+1","floor":28},{"not_picked":["WheelKick","Prostrate+1","FollowUp"],"picked":"SKIP","floor":29},{"not_picked":["JustLucky","Collect","EmptyBody"],"picked":"SKIP","floor":31}],"player_experience":378429,"relics_obtained":[{"floor":6.0,"key":"Dream Catcher"},{"floor":8.0,"key":"GoldenEye"},{"floor":11.0,"key":"Blue Candle"},{"floor":13.0,"key":"Meat on the Bone"},{"floor":23.0,"key":"Potion Belt"},{"floor":25.0,"key":"White Beast Statue"},{"floor":26.0,"key":"Toy Ornithopter"},{"floor":27,"key":"Matryoshka"}],"event_choices":[{"cards_removed":["Strike_P"],"damage_healed":0.0,"max_hp_gain":0.0,"max_hp_loss":0.0,"gold_gain":0.0,"event_name":"Golden Wing","player_choice":"Card Removal","floor":10.0,"gold_loss":0.0,"damage_taken":7.0},{"damage_healed":8.0,"max_hp_gain":0.0,"max_hp_loss":0.0,"gold_gain":0.0,"event_name":"Wheel of Change","player_choice":"Full Heal","floor":21.0,"gold_loss":0.0,"damage_taken":0.0},{"damage_healed":0,"gold_gain":0,"cards_transformed":["Defend_P"],"player_choice":"Transformed","damage_taken":0,"max_hp_gain":0,"max_hp_loss":0,"event_name":"Transmorgrifier","floor":30,"gold_loss":0,"cards_obtained":["Swivel"]}],"is_beta":false,"boss_relics":[{"not_picked":["Runic Dome","Snecko Eye"],"picked":"Runic Pyramid"}],"items_purged_floors":[],"is_endless":false,"potions_floor_spawned":[1,2,5,13,22,23,25,27,28,29,31],"killed_by":"Collector","ascension_level":2}