{"gold_per_floor":[111,71,91,104,104,104,132,132,155,190,202,214,244,274,286,402,414,444,466,496,2,15,15,15,15,15,50,64,98,117,117,117,217,217,234,260,270,270,16,16],"floor_reached":40,"playtime":2341,"items_purged":[],"score":507,"play_id":"cc96e3da-bc69-42ad-b844-535f772cd151","local_time":"20210525194752","is_ascension_mode":true,"campfire_choices":[{"data":"EmptyFist","floor":6.0,"key":"SMITH"},{"floor":8.0,"key":"REST"},{"floor":15.0,"key":"REST"},{"data":"DevaForm","floor":23,"key":"SMITH"},{"data":"Blasphemy","floor":25,"key":"SMITH"},{"floor":32,"key":"REST"}],"neow_cost":"PERCENT_DAMAGE","seed_source_timestamp":0,"circlet_count":0,"master_deck":["Strike_P+1","Strike_P+1","Strike_P+1","Defend_P","Defend_P","Defend_P","Eruption","Vigilance+1","DevaForm+1","EmptyFist+1","FlyingSleeves","Prostrate","Conclude","Blasphemy+1","ClearTheMind","WheelKick","Brilliance","Tantrum+1","Crescendo+1","ReachHeaven+1","LessonLearned","Fasting2","FlurryOfBlows+1","EmptyBody","Perseverance+1","Ragnarok","Meditate"],"special_seed":0,"relics":["PureWater","Boot","Omamori","Damaru","MawBank","Snecko Eye","Pen Nib","PreservedInsect","MealTicket","Happy Flower","Fusion Hammer","Dream Catcher","TeardropLocket"],"potions_floor_usage":[30,33,40],"damage_taken":[{"damage":2.0,"enemies":"2 Louse","floor":1.0,"turns":4.0},{"damage":0.0,"enemies":"Cultist","floor":3.0,"turns":4.0},{"damage":8.0,"enemies":"Small Slimes","floor":4.0,"turns":4.0},{"damage":13.0,"enemies":"Lagavulin","floor":7.0,"turns":6.0},{"damage":21.0,"enemies":"3 Sentries","floor":10.0,"turns":7.0},{"damage":6.0,"enemies":"Red Slaver","floor":13.0,"turns":2.0},{"damage":2.0,"enemies":"2 Fungi Beasts","floor":14.0,"turns":3.0},{"damage":41.0,"enemies":"The Guardian","floor":16.0,"turns":12.0},{"damage":0.0,"enemies":"Spheric Guardian","floor":18.0,"turns":1.0},{"damage":10.0,"enemies":"3 Byrds","floor":19.0,"turns":3.0},{"damage":6.0,"enemies":"3 Cultists","floor":20.0,"turns":3.0},{"damage":2,"enemies":"Centurion and Healer","floor":22,"turns":2},{"damage":0,"enemies":"Gremlin Leader","floor":27,"turns":3},{"damage":6,"enemies":"Sentry and Sphere","floor":28,"turns":3},{"damage":29,"enemies":"Slavers","floor":29,"turns":4},{"damage":3,"enemies":"Snake Plant","floor":30,"turns":3},{"damage":1,"enemies":"Automaton","floor":33,"turns":4},{"damage":53,"enemies":"3 Shapes","floor":35,"turns":4},{"damage":0,"enemies":"3 Darklings","floor":37,"turns":2},{"damage":34,"enemies":"Reptomancer","floor":40,"turns":4}],"seed_played":"136773389183220529","potions_obtained":[{"floor":2.0,"key":"LiquidBronze"},{"floor":2.0,"key":"PowerPotion"},{"floor":2.0,"key":"StancePotion"},{"floor":4.0,"key":"Explosive Potion"},{"floor":7.0,"key":"FairyPotion"},{"floor":13.0,"key":"SteroidPotion"},{"floor":22,"key":"BlessingOfTheForge"},{"floor":29,"key":"Strength Potion"},{"floor":33,"key":"DuplicationPotion"}],"is_trial":false,"path_per_floor":["M","?","M","M","T","R","E","R","T","E","?","$","M","M","R","B",null,"M","M","M","$","M","R","$","R","T","E","M","E","M","?","R","B",null,"M","T","M","?","$","E"],"character_chosen":"WATCHER","items_purchased":["Pen Nib","PreservedInsect","LessonLearned","Fasting2","Block Potion","TeardropLocket"],"campfire_rested":3,"item_purchase_floors":[21,21,21,21,21,39],"current_hp_per_floor":[49,49,49,41,41,41,28,49,49,28,28,28,22,20,41,21,72,72,62,56,56,54,54,54,54,54,54,48,19,16,16,37,36,72,19,19,19,19,34,0],"gold":16,"neow_bonus":"THREE_RARE_CARDS","is_prod":false,"is_daily":false,"chose_seed":false,"campfire_upgraded":3,"win_rate":0,"timestamp":1621986472,"path_taken":["M","?","M","?","?","R","E","R","T","E","?","$","M","M","R","BOSS","M","M","M","?","?","R","$","R","T","E","M","E","M","?","R","BOSS","M","?","?","?","$","E"],"build_version":"2020-12-22","purchased_purges":0,"victory":false,"max_hp_per_floor":[72,72,72,72,72,72,72,72,72,72,72,72,72,72,72,72,72,72,72,72,72,72,72,72,72,72,72,72,72,72,72,72,72,72,72,72,72,72,72,72],"card_choices":[{"not_picked":["Alpha","Judgement"],"picked":"DevaForm","floor":0.0},{"not_picked":["PathToVictory","FollowUp"],"picked":"EmptyFist","floor":1.0},{"not_picked":["SashWhip","ReachHeaven"],"picked":"FlyingSleeves","floor":3.0},{"not_picked":["PathToVictory","EmptyFist"],"picked":"Prostrate","floor":4.0},{"not_picked":["Devotion","Collect"],"picked":"Conclude","floor":7.0},{"not_picked":["PathToVictory","Protect"],"picked":"Blasphemy","floor":10.0},{"not_picked":["InnerPeace","Evaluate"],"picked":"ClearTheMind","floor":13.0},{"not_picked":["PathToVictory","Evaluate"],"picked":"WheelKick","floor":14.0},{"not_picked":["Scrawl","Devotion"],"picked":"Brilliance","floor":16.0},{"not_picked":["EmptyFist+1","EmptyBody+1"],"picked":"Tantrum","floor":18.0},{"not_picked":["Perseverance","FlyingSleeves"],"picked":"Crescendo+1","floor":19.0},{"not_picked":["Wireheading","BowlingBash"],"picked":"ReachHeaven+1","floor":20.0},{"not_picked":["EmptyBody","Crescendo","Halt"],"picked":"SKIP","floor":22},{"not_picked":["EmptyFist+1","PathToVictory","Sanctity"],"picked":"SKIP","floor":27},{"not_picked":["JustLucky+1","Protect"],"picked":"FlurryOfBlows+1","floor":28},{"not_picked":["Brilliance","ConjureBlade"],"picked":"EmptyBody","floor":29},{"not_picked":["JustLucky+1","Pray"],"picked":"Perseverance+1","floor":30},{"not_picked":["Judgement","MasterReality"],"picked":"Ragnarok","floor":33},{"not_picked":["FearNoEvil","SashWhip"],"picked":"Meditate","floor":35},{"not_picked":["EmptyBody","EmptyFist","SashWhip"],"picked":"SKIP","floor":37}],"player_experience":381811,"relics_obtained":[{"floor":5.0,"key":"Boot"},{"floor":7.0,"key":"Omamori"},{"floor":9.0,"key":"Damaru"},{"floor":10.0,"key":"MawBank"},{"floor":27,"key":"MealTicket"},{"floor":29,"key":"Happy Flower"},{"floor":36,"key":"Dream Catcher"}],"event_choices":[{"damage_healed":0.0,"max_hp_gain":0.0,"max_hp_loss":0.0,"gold_gain":0.0,"event_name":"The Woman in Blue","player_choice":"Bought 3 Potions","floor":2.0,"gold_loss":0.0,"damage_taken":0.0},{"cards_removed":["Defend_P"],"damage_healed":0.0,"max_hp_gain":0.0,"max_hp_loss":0.0,"gold_gain":0.0,"event_name":"Purifier","player_choice":"Purged","floor":11.0,"gold_loss":0.0,"damage_taken":0.0},{"cards_removed":["Strike_P"],"damage_healed":0,"gold_gain":0,"player_choice":"Purged","damage_taken":0,"max_hp_gain":0,"max_hp_loss":0,"event_name":"Purifier","floor":31,"gold_loss":0},{"damage_healed":0,"gold_gain":0,"player_choice":"Ignored","damage_taken":0,"max_hp_gain":0,"max_hp_loss":0,"event_name":"Tomb of Lord Red Mask","floor":38,"gold_loss":0}],"is_beta":false,"boss_relics":[{"not_picked":["Tiny House","Black Star"],"picked":"Snecko Eye"},{"not_picked":["VioletLotus","SlaversCollar"],"picked":"Fusion Hammer"}],"items_purged_floors":[],"is_endless":false,"potions_floor_spawned":[4,7,13,14,22,29,33],"killed_by":"Reptomancer","ascension_level":2}