{"gold_per_floor":[217,229,31,31,31,31,356,356,380,390,18,48,64,120,120,221,221,231,243,262,280,379,405,405,423,423,458,458,487,19,49,49,153,153,166,166,177,201,215,246,246,276,303,328,347,32,50,31,31,31,31,31,31,61,61],"floor_reached":56,"playtime":3609,"items_purged":["Strike_P","Strike_P","Strike_P"],"score":1791,"play_id":"07249033-a847-480b-8754-3492b258f16c","local_time":"20210605152833","is_ascension_mode":true,"campfire_choices":[{"data":"Consecrate","floor":6.0,"key":"SMITH"},{"data":"Brilliance","floor":8.0,"key":"SMITH"},{"data":"Meditate","floor":15.0,"key":"SMITH"},{"floor":24.0,"key":"REST"},{"data":"LessonLearned","floor":28.0,"key":"SMITH"},{"floor":32.0,"key":"REST"},{"data":"Omniscience","floor":41.0,"key":"SMITH"},{"floor":49.0,"key":"RECALL"}],"neow_cost":"NONE","seed_source_timestamp":0,"circlet_count":0,"master_deck":["Strike_P+1","Defend_P+1","Defend_P+1","Defend_P+1","Eruption+1","Vigilance+1","Consecrate+1","FlyingSleeves+1","Brilliance+1","Tantrum+1","Crescendo+1","ThirdEye+1","Meditate+1","EmptyFist+1","LessonLearned+1","ThirdEye+1","Vault+1","Prostrate+1","Indignation+1","CutThroughFate+1","Swivel+1","WheelKick+1","Prostrate+1","ThirdEye+1","Omniscience+1","ClearTheMind+1","Prostrate+1","Prostrate+1","Evaluate+1","Wallop+1","Perseverance+1","ThirdEye+1","Halt+1","Nirvana+1","Protect+1"],"special_seed":0,"relics":["HolyWater","Old Coin","Nunchaku","Kunai","Bag of Marbles","Tiny Chest","Damaru","Red Mask","Lantern","Membership Card","Gambling Chip","Potion Belt","Torii","Coffee Dripper","Omamori","InkBottle","Frozen Egg 2","Regal Pillow","Bird Faced Urn","War Paint","Orrery","Letter Opener","Vajra"],"potions_floor_usage":[55,55,55,55,55,55,55],"damage_taken":[{"damage":0.0,"enemies":"2 Louse","floor":1.0,"turns":2.0},{"damage":4.0,"enemies":"Jaw Worm","floor":2.0,"turns":3.0},{"damage":19.0,"enemies":"3 Sentries","floor":7.0,"turns":4.0},{"damage":0.0,"enemies":"Small Slimes","floor":10.0,"turns":3.0},{"damage":0.0,"enemies":"Gremlin Nob","floor":12.0,"turns":3.0},{"damage":0.0,"enemies":"Exordium Thugs","floor":13.0,"turns":2.0},{"damage":0.0,"enemies":"Gremlin Nob","floor":14.0,"turns":1.0},{"damage":0.0,"enemies":"Slime Boss","floor":16.0,"turns":3.0},{"damage":13.0,"enemies":"Spheric Guardian","floor":18.0,"turns":5.0},{"damage":19.0,"enemies":"2 Thieves","floor":19.0,"turns":5.0},{"damage":1.0,"enemies":"Snecko","floor":20.0,"turns":4.0},{"damage":11.0,"enemies":"Centurion and Healer","floor":21.0,"turns":9.0},{"damage":0.0,"enemies":"Gremlin Leader","floor":23.0,"turns":5.0},{"damage":0.0,"enemies":"Snake Plant","floor":25.0,"turns":3.0},{"damage":0.0,"enemies":"Masked Bandits","floor":27.0,"turns":4.0},{"damage":17.0,"enemies":"Slavers","floor":29.0,"turns":6.0},{"damage":11.0,"enemies":"Gremlin Leader","floor":31.0,"turns":4.0},{"damage":10.0,"enemies":"Automaton","floor":33.0,"turns":7.0},{"damage":0.0,"enemies":"Orb Walker","floor":35.0,"turns":2.0},{"damage":13.0,"enemies":"3 Shapes","floor":37.0,"turns":7.0},{"damage":0.0,"enemies":"Sphere and 2 Shapes","floor":39.0,"turns":2.0},{"damage":1.0,"enemies":"Giant Head","floor":40.0,"turns":6.0},{"damage":0.0,"enemies":"Nemesis","floor":42.0,"turns":4.0},{"damage":0.0,"enemies":"Reptomancer","floor":44.0,"turns":3.0},{"damage":0.0,"enemies":"Spire Growth","floor":45.0,"turns":3.0},{"damage":0.0,"enemies":"3 Darklings","floor":47.0,"turns":3.0},{"damage":50.0,"enemies":"Awakened One","floor":50.0,"turns":13.0},{"damage":71,"enemies":"Shield and Spear","floor":54,"turns":7},{"damage":6,"enemies":"The Heart","floor":55,"turns":9}],"seed_played":"-7891975996918833469","potions_obtained":[{"floor":10.0,"key":"Fruit Juice"},{"floor":16.0,"key":"Energy Potion"},{"floor":20.0,"key":"SteroidPotion"},{"floor":29.0,"key":"EntropicBrew"},{"floor":31.0,"key":"AttackPotion"},{"floor":33.0,"key":"FairyPotion"},{"floor":40.0,"key":"Explosive Potion"},{"floor":42.0,"key":"SkillPotion"},{"floor":44.0,"key":"FearPotion"},{"floor":54,"key":"PowerPotion"}],"is_trial":false,"path_per_floor":["M","M","$","?","?","R","E","R","T","M","$","E","M","?","R","B",null,"M","M","M","M","?","E","R","M","T","?","R","E","$","E","R","B",null,"M","?","M","T","M","E","R","E","T","E","M","$","M","$","R","B",null,"R","$","E","B",null],"character_chosen":"WATCHER","items_purchased":["LiquidMemories","Energy Potion","Kunai","Crescendo","Membership Card","Gambling Chip","Potion Belt","Prostrate","War Paint","Orrery","Letter Opener","Ambrosia","Nirvana+1"],"campfire_rested":2,"item_purchase_floors":[3,3,11,11,30,30,30,30,46,46,46,46,48],"current_hp_per_floor":[72,68,68,61,47,47,28,28,28,33,33,33,33,33,33,33,66,53,34,33,22,22,22,45,45,45,45,45,28,28,17,40,30,65,65,65,52,52,52,51,51,51,51,51,51,51,51,51,51,3,59,59,59,13,11],"gold":61,"neow_bonus":"HUNDRED_GOLD","is_prod":false,"is_daily":false,"chose_seed":false,"campfire_upgraded":5,"win_rate":0,"timestamp":1622921313,"path_taken":["M","M","$","?","?","R","E","R","T","M","?","E","M","?","R","BOSS","M","M","M","M","?","E","R","M","T","?","R","E","$","E","R","BOSS","M","?","M","?","M","E","R","E","T","E","M","$","?","?","R","BOSS","R","$","E","BOSS"],"build_version":"2020-12-22","purchased_purges":3,"victory":true,"max_hp_per_floor":[72,72,72,72,72,72,72,72,72,77,77,77,77,77,77,77,77,77,77,77,77,77,77,77,77,77,77,77,77,77,77,77,77,77,77,77,77,77,77,77,77,77,77,77,77,77,77,77,77,77,77,77,77,77,77],"card_choices":[{"not_picked":["Crescendo","SandsOfTime"],"picked":"Consecrate","floor":1.0},{"not_picked":["CrushJoints","SashWhip"],"picked":"FlyingSleeves","floor":2.0},{"not_picked":["Halt","FlyingSleeves"],"picked":"Brilliance","floor":7.0},{"not_picked":["BowlingBash","FlyingSleeves"],"picked":"Tantrum","floor":10.0},{"not_picked":["WreathOfFlame","Study"],"picked":"ThirdEye","floor":12.0},{"not_picked":["Nirvana","Consecrate"],"picked":"Meditate","floor":13.0},{"not_picked":["Prostrate","FollowUp"],"picked":"EmptyFist","floor":14.0},{"not_picked":["Vault","Judgement"],"picked":"LessonLearned","floor":16.0},{"not_picked":["EmptyFist","Prostrate"],"picked":"ThirdEye+1","floor":18.0},{"not_picked":["FlurryOfBlows","WindmillStrike"],"picked":"Vault","floor":19.0},{"not_picked":["Adaptation","SashWhip"],"picked":"Prostrate","floor":20.0},{"not_picked":["Protect","Perseverance+1"],"picked":"Indignation","floor":21.0},{"not_picked":["PathToVictory","LikeWater","Study"],"picked":"SKIP","floor":23.0},{"not_picked":["WreathOfFlame+1","Evaluate"],"picked":"CutThroughFate","floor":25.0},{"not_picked":["EmptyBody","JustLucky"],"picked":"Swivel","floor":27.0},{"not_picked":["MentalFortress","JustLucky+1"],"picked":"WheelKick","floor":29.0},{"not_picked":["ForeignInfluence","Wireheading"],"picked":"ThirdEye+1","floor":31.0},{"not_picked":["Establishment","SpiritShield"],"picked":"Omniscience","floor":33.0},{"not_picked":["CrushJoints","SashWhip"],"picked":"ClearTheMind+1","floor":35.0},{"not_picked":["FollowUp","JustLucky+1"],"picked":"Prostrate+1","floor":37.0},{"not_picked":["FearNoEvil+1","ForeignInfluence","FollowUp+1"],"picked":"SKIP","floor":39.0},{"not_picked":["FollowUp","ReachHeaven","PathToVictory"],"picked":"SKIP","floor":40.0},{"not_picked":["FollowUp","ReachHeaven","PathToVictory"],"picked":"SKIP","floor":40.0},{"not_picked":["ConjureBlade","BowlingBash"],"picked":"Prostrate+1","floor":42.0},{"not_picked":["Scrawl","WheelKick+1"],"picked":"Evaluate+1","floor":44.0},{"not_picked":["EmptyBody","PathToVictory"],"picked":"Wallop+1","floor":45.0},{"not_picked":["CarveReality+1","ClearTheMind+1"],"picked":"Perseverance+1","floor":46.0},{"not_picked":["EmptyFist+1","LessonLearned"],"picked":"ThirdEye+1","floor":46.0},{"not_picked":["PathToVictory","InnerPeace"],"picked":"Halt+1","floor":47.0},{"not_picked":["FollowUp+1","PathToVictory+1"],"picked":"Protect+1","floor":54}],"player_experience":407070,"relics_obtained":[{"floor":7.0,"key":"Old Coin"},{"floor":9.0,"key":"Nunchaku"},{"floor":12.0,"key":"Bag of Marbles"},{"floor":14.0,"key":"Tiny Chest"},{"floor":23.0,"key":"Damaru"},{"floor":27.0,"key":"Red Mask"},{"floor":29.0,"key":"Lantern"},{"floor":31.0,"key":"Torii"},{"floor":38.0,"key":"Omamori"},{"floor":40.0,"key":"InkBottle"},{"floor":42.0,"key":"Frozen Egg 2"},{"floor":43.0,"key":"Regal Pillow"},{"floor":44.0,"key":"Bird Faced Urn"},{"floor":54,"key":"Vajra"}],"event_choices":[{"cards_removed":["Defend_P"],"damage_healed":0.0,"max_hp_gain":0.0,"max_hp_loss":0.0,"gold_gain":0.0,"event_name":"Golden Wing","player_choice":"Card Removal","floor":4.0,"gold_loss":0.0,"damage_taken":7.0},{"damage_healed":0.0,"max_hp_gain":0.0,"max_hp_loss":0.0,"gold_gain":0.0,"event_name":"Shining Light","player_choice":"Entered Light","floor":5.0,"gold_loss":0.0,"damage_taken":14.0,"cards_upgraded":["Defend_P","Strike_P"]},{"damage_healed":0.0,"max_hp_gain":0.0,"max_hp_loss":0.0,"gold_gain":30.0,"event_name":"Dead Adventurer","player_choice":"Searched \u00272\u0027 times","floor":14.0,"gold_loss":0.0,"damage_taken":0.0},{"damage_healed":0.0,"max_hp_gain":0.0,"max_hp_loss":0.0,"gold_gain":99.0,"event_name":"Nest","player_choice":"Stole From Cult","floor":22.0,"gold_loss":0.0,"damage_taken":0.0},{"damage_healed":0.0,"max_hp_gain":0.0,"max_hp_loss":0.0,"gold_gain":0.0,"event_name":"Masked Bandits","player_choice":"Fought Bandits","floor":27.0,"gold_loss":0.0,"damage_taken":0.0},{"damage_healed":0.0,"max_hp_gain":0.0,"max_hp_loss":0.0,"gold_gain":0.0,"event_name":"Match and Keep!","player_choice":"0 cards matched","floor":36.0,"gold_loss":0.0,"damage_taken":0.0,"cards_obtained":[]}],"is_beta":false,"boss_relics":[{"not_picked":["Ectoplasm","Calling Bell"],"picked":"HolyWater"},{"not_picked":["VioletLotus","Busted Crown"],"picked":"Coffee Dripper"}],"items_purged_floors":[3,11,30],"is_endless":false,"potions_floor_spawned":[10,16,20,21,23,29,31,33,40,42,44,45,54],"ascension_level":5}