{"gold_per_floor":[112,124,138,152,152,152,170,185,185,209,235,7,42,52,52,147,147,161,161,180,200,200],"floor_reached":22,"playtime":3482,"items_purged":[],"score":281,"play_id":"8a2f741a-ac3d-47c6-b54f-1fa29ab89415","local_time":"20210530200901","is_ascension_mode":true,"campfire_choices":[{"data":"SignatureMove","floor":6,"key":"SMITH"},{"data":"TalkToTheHand","floor":15,"key":"SMITH"}],"neow_cost":"NONE","seed_source_timestamp":1523476120207400,"circlet_count":0,"master_deck":["Strike_P+1","Strike_P","Strike_P","Strike_P","Defend_P","Defend_P","Defend_P","Defend_P+1","Eruption+1","Vigilance","Tantrum","Consecrate","SignatureMove+1","FearNoEvil","ThirdEye","Prostrate","LessonLearned+1","JustLucky","TalkToTheHand+1","Devotion","FlyingSleeves","Blasphemy+1","Crescendo","Tantrum+1"],"relics":["PureWater","Eternal Feather","Odd Mushroom","Dead Branch","Orichalcum","Mummified Hand","Philosopher\u0027s Stone"],"potions_floor_usage":[13,20,22],"damage_taken":[{"damage":2,"enemies":"2 Louse","floor":1,"turns":3},{"damage":7,"enemies":"Jaw Worm","floor":2,"turns":3},{"damage":0,"enemies":"Cultist","floor":3,"turns":2},{"damage":6,"enemies":"3 Louse","floor":4,"turns":2},{"damage":4,"enemies":"2 Fungi Beasts","floor":7,"turns":2},{"damage":9,"enemies":"Looter","floor":8,"turns":2},{"damage":0,"enemies":"The Mushroom Lair","floor":10,"turns":2},{"damage":13,"enemies":"3 Sentries","floor":11,"turns":3},{"damage":0,"enemies":"Lagavulin","floor":13,"turns":4},{"damage":0,"enemies":"3 Louse","floor":14,"turns":3},{"damage":31,"enemies":"The Guardian","floor":16,"turns":5},{"damage":4,"enemies":"Chosen","floor":18,"turns":2},{"damage":31,"enemies":"2 Thieves","floor":20,"turns":4},{"damage":25,"enemies":"Sentry and Sphere","floor":21,"turns":4},{"damage":100027,"enemies":"Snake Plant","floor":22,"turns":5}],"seed_played":"-838302333941835919","potions_obtained":[{"floor":1,"key":"Dexterity Potion"},{"floor":2,"key":"PowerPotion"},{"floor":3,"key":"Dexterity Potion"},{"floor":8,"key":"Fire Potion"},{"floor":14,"key":"BottledMiracle"},{"floor":16,"key":"Explosive Potion"},{"floor":21,"key":"FairyPotion"}],"is_trial":false,"path_per_floor":["M","M","M","M","?","R","M","M","T","?","E","$","E","M","R","B",null,"M","?","M","M","M"],"character_chosen":"WATCHER","items_purchased":["TalkToTheHand","Orichalcum"],"campfire_rested":0,"item_purchase_floors":[12,12],"current_hp_per_floor":[77,70,70,64,64,64,60,51,51,51,38,38,38,38,50,19,64,60,60,29,4,0],"gold":200,"neow_bonus":"TEN_PERCENT_HP_BONUS","is_prod":false,"is_daily":false,"chose_seed":false,"campfire_upgraded":2,"win_rate":0,"timestamp":1622419741,"path_taken":["M","M","M","M","?","R","M","M","T","?","E","?","E","M","R","BOSS","M","?","M","?","M"],"build_version":"2020-12-22","purchased_purges":0,"victory":false,"max_hp_per_floor":[79,79,79,79,79,79,79,79,79,79,79,79,79,79,79,79,79,79,79,79,79,79],"card_choices":[{"not_picked":["WindmillStrike","EmptyBody"],"picked":"Tantrum","floor":1},{"not_picked":["Evaluate","WaveOfTheHand"],"picked":"Consecrate","floor":2},{"not_picked":["BowlingBash","FollowUp"],"picked":"SignatureMove","floor":3},{"not_picked":["ThirdEye","EmptyFist"],"picked":"FearNoEvil","floor":4},{"not_picked":["CrushJoints","BattleHymn"],"picked":"ThirdEye","floor":7},{"not_picked":["WreathOfFlame","SandsOfTime"],"picked":"Prostrate","floor":8},{"not_picked":["CutThroughFate","EmptyFist"],"picked":"LessonLearned","floor":10},{"not_picked":["CrushJoints","FlyingSleeves"],"picked":"JustLucky","floor":11},{"not_picked":["ClearTheMind","DeceiveReality"],"picked":"Devotion","floor":13},{"not_picked":["JustLucky","ClearTheMind"],"picked":"FlyingSleeves","floor":14},{"not_picked":["Devotion","SpiritShield"],"picked":"Blasphemy","floor":16},{"not_picked":["ReachHeaven","Evaluate"],"picked":"Crescendo","floor":18},{"not_picked":["Worship","Study"],"picked":"Tantrum+1","floor":20},{"not_picked":["Halt","BowlingBash+1","CrushJoints"],"picked":"SKIP","floor":21}],"player_experience":403588,"relics_obtained":[{"floor":9,"key":"Eternal Feather"},{"floor":10,"key":"Odd Mushroom"},{"floor":11,"key":"Dead Branch"},{"floor":13,"key":"Mummified Hand"}],"event_choices":[{"damage_healed":0,"gold_gain":0,"player_choice":"Ignored","damage_taken":0,"max_hp_gain":0,"max_hp_loss":0,"event_name":"Liars Game","floor":5,"gold_loss":0},{"damage_healed":0,"gold_gain":0,"player_choice":"Fought Mushrooms","damage_taken":0,"max_hp_gain":0,"max_hp_loss":0,"event_name":"Mushrooms","floor":10,"gold_loss":0},{"damage_healed":0,"gold_gain":0,"player_choice":"Upgraded","damage_taken":0,"max_hp_gain":0,"max_hp_loss":0,"event_name":"Upgrade Shrine","floor":19,"gold_loss":0,"cards_upgraded":["Blasphemy"]}],"is_beta":false,"boss_relics":[{"not_picked":["HolyWater","Runic Pyramid"],"picked":"Philosopher\u0027s Stone"}],"items_purged_floors":[],"is_endless":false,"potions_floor_spawned":[1,2,3,8,14,16,18,21],"killed_by":"Snake Plant","ascension_level":5}