{"gold_per_floor":[116,134,154,154,154,154,171,206,252,267,296,296,323,353,353,452,452,470,484,497,497,513,546,546,580,580,609,609,609,609,641,641,740,740,757,857,870,886,418,446,446,478,478,498,527,527,544,562,562,562,562,562,54,81,81],"floor_reached":56,"playtime":5125,"items_purged":["Defend_P","LessonLearned"],"score":1634,"play_id":"4d579069-1ae2-4f66-bbdc-292ca810696c","local_time":"20210528005910","is_ascension_mode":true,"campfire_choices":[{"data":"EmptyFist","floor":6.0,"key":"SMITH"},{"data":"SignatureMove","floor":12.0,"key":"SMITH"},{"data":"Eruption","floor":15.0,"key":"SMITH"},{"data":"Meditate","floor":24.0,"key":"SMITH"},{"data":"ForeignInfluence","floor":29.0,"key":"SMITH"},{"data":"Wallop","floor":32.0,"key":"SMITH"},{"data":"Omniscience","floor":46.0,"key":"SMITH"},{"floor":49.0,"key":"RECALL"},{"data":"DevaForm","floor":52,"key":"SMITH"}],"neow_cost":"TEN_PERCENT_HP_LOSS","seed_source_timestamp":0,"circlet_count":0,"master_deck":["Strike_P+1","Strike_P","Strike_P","Strike_P+1","Defend_P","Defend_P+1","Eruption+1","Vigilance+1","Adaptation","FlurryOfBlows","EmptyFist+1","SignatureMove+1","FollowUp+1","EmptyBody+1","Tantrum","ForeignInfluence+1","Consecrate+1","Meditate+1","Protect+1","Halt","EmptyMind+1","CutThroughFate","Wallop+1","DevaForm+1","Halt+1","Conclude+1","FlyingSleeves+1","Indignation","InnerPeace+1","Apotheosis","Bandage Up","Dark Shackles+1","TalkToTheHand","Omniscience+1","TalkToTheHand","Adaptation","FlurryOfBlows+1"],"special_seed":0,"relics":["PureWater","CloakClasp","StrikeDummy","Centennial Puzzle","Regal Pillow","Vajra","Odd Mushroom","Coffee Dripper","Happy Flower","Pantograph","Pen Nib","Juzu Bracelet","MealTicket","VioletLotus","Lantern","Toolbox","Bag of Preparation","Yang","Singing Bowl","GoldenEye","Oddly Smooth Stone"],"potions_floor_usage":[54,55],"damage_taken":[{"damage":1.0,"enemies":"Jaw Worm","floor":1.0,"turns":5.0},{"damage":4.0,"enemies":"Small Slimes","floor":2.0,"turns":3.0},{"damage":1.0,"enemies":"2 Louse","floor":3.0,"turns":4.0},{"damage":0.0,"enemies":"Gremlin Gang","floor":7.0,"turns":3.0},{"damage":0.0,"enemies":"Gremlin Nob","floor":8.0,"turns":2.0},{"damage":2.0,"enemies":"Looter","floor":10.0,"turns":2.0},{"damage":9.0,"enemies":"3 Sentries","floor":11.0,"turns":3.0},{"damage":0.0,"enemies":"Gremlin Nob","floor":13.0,"turns":2.0},{"damage":0.0,"enemies":"The Mushroom Lair","floor":14.0,"turns":3.0},{"damage":0.0,"enemies":"Slime Boss","floor":16.0,"turns":2.0},{"damage":15.0,"enemies":"3 Byrds","floor":18.0,"turns":2.0},{"damage":8.0,"enemies":"2 Thieves","floor":19.0,"turns":2.0},{"damage":0.0,"enemies":"Snecko","floor":20.0,"turns":2.0},{"damage":12.0,"enemies":"Snake Plant","floor":22.0,"turns":3.0},{"damage":18.0,"enemies":"Gremlin Leader","floor":23.0,"turns":5.0},{"damage":9.0,"enemies":"Book of Stabbing","floor":25.0,"turns":3.0},{"damage":0.0,"enemies":"Gremlin Leader","floor":27.0,"turns":3.0},{"damage":6.0,"enemies":"Book of Stabbing","floor":31.0,"turns":3.0},{"damage":2.0,"enemies":"Champ","floor":33.0,"turns":6.0},{"damage":0.0,"enemies":"Orb Walker","floor":35.0,"turns":2.0},{"damage":7.0,"enemies":"3 Shapes","floor":37.0,"turns":2.0},{"damage":11.0,"enemies":"Transient","floor":38.0,"turns":5.0},{"damage":13.0,"enemies":"Nemesis","floor":40.0,"turns":7.0},{"damage":0.0,"enemies":"Reptomancer","floor":42.0,"turns":3.0},{"damage":4.0,"enemies":"Spire Growth","floor":44.0,"turns":7.0},{"damage":13.0,"enemies":"Nemesis","floor":45.0,"turns":3.0},{"damage":0.0,"enemies":"Sphere and 2 Shapes","floor":47.0,"turns":3.0},{"damage":3.0,"enemies":"Maw","floor":48.0,"turns":3.0},{"damage":30,"enemies":"Awakened One","floor":50,"turns":9},{"damage":47,"enemies":"Shield and Spear","floor":54,"turns":5},{"damage":55,"enemies":"The Heart","floor":55,"turns":8}],"seed_played":"3250054789275752517","potions_obtained":[{"floor":1.0,"key":"LiquidBronze"},{"floor":3.0,"key":"Energy Potion"},{"floor":7.0,"key":"ColorlessPotion"},{"floor":11.0,"key":"SpeedPotion"},{"floor":13.0,"key":"Dexterity Potion"},{"floor":14.0,"key":"GamblersBrew"},{"floor":19.0,"key":"Regen Potion"},{"floor":21.0,"key":"EntropicBrew"},{"floor":21.0,"key":"CultistPotion"},{"floor":23.0,"key":"FearPotion"},{"floor":42.0,"key":"LiquidMemories"}],"is_trial":false,"path_per_floor":["M","M","M","?","?","R","M","E","T","M","E","R","E","?","R","B",null,"M","M","M","?","M","E","R","E","T","E","?","R","?","E","R","B",null,"M","?","M","M","$","E","?","E","T","M","E","R","M","M","R","B",null,"R","$","E","B",null],"character_chosen":"WATCHER","items_purchased":["Lantern","Toolbox","Indignation","TalkToTheHand","GoldenEye","Adaptation"],"campfire_rested":0,"item_purchase_floors":[39,39,39,53,53,53],"current_hp_per_floor":[64,60,59,52,52,52,52,52,52,50,41,41,41,41,41,41,65,50,42,42,42,39,21,21,12,12,12,12,12,33,27,27,50,65,65,65,58,47,62,49,39,45,45,47,34,34,40,39,39,39,69,69,69,28,2],"gold":81,"neow_bonus":"ONE_RARE_RELIC","is_prod":false,"is_daily":false,"chose_seed":false,"campfire_upgraded":8,"win_rate":0,"timestamp":1622177950,"path_taken":["M","M","M","?","?","R","M","E","T","M","E","R","E","?","R","BOSS","M","M","M","?","M","E","R","E","T","E","?","R","?","E","R","BOSS","M","?","M","M","$","E","?","E","T","M","E","R","M","M","R","BOSS","R","$","E","BOSS"],"build_version":"2020-12-22","purchased_purges":2,"victory":true,"max_hp_per_floor":[65,65,65,65,65,65,65,65,65,65,65,65,65,65,65,65,65,65,65,65,65,65,65,65,65,65,65,65,65,65,65,65,65,65,65,65,65,65,65,65,65,65,65,65,65,65,67,69,69,69,69,69,69,69,69],"card_choices":[{"not_picked":["Study","EmptyMind"],"picked":"Adaptation","floor":1.0},{"not_picked":["Halt","Protect"],"picked":"FlurryOfBlows","floor":2.0},{"not_picked":["MentalFortress","SashWhip"],"picked":"EmptyFist","floor":3.0},{"not_picked":["Evaluate","Pray"],"picked":"SignatureMove","floor":7.0},{"not_picked":["SignatureMove","BowlingBash"],"picked":"FollowUp","floor":8.0},{"not_picked":["CrushJoints","FollowUp"],"picked":"EmptyBody","floor":10.0},{"not_picked":["BowlingBash","Fasting2"],"picked":"Tantrum","floor":11.0},{"not_picked":["BowlingBash","EmptyBody","Pray"],"picked":"SKIP","floor":13.0},{"not_picked":["Ragnarok","Alpha"],"picked":"LessonLearned","floor":16.0},{"not_picked":["FollowUp","ReachHeaven"],"picked":"ForeignInfluence","floor":18.0},{"not_picked":["EmptyBody+1","BattleHymn"],"picked":"Consecrate+1","floor":19.0},{"not_picked":["Prostrate","CrushJoints"],"picked":"Meditate","floor":20.0},{"not_picked":["Nirvana","Indignation"],"picked":"Protect+1","floor":22.0},{"not_picked":["Ragnarok","Crescendo"],"picked":"Halt","floor":23.0},{"not_picked":["JustLucky","Prostrate"],"picked":"EmptyMind+1","floor":25.0},{"not_picked":["JustLucky","Protect"],"picked":"CutThroughFate","floor":27.0},{"not_picked":["BowlingBash","WaveOfTheHand+1"],"picked":"Wallop","floor":31.0},{"not_picked":["Omniscience","Alpha"],"picked":"DevaForm","floor":33.0},{"not_picked":["ReachHeaven","Prostrate+1"],"picked":"Halt+1","floor":35.0},{"not_picked":["Consecrate","Crescendo"],"picked":"Conclude+1","floor":37.0},{"not_picked":["Perseverance+1","Evaluate"],"picked":"FlyingSleeves+1","floor":38.0},{"not_picked":["ClearTheMind+1","EmptyBody+1"],"picked":"InnerPeace+1","floor":40.0},{"not_picked":["Impatience","Mind Blast"],"picked":"Apotheosis","floor":41.0},{"not_picked":["Impatience","Jack Of All Trades"],"picked":"Bandage Up","floor":41.0},{"not_picked":["The Bomb","Purity"],"picked":"Dark Shackles","floor":41.0},{"not_picked":["ThirdEye+1","Adaptation+1"],"picked":"TalkToTheHand","floor":42.0},{"not_picked":["EmptyMind","SignatureMove","Prostrate"],"picked":"SKIP","floor":44.0},{"not_picked":["EmptyMind","SignatureMove","Prostrate"],"picked":"SKIP","floor":44.0},{"not_picked":["Study","FlurryOfBlows"],"picked":"Omniscience","floor":45.0},{"not_picked":["CrushJoints+1","ClearTheMind+1","ThirdEye"],"picked":"Singing Bowl","floor":47.0},{"not_picked":["CrushJoints","EmptyBody+1","Halt+1"],"picked":"Singing Bowl","floor":48.0},{"not_picked":["ThirdEye+1","WreathOfFlame+1"],"picked":"FlurryOfBlows+1","floor":54}],"player_experience":390810,"relics_obtained":[{"floor":8.0,"key":"StrikeDummy"},{"floor":9.0,"key":"Centennial Puzzle"},{"floor":11.0,"key":"Regal Pillow"},{"floor":13.0,"key":"Vajra"},{"floor":14.0,"key":"Odd Mushroom"},{"floor":23.0,"key":"Happy Flower"},{"floor":25.0,"key":"Pantograph"},{"floor":26.0,"key":"Pen Nib"},{"floor":27.0,"key":"Juzu Bracelet"},{"floor":31.0,"key":"MealTicket"},{"floor":40.0,"key":"Bag of Preparation"},{"floor":42.0,"key":"Yang"},{"floor":45.0,"key":"Singing Bowl"},{"floor":54,"key":"Oddly Smooth Stone"}],"event_choices":[{"cards_removed":["Defend_P"],"damage_healed":0.0,"max_hp_gain":0.0,"max_hp_loss":0.0,"gold_gain":0.0,"event_name":"Golden Wing","player_choice":"Card Removal","floor":4.0,"gold_loss":0.0,"damage_taken":7.0},{"damage_healed":0.0,"max_hp_gain":0.0,"max_hp_loss":0.0,"gold_gain":0.0,"event_name":"Liars Game","player_choice":"Ignored","floor":5.0,"gold_loss":0.0,"damage_taken":0.0},{"damage_healed":0.0,"max_hp_gain":0.0,"max_hp_loss":0.0,"gold_gain":0.0,"event_name":"Mushrooms","player_choice":"Fought Mushrooms","floor":14.0,"gold_loss":0.0,"damage_taken":0.0},{"damage_healed":0.0,"max_hp_gain":0.0,"max_hp_loss":0.0,"gold_gain":0.0,"event_name":"Lab","player_choice":"Got Potions","floor":21.0,"gold_loss":0.0,"damage_taken":0.0},{"damage_healed":0.0,"max_hp_gain":0.0,"max_hp_loss":0.0,"gold_gain":0.0,"event_name":"The Mausoleum","player_choice":"Ignored","floor":28.0,"gold_loss":0.0,"damage_taken":0.0},{"damage_healed":21.0,"max_hp_gain":0.0,"max_hp_loss":0.0,"gold_gain":0.0,"event_name":"The Library","player_choice":"Heal","floor":30.0,"gold_loss":0.0,"damage_taken":0.0},{"damage_healed":0.0,"max_hp_gain":0.0,"max_hp_loss":0.0,"gold_gain":100.0,"event_name":"Golden Shrine","player_choice":"Pray","floor":36.0,"gold_loss":0.0,"damage_taken":0.0},{"damage_healed":0.0,"max_hp_gain":0.0,"max_hp_loss":0.0,"gold_gain":0.0,"event_name":"SensoryStone","player_choice":"Memory 3","floor":41.0,"gold_loss":0.0,"damage_taken":10.0}],"is_beta":false,"boss_relics":[{"not_picked":["Ectoplasm","Calling Bell"],"picked":"Coffee Dripper"},{"not_picked":["Velvet Choker","SacredBark"],"picked":"VioletLotus"}],"items_purged_floors":[39,53],"is_endless":false,"potions_floor_spawned":[1,3,7,11,13,14,19,20,22,23,37,38,42,47],"ascension_level":3}