{"gold_per_floor":[114,126,143,169,180,212,212,240,264,264,264,288,305,318,318,417,417,431,506,133,152,152,152,166,191,191,191],"floor_reached":27,"playtime":929,"items_purged":["Strike_P"],"score":405,"play_id":"4b47ecf1-90fa-47ef-987e-10c350577d34","local_time":"20210527020009","is_ascension_mode":true,"campfire_choices":[{"data":"CrushJoints","floor":7,"key":"SMITH"},{"data":"Brilliance","floor":10,"key":"SMITH"},{"data":"Conclude","floor":15,"key":"SMITH"},{"data":"Eruption","floor":23,"key":"SMITH"}],"neow_cost":"TEN_PERCENT_HP_LOSS","seed_source_timestamp":1201497575513300,"circlet_count":0,"master_deck":["Strike_P","Strike_P","Defend_P","Defend_P","Defend_P","Eruption+1","Vigilance","Brilliance+1","ThirdEye","EmptyFist","Conclude+1","CrushJoints+1","DeusExMachina","FlyingSleeves","Weave","ClearTheMind","Indignation","Brilliance","JustLucky+1","LessonLearned","CrushJoints","ConjureBlade","LikeWater+1","Weave","Parasite"],"relics":["PureWater","Oddly Smooth Stone","Yang","PreservedInsect","Juzu Bracelet","Odd Mushroom","Cursed Key","Anchor","Lantern","Thread and Needle","White Beast Statue"],"potions_floor_usage":[6,12],"damage_taken":[{"damage":1,"enemies":"Cultist","floor":1,"turns":3},{"damage":0,"enemies":"Small Slimes","floor":2,"turns":2},{"damage":3,"enemies":"2 Louse","floor":3,"turns":2},{"damage":0,"enemies":"Large Slime","floor":5,"turns":5},{"damage":0,"enemies":"3 Sentries","floor":6,"turns":2},{"damage":0,"enemies":"Gremlin Nob","floor":8,"turns":2},{"damage":5,"enemies":"The Mushroom Lair","floor":12,"turns":2},{"damage":8,"enemies":"Red Slaver","floor":13,"turns":3},{"damage":4,"enemies":"3 Louse","floor":14,"turns":2},{"damage":0,"enemies":"Slime Boss","floor":16,"turns":3},{"damage":0,"enemies":"Shell Parasite","floor":18,"turns":1},{"damage":12,"enemies":"2 Thieves","floor":21,"turns":3},{"damage":2,"enemies":"Cultist and Chosen","floor":24,"turns":3},{"damage":0,"enemies":"Gremlin Leader","floor":25,"turns":3},{"damage":56,"enemies":"Snake Plant","floor":27,"turns":3}],"seed_played":"-5707190858716683086","potions_obtained":[{"floor":3,"key":"SpeedPotion"},{"floor":5,"key":"Ambrosia"},{"floor":6,"key":"Fire Potion"},{"floor":16,"key":"Explosive Potion"},{"floor":18,"key":"LiquidBronze"},{"floor":24,"key":"EntropicBrew"}],"is_trial":false,"path_per_floor":["M","M","M","T","M","E","R","E","T","R","?","?","M","M","R","B",null,"M","?","$","M","?","R","M","E","T","M"],"character_chosen":"WATCHER","items_purchased":["Anchor","Lantern"],"campfire_rested":0,"item_purchase_floors":[20,20],"current_hp_per_floor":[64,64,61,61,61,61,61,61,61,61,66,61,53,49,49,49,70,70,63,63,51,51,51,49,49,49,0],"gold":191,"neow_bonus":"THREE_RARE_CARDS","is_prod":false,"is_daily":false,"chose_seed":false,"campfire_upgraded":4,"win_rate":0,"timestamp":1622095209,"path_taken":["M","M","M","?","M","E","R","E","T","R","?","?","M","M","R","BOSS","M","?","$","M","?","R","M","E","T","M"],"build_version":"2020-12-22","purchased_purges":1,"victory":false,"max_hp_per_floor":[65,65,65,65,65,65,65,65,65,65,70,70,70,70,70,70,70,70,70,70,70,70,70,70,70,70,70],"card_choices":[{"not_picked":["Omniscience","Devotion"],"picked":"Brilliance","floor":0},{"not_picked":["WheelKick","Swivel"],"picked":"ThirdEye","floor":1},{"not_picked":["JustLucky","Protect"],"picked":"EmptyFist","floor":2},{"not_picked":["Vengeance","Swivel"],"picked":"Conclude","floor":3},{"not_picked":["ThirdEye","Alpha"],"picked":"CrushJoints","floor":5},{"not_picked":["Judgement","ReachHeaven"],"picked":"DeusExMachina","floor":6},{"not_picked":["JustLucky","EmptyFist"],"picked":"FlyingSleeves","floor":8},{"not_picked":["CrushJoints","Evaluate"],"picked":"Weave","floor":12},{"not_picked":["FlyingSleeves","EmptyMind"],"picked":"ClearTheMind","floor":13},{"not_picked":["CrushJoints","EmptyMind"],"picked":"Indignation","floor":14},{"not_picked":["SpiritShield","Ragnarok"],"picked":"Brilliance","floor":16},{"not_picked":["EmptyFist","FollowUp+1"],"picked":"JustLucky+1","floor":18},{"not_picked":["Prostrate+1","ThirdEye+1"],"picked":"LessonLearned","floor":21},{"not_picked":["EmptyBody+1","ClearTheMind"],"picked":"LikeWater+1","floor":24},{"not_picked":["SpiritShield","EmptyMind"],"picked":"Weave","floor":25}],"player_experience":385189,"relics_obtained":[{"floor":4,"key":"Oddly Smooth Stone"},{"floor":6,"key":"Yang"},{"floor":8,"key":"PreservedInsect"},{"floor":9,"key":"Juzu Bracelet"},{"floor":12,"key":"Odd Mushroom"},{"floor":25,"key":"Thread and Needle"},{"floor":26,"key":"White Beast Statue"}],"event_choices":[{"damage_healed":0,"gold_gain":0,"player_choice":"Donut","damage_taken":0,"max_hp_gain":5,"max_hp_loss":0,"event_name":"Big Fish","floor":11,"gold_loss":0},{"damage_healed":0,"gold_gain":0,"player_choice":"Fought Mushrooms","damage_taken":0,"max_hp_gain":0,"max_hp_loss":0,"event_name":"Mushrooms","floor":12,"gold_loss":0},{"damage_healed":0,"gold_gain":75,"player_choice":"Touch","damage_taken":7,"max_hp_gain":0,"max_hp_loss":0,"event_name":"FaceTrader","floor":19,"gold_loss":0},{"damage_healed":0,"gold_gain":0,"cards_transformed":["Strike_P","Defend_P"],"player_choice":"Became Test Subject","damage_taken":0,"max_hp_gain":0,"max_hp_loss":0,"event_name":"Drug Dealer","floor":22,"gold_loss":0,"cards_obtained":["CrushJoints","ConjureBlade"]}],"is_beta":false,"boss_relics":[{"not_picked":["Ectoplasm","Velvet Choker"],"picked":"Cursed Key"}],"items_purged_floors":[20],"is_endless":false,"potions_floor_spawned":[3,5,6,16,18,24],"killed_by":"Snake Plant","ascension_level":2}