{"gold_per_floor":[113,123,136,146,164,164,189,189,189,213,557,571,590,611,611,731,731,751,59,59,82,106,140,154,154,154,154,154,173,214,139,139,139],"floor_reached":33,"playtime":1852,"items_purged":["Strike_P"],"score":459,"play_id":"238d0bda-f6b9-4b1a-8d44-5511b70821bc","local_time":"20210605160104","is_ascension_mode":true,"campfire_choices":[{"data":"Eruption","floor":6.0,"key":"SMITH"},{"data":"Consecrate","floor":15.0,"key":"SMITH"},{"data":"1","floor":25.0,"key":"LIFT"},{"data":"2","floor":27.0,"key":"LIFT"},{"data":"3","floor":32,"key":"LIFT"}],"neow_cost":"NONE","seed_source_timestamp":2028551079140800,"circlet_count":0,"master_deck":["Strike_P","Strike_P+1","Defend_P+1","Defend_P+1","Defend_P","Eruption+1","Vigilance","FollowUp","ThirdEye","EmptyFist","CutThroughFate+1","Consecrate+1","FlurryOfBlows","Vengeance","ClearTheMind","FlyingSleeves","LessonLearned","Halt","TalkToTheHand","FlurryOfBlows+1","FearNoEvil+1","FlyingSleeves+1","Wireheading"],"special_seed":0,"relics":["PureWater","Akabeko","Sundial","Golden Idol","CloakClasp","Old Coin","Runic Pyramid","Meat on the Bone","Sling","Boot","Girya","Bottled Lightning","Mummified Hand"],"potions_floor_usage":[30],"damage_taken":[{"damage":0.0,"enemies":"Small Slimes","floor":1.0,"turns":2.0},{"damage":0.0,"enemies":"Jaw Worm","floor":2.0,"turns":3.0},{"damage":1.0,"enemies":"Cultist","floor":3.0,"turns":3.0},{"damage":1.0,"enemies":"Looter","floor":4.0,"turns":3.0},{"damage":0.0,"enemies":"3 Louse","floor":5.0,"turns":3.0},{"damage":0.0,"enemies":"Lagavulin","floor":7.0,"turns":3.0},{"damage":0.0,"enemies":"Large Slime","floor":10.0,"turns":3.0},{"damage":9.0,"enemies":"3 Sentries","floor":11.0,"turns":4.0},{"damage":2.0,"enemies":"Red Slaver","floor":12.0,"turns":2.0},{"damage":4.0,"enemies":"Lots of Slimes","floor":13.0,"turns":3.0},{"damage":0.0,"enemies":"Blue Slaver","floor":14.0,"turns":2.0},{"damage":8.0,"enemies":"Slime Boss","floor":16.0,"turns":7.0},{"damage":5.0,"enemies":"Chosen","floor":18.0,"turns":5.0},{"damage":0.0,"enemies":"Shell Parasite","floor":21.0,"turns":3.0},{"damage":0.0,"enemies":"Chosen and Byrds","floor":22.0,"turns":3.0},{"damage":12.0,"enemies":"Book of Stabbing","floor":23.0,"turns":4.0},{"damage":6.0,"enemies":"Snake Plant","floor":24.0,"turns":3.0},{"damage":2,"enemies":"Snecko","floor":29,"turns":3},{"damage":0,"enemies":"Slavers","floor":30,"turns":3},{"damage":50,"enemies":"Champ","floor":33,"turns":5}],"seed_played":"6275698907210682502","potions_obtained":[{"floor":3.0,"key":"LiquidBronze"},{"floor":4.0,"key":"SmokeBomb"},{"floor":5.0,"key":"SteroidPotion"},{"floor":10.0,"key":"BottledMiracle"},{"floor":13.0,"key":"Dexterity Potion"},{"floor":14.0,"key":"SkillPotion"},{"floor":18.0,"key":"Fire Potion"},{"floor":21.0,"key":"SpeedPotion"},{"floor":24.0,"key":"SkillPotion"}],"is_trial":false,"path_per_floor":["M","M","M","M","M","R","E","?","T","M","E","M","M","M","R","B",null,"M","$","?","M","M","E","M","R","T","R","?","M","E","?","R","B"],"character_chosen":"WATCHER","items_purchased":["TalkToTheHand","Meat on the Bone","Sling","Boot"],"campfire_rested":0,"item_purchase_floors":[19,19,19,19],"current_hp_per_floor":[65,65,64,63,63,63,63,45,45,45,36,34,30,30,30,22,60,55,55,55,55,55,43,37,37,37,37,37,47,47,47,47,0],"gold":139,"neow_bonus":"RANDOM_COMMON_RELIC","is_prod":false,"is_daily":false,"chose_seed":false,"campfire_upgraded":2,"win_rate":0,"timestamp":1622923264,"path_taken":["M","M","M","M","M","R","E","?","T","M","E","M","M","M","R","BOSS","M","$","?","M","M","E","M","R","T","R","?","M","E","?","R","BOSS"],"build_version":"2020-12-22","purchased_purges":1,"victory":false,"max_hp_per_floor":[72,72,72,72,72,72,72,72,72,72,72,72,72,72,72,72,72,72,72,72,72,72,72,72,72,72,72,72,72,72,72,72,72],"card_choices":[{"not_picked":["JustLucky","WindmillStrike"],"picked":"FollowUp","floor":1.0},{"not_picked":["PathToVictory","WindmillStrike"],"picked":"ThirdEye","floor":2.0},{"not_picked":["Halt","PathToVictory"],"picked":"EmptyFist","floor":3.0},{"not_picked":["EmptyBody","Study"],"picked":"CutThroughFate","floor":4.0},{"not_picked":["EmptyBody","Adaptation"],"picked":"Consecrate","floor":5.0},{"not_picked":["JustLucky","ThirdEye"],"picked":"FlurryOfBlows","floor":7.0},{"not_picked":["SignatureMove","Indignation"],"picked":"Vengeance","floor":10.0},{"not_picked":["Wish","EmptyFist","PathToVictory"],"picked":"SKIP","floor":11.0},{"not_picked":["Evaluate","CarveReality"],"picked":"ClearTheMind","floor":12.0},{"not_picked":["FollowUp","Fasting2"],"picked":"FlyingSleeves","floor":13.0},{"not_picked":["Vengeance","ClearTheMind","Prostrate"],"picked":"SKIP","floor":14.0},{"not_picked":["Ragnarok","Alpha"],"picked":"LessonLearned","floor":16.0},{"not_picked":["BowlingBash","SashWhip"],"picked":"Halt","floor":18.0},{"not_picked":["WaveOfTheHand+1","PathToVictory"],"picked":"FlurryOfBlows","floor":21.0},{"not_picked":["FlyingSleeves","JustLucky+1"],"picked":"FearNoEvil+1","floor":22.0},{"not_picked":["Consecrate","LikeWater+1"],"picked":"FlyingSleeves+1","floor":23.0},{"not_picked":["EmptyBody","SashWhip","Nirvana"],"picked":"SKIP","floor":24.0},{"not_picked":["FollowUp","WheelKick"],"picked":"Wireheading","floor":29},{"not_picked":["WheelKick+1","ClearTheMind","FearNoEvil+1"],"picked":"SKIP","floor":30}],"player_experience":410679,"relics_obtained":[{"floor":7.0,"key":"Sundial"},{"floor":9.0,"key":"CloakClasp"},{"floor":11.0,"key":"Old Coin"},{"floor":23.0,"key":"Girya"},{"floor":26.0,"key":"Bottled Lightning"},{"floor":30,"key":"Mummified Hand"}],"event_choices":[{"damage_healed":0.0,"max_hp_gain":0.0,"max_hp_loss":0.0,"gold_gain":0.0,"event_name":"Golden Idol","player_choice":"Take Damage","floor":8.0,"gold_loss":0.0,"damage_taken":18.0,"relics_obtained":["Golden Idol"]},{"cards_removed":["Strike_P"],"damage_healed":0.0,"max_hp_gain":0.0,"max_hp_loss":0.0,"gold_gain":0.0,"event_name":"Back to Basics","player_choice":"Elegance","floor":28.0,"gold_loss":0.0,"damage_taken":0.0},{"cards_removed":["Defend_P"],"damage_healed":0,"gold_gain":0,"player_choice":"Gave Gold","damage_taken":0,"max_hp_gain":0,"max_hp_loss":0,"event_name":"Beggar","floor":31,"gold_loss":75}],"is_beta":false,"boss_relics":[{"not_picked":["SlaversCollar","Tiny House"],"picked":"Runic Pyramid"}],"items_purged_floors":[19],"is_endless":false,"potions_floor_spawned":[3,4,5,10,13,14,18,21,24],"killed_by":"Champ","ascension_level":6}