{"gold_per_floor":[117,117,67,87,87,128,128,147,198,238,259,259,283,283,283,417,417,441,441,16,45,65,65,399,427,474,514,532,119,119,146,146,279,279,324,351,402,426,476,538,538,538,561,480,520,268,302,329,329,329,329,329,106,145,145],"floor_reached":56,"playtime":4692,"items_purged":["Defend_P","Strike_P"],"score":1406,"play_id":"c988f55f-251a-4770-ba23-f5b4ab47025e","local_time":"20210527210818","is_ascension_mode":true,"campfire_choices":[{"floor":7.0,"key":"REST"},{"floor":12.0,"key":"REST"},{"floor":15.0,"key":"REST"},{"floor":23.0,"key":"RECALL"},{"floor":32.0,"key":"REST"},{"floor":41.0,"key":"REST"},{"floor":49.0,"key":"REST"},{"floor":52,"key":"REST"}],"neow_cost":"NONE","seed_source_timestamp":0,"circlet_count":0,"master_deck":["Strike_P","Defend_P+1","Eruption+1","Vigilance","Vengeance+1","ForeignInfluence","ThirdEye+1","Conclude","Crescendo","Adaptation+1","Weave","Nirvana+1","LessonLearned+1","Wallop+1","Wireheading+1","TalkToTheHand+1","Consecrate+1","FlyingSleeves+1","CutThroughFate+1","Prostrate+1","DeceiveReality","Adaptation","TalkToTheHand","Protect","BowlingBash+1","ClearTheMind+1","DevaForm","Wireheading+1","TalkToTheHand","FlurryOfBlows+1","BowlingBash+1","Omniscience","FearNoEvil","JustLucky","FlurryOfBlows","BattleHymn","Perseverance","Sanctity+1","TalkToTheHand","JustLucky+1"],"special_seed":0,"relics":["PureWater","CeramicFish","MealTicket","Shuriken","Bloody Idol","Fusion Hammer","Strawberry","Old Coin","Orichalcum","Juzu Bracelet","Nunchaku","Busted Crown","CloakClasp","Happy Flower","Boot","Whetstone","CaptainsWheel","Pen Nib","Vajra"],"potions_floor_usage":[],"damage_taken":[{"damage":6.0,"enemies":"Jaw Worm","floor":1.0,"turns":4.0},{"damage":10.0,"enemies":"Small Slimes","floor":4.0,"turns":2.0},{"damage":28.0,"enemies":"3 Sentries","floor":6.0,"turns":13.0},{"damage":0.0,"enemies":"Cultist","floor":8.0,"turns":1.0},{"damage":36.0,"enemies":"Gremlin Nob","floor":10.0,"turns":3.0},{"damage":0.0,"enemies":"2 Fungi Beasts","floor":11.0,"turns":2.0},{"damage":16.0,"enemies":"Large Slime","floor":13.0,"turns":4.0},{"damage":40.0,"enemies":"Slime Boss","floor":16.0,"turns":8.0},{"damage":6.0,"enemies":"3 Byrds","floor":18.0,"turns":3.0},{"damage":24.0,"enemies":"2 Thieves","floor":21.0,"turns":3.0},{"damage":2.0,"enemies":"3 Cultists","floor":22.0,"turns":3.0},{"damage":69.0,"enemies":"Book of Stabbing","floor":24.0,"turns":5.0},{"damage":0.0,"enemies":"Snake Plant","floor":25.0,"turns":1.0},{"damage":19.0,"enemies":"Gremlin Leader","floor":27.0,"turns":6.0},{"damage":1.0,"enemies":"Sentry and Sphere","floor":31.0,"turns":3.0},{"damage":36.0,"enemies":"Automaton","floor":33.0,"turns":8.0},{"damage":0.0,"enemies":"3 Shapes","floor":35.0,"turns":5.0},{"damage":26.0,"enemies":"3 Darklings","floor":36.0,"turns":4.0},{"damage":23.0,"enemies":"4 Shapes","floor":37.0,"turns":9.0},{"damage":1.0,"enemies":"Maw","floor":38.0,"turns":6.0},{"damage":17.0,"enemies":"Mind Bloom Boss Battle","floor":39.0,"turns":7.0},{"damage":18.0,"enemies":"Nemesis","floor":40.0,"turns":11.0},{"damage":24.0,"enemies":"Reptomancer","floor":45.0,"turns":6.0},{"damage":57.0,"enemies":"Nemesis","floor":47.0,"turns":5.0},{"damage":0.0,"enemies":"Transient","floor":48.0,"turns":5.0},{"damage":54,"enemies":"Awakened One","floor":50,"turns":12},{"damage":71,"enemies":"Shield and Spear","floor":54,"turns":6},{"damage":69,"enemies":"The Heart","floor":55,"turns":9}],"seed_played":"-2552577776643712688","potions_obtained":[{"floor":0.0,"key":"FairyPotion"},{"floor":0.0,"key":"EntropicBrew"},{"floor":0.0,"key":"BlessingOfTheForge"},{"floor":5.0,"key":"LiquidBronze"},{"floor":22.0,"key":"PowerPotion"},{"floor":25.0,"key":"Fruit Juice"},{"floor":33.0,"key":"Explosive Potion"},{"floor":40.0,"key":"EntropicBrew"}],"is_trial":false,"path_per_floor":["M","?","?","M","?","E","R","M","T","E","M","R","M","?","R","B",null,"M","?","$","M","M","R","E","M","T","E","?","$","?","M","R","B",null,"M","M","M","M","?","E","R","?","T","$","E","$","E","M","R","B",null,"R","$","E","B",null],"character_chosen":"WATCHER","items_purchased":["Wireheading","Strawberry","TalkToTheHand","FairyPotion","TalkToTheHand","Protect","BowlingBash","Nunchaku","AttackPotion","FearNoEvil","JustLucky","BattleHymn","Whetstone","LiquidMemories","Pen Nib","TalkToTheHand"],"campfire_rested":7,"item_purchase_floors":[20,20,20,20,29,29,29,29,29,44,44,46,46,46,53,53],"current_hp_per_floor":[66,66,66,56,56,28,49,49,49,13,13,34,18,18,38,20,67,61,61,74,65,73,73,19,34,39,30,40,70,70,79,79,53,79,79,63,55,64,52,49,72,89,89,89,75,89,42,52,78,24,89,89,89,28,12],"gold":145,"neow_bonus":"THREE_SMALL_POTIONS","is_prod":false,"is_daily":false,"chose_seed":false,"campfire_upgraded":0,"win_rate":0,"timestamp":1622164098,"path_taken":["M","?","?","M","?","E","R","M","T","E","M","R","?","?","R","BOSS","M","?","$","M","M","R","E","M","T","E","?","$","?","M","R","BOSS","M","M","M","M","?","E","R","?","T","$","E","$","E","M","R","BOSS","R","$","E","BOSS"],"build_version":"2020-12-22","purchased_purges":2,"victory":true,"max_hp_per_floor":[72,72,72,72,72,72,72,72,72,72,72,72,72,67,67,67,67,67,67,74,74,74,74,74,79,79,79,79,79,79,79,79,79,79,79,79,79,79,79,79,79,89,89,89,89,89,89,89,89,89,89,89,89,89,89],"card_choices":[{"not_picked":["Protect","WaveOfTheHand"],"picked":"Vengeance","floor":1.0},{"not_picked":["Study","LikeWater"],"picked":"ThirdEye","floor":4.0},{"not_picked":["ThirdEye","Study"],"picked":"Conclude","floor":6.0},{"not_picked":["BowlingBash","WindmillStrike"],"picked":"Crescendo","floor":8.0},{"not_picked":["Fasting2","ClearTheMind"],"picked":"Adaptation","floor":10.0},{"not_picked":["JustLucky","Worship"],"picked":"Weave","floor":11.0},{"not_picked":["Collect","LikeWater"],"picked":"Nirvana","floor":13.0},{"not_picked":["Establishment","Blasphemy"],"picked":"LessonLearned","floor":16.0},{"not_picked":["Halt","ReachHeaven"],"picked":"Wallop","floor":18.0},{"not_picked":["Indignation","PathToVictory"],"picked":"Consecrate","floor":21.0},{"not_picked":["CutThroughFate","SashWhip"],"picked":"FlyingSleeves+1","floor":22.0},{"not_picked":["ThirdEye","ConjureBlade"],"picked":"CutThroughFate+1","floor":24.0},{"not_picked":["FollowUp","PathToVictory"],"picked":"Prostrate+1","floor":25.0},{"not_picked":["WaveOfTheHand","Evaluate"],"picked":"DeceiveReality","floor":27.0},{"not_picked":["FearNoEvil+1","JustLucky"],"picked":"ClearTheMind+1","floor":31.0},{"not_picked":["Wish","SpiritShield"],"picked":"DevaForm","floor":33.0},{"not_picked":[],"picked":"Wireheading+1","floor":35.0},{"not_picked":[],"picked":"TalkToTheHand","floor":36.0},{"not_picked":[],"picked":"FlurryOfBlows","floor":37.0},{"not_picked":[],"picked":"BowlingBash+1","floor":38.0},{"not_picked":[],"picked":"Omniscience","floor":40.0},{"not_picked":[],"picked":"FlurryOfBlows","floor":45.0},{"not_picked":[],"picked":"Perseverance","floor":47.0},{"not_picked":[],"picked":"Sanctity+1","floor":48.0},{"not_picked":[],"picked":"JustLucky+1","floor":54}],"player_experience":386118,"relics_obtained":[{"floor":6.0,"key":"CeramicFish"},{"floor":9.0,"key":"MealTicket"},{"floor":10.0,"key":"Shuriken"},{"floor":24.0,"key":"Old Coin"},{"floor":26.0,"key":"Orichalcum"},{"floor":27.0,"key":"Juzu Bracelet"},{"floor":39.0,"key":"CloakClasp"},{"floor":40.0,"key":"Happy Flower"},{"floor":45.0,"key":"Boot"},{"floor":47.0,"key":"CaptainsWheel"},{"floor":54,"key":"Vajra"}],"event_choices":[{"damage_healed":0.0,"max_hp_gain":0.0,"max_hp_loss":0.0,"gold_gain":0.0,"cards_transformed":["Defend_P"],"event_name":"Living Wall","player_choice":"Change","floor":2.0,"gold_loss":0.0,"damage_taken":0.0,"cards_obtained":["ForeignInfluence"]},{"cards_removed":["Strike_P"],"damage_healed":0.0,"max_hp_gain":0.0,"max_hp_loss":0.0,"gold_gain":0.0,"event_name":"The Cleric","player_choice":"Card Removal","floor":3.0,"gold_loss":50.0,"damage_taken":0.0},{"damage_healed":0.0,"max_hp_gain":0.0,"max_hp_loss":0.0,"gold_gain":0.0,"event_name":"Lab","player_choice":"Got Potions","floor":5.0,"gold_loss":0.0,"damage_taken":0.0},{"damage_healed":0.0,"max_hp_gain":0.0,"max_hp_loss":5.0,"gold_gain":0.0,"event_name":"Golden Idol","player_choice":"Lose Max HP","floor":14.0,"gold_loss":0.0,"damage_taken":0.0,"relics_obtained":["Golden Idol"]},{"damage_healed":0.0,"max_hp_gain":0.0,"max_hp_loss":0.0,"gold_gain":0.0,"event_name":"Forgotten Altar","player_choice":"Gave Idol","floor":19.0,"relics_lost":["Golden Idol"],"gold_loss":0.0,"damage_taken":0.0,"relics_obtained":["Bloody Idol"]},{"damage_healed":0.0,"max_hp_gain":0.0,"max_hp_loss":0.0,"gold_gain":0.0,"cards_transformed":["Strike_P","Defend_P"],"event_name":"Drug Dealer","player_choice":"Became Test Subject","floor":28.0,"gold_loss":0.0,"damage_taken":0.0,"cards_obtained":["Adaptation","Wish"]},{"damage_healed":0.0,"max_hp_gain":0.0,"max_hp_loss":0.0,"gold_gain":0.0,"event_name":"Ghosts","player_choice":"Ignored","floor":30.0,"gold_loss":0.0,"damage_taken":0.0},{"damage_healed":0.0,"max_hp_gain":0.0,"max_hp_loss":0.0,"gold_gain":0.0,"event_name":"MindBloom","player_choice":"Fight","floor":39.0,"gold_loss":0.0,"damage_taken":0.0},{"cards_removed":["Wish"],"damage_healed":7.0,"max_hp_gain":10.0,"max_hp_loss":0.0,"gold_gain":0.0,"event_name":"Bonfire Elementals","player_choice":"Offered Rare","floor":42.0,"gold_loss":0.0,"damage_taken":0.0}],"is_beta":false,"boss_relics":[{"not_picked":["Black Star","Cursed Key"],"picked":"Fusion Hammer"},{"not_picked":["SacredBark","Empty Cage"],"picked":"Busted Crown"}],"items_purged_floors":[20,29],"is_endless":false,"potions_floor_spawned":[1,4,6,13,22,24,25,31,33,35,40,45,48],"ascension_level":2}