{"gold_per_floor":[109,122,141,153,168,168,196,214,214,226,291,291,291],"floor_reached":13,"playtime":484,"items_purged":[],"score":137,"play_id":"5e432796-79a2-466d-9b0e-8992ebf07d80","local_time":"20210530034552","is_ascension_mode":true,"campfire_choices":[{"data":"Eruption","floor":6.0,"key":"SMITH"},{"floor":12.0,"key":"REST"}],"neow_cost":"PERCENT_DAMAGE","seed_source_timestamp":0,"circlet_count":0,"master_deck":["Strike_P","Strike_P","Strike_P","Defend_P","Defend_P","Defend_P","Eruption+1","Vigilance","Wallop","Tantrum","FlyingSleeves","ReachHeaven","CutThroughFate","Meditate","Crescendo","FlurryOfBlows","InnerPeace","Wireheading+1"],"special_seed":0,"relics":["PureWater","Smiling Mask","Yang","Frozen Egg 2"],"potions_floor_usage":[],"damage_taken":[{"damage":0.0,"enemies":"Cultist","floor":1.0,"turns":2.0},{"damage":0.0,"enemies":"2 Louse","floor":2.0,"turns":3.0},{"damage":0.0,"enemies":"Jaw Worm","floor":3.0,"turns":1.0},{"damage":0.0,"enemies":"Exordium Wildlife","floor":4.0,"turns":2.0},{"damage":0.0,"enemies":"Large Slime","floor":5.0,"turns":3.0},{"damage":0.0,"enemies":"Gremlin Nob","floor":7.0,"turns":3.0},{"damage":6.0,"enemies":"Red Slaver","floor":8.0,"turns":2.0},{"damage":0.0,"enemies":"2 Fungi Beasts","floor":10.0,"turns":2.0},{"damage":14.0,"enemies":"Gremlin Nob","floor":11.0,"turns":3.0},{"damage":0,"enemies":"3 Sentries","floor":13,"turns":2}],"seed_played":"291379834949872635","potions_obtained":[{"floor":2.0,"key":"SkillPotion"},{"floor":4.0,"key":"EssenceOfSteel"},{"floor":10.0,"key":"SpeedPotion"}],"is_trial":false,"path_per_floor":["M","M","M","M","M","R","E","M","T","M","?","R","E"],"character_chosen":"WATCHER","items_purchased":[],"campfire_rested":1,"item_purchase_floors":[],"current_hp_per_floor":[51,51,51,51,51,51,51,45,45,45,31,52,52],"gold":291,"neow_bonus":"TRANSFORM_TWO_CARDS","is_prod":false,"is_daily":false,"chose_seed":false,"campfire_upgraded":1,"win_rate":0,"timestamp":1622360752,"path_taken":["M","M","?","M","M","R","E","M","T","M","?","R","E"],"build_version":"2020-12-22","purchased_purges":0,"victory":false,"max_hp_per_floor":[72,72,72,72,72,72,72,72,72,72,72,72,72],"card_choices":[{"not_picked":["Wallop","Protect"],"picked":"FlyingSleeves","floor":1.0},{"not_picked":["Protect","Conclude"],"picked":"ReachHeaven","floor":2.0},{"not_picked":["JustLucky","CrushJoints"],"picked":"CutThroughFate","floor":3.0},{"not_picked":["CrushJoints","Halt"],"picked":"Meditate","floor":4.0},{"not_picked":["BattleHymn","ClearTheMind"],"picked":"Crescendo","floor":5.0},{"not_picked":["BowlingBash","Swivel"],"picked":"FlurryOfBlows","floor":7.0},{"not_picked":["Halt","MentalFortress","Prostrate"],"picked":"SKIP","floor":8.0},{"not_picked":["CrushJoints","MentalFortress"],"picked":"InnerPeace","floor":10.0},{"not_picked":["Fasting2+1","Tantrum"],"picked":"Wireheading+1","floor":11.0}],"player_experience":400086,"relics_obtained":[{"floor":7.0,"key":"Smiling Mask"},{"floor":9.0,"key":"Yang"},{"floor":11.0,"key":"Frozen Egg 2"}],"event_choices":[{"damage_healed":0.0,"max_hp_gain":0.0,"max_hp_loss":0.0,"gold_gain":0.0,"event_name":"Dead Adventurer","player_choice":"Searched \u00271\u0027 times","floor":11.0,"gold_loss":0.0,"damage_taken":0.0}],"is_beta":false,"boss_relics":[],"items_purged_floors":[],"is_endless":false,"potions_floor_spawned":[2,4,10,11],"killed_by":"3 Sentries","ascension_level":4}