{"gold_per_floor":[116,130,147,160,175,175,202,222,222,251,251,268,284,315,315,415,415,434,202,215,215,232,232,259,259,284,294,327,347,362,110,110,206,206,217,231,231,249,265,292,292,307,307,324,324,324,343,369,369,369],"floor_reached":51,"playtime":2793,"items_purged":["Strike_P","Defend_P"],"score":977,"play_id":"e654aaf3-f1a2-436f-bb62-23deba716ed4","local_time":"20210530043401","is_ascension_mode":true,"campfire_choices":[{"data":"EmptyFist","floor":6.0,"key":"SMITH"},{"floor":11.0,"key":"REST"},{"data":"Alpha","floor":15.0,"key":"SMITH"},{"data":"Establishment","floor":23.0,"key":"SMITH"},{"data":"Vigilance","floor":25.0,"key":"SMITH"},{"data":"SandsOfTime","floor":32.0,"key":"SMITH"},{"data":"Tantrum","floor":41,"key":"SMITH"},{"floor":46,"key":"REST"},{"floor":49,"key":"REST"}],"neow_cost":"NONE","seed_source_timestamp":1467978452468300,"circlet_count":0,"master_deck":["Strike_P+1","Strike_P","Strike_P","Defend_P","Defend_P","Eruption","Vigilance+1","FlurryOfBlows","PathToVictory","SandsOfTime+1","PathToVictory","EmptyFist+1","JustLucky","DeceiveReality","Alpha+1","Swivel","FearNoEvil","Vault","PathToVictory","Establishment+1","Wallop+1","SandsOfTime+1","Indignation+1","Protect+1","TalkToTheHand","Tantrum+1","ClearTheMind+1","FollowUp+1","SandsOfTime+1","MasterReality","InnerPeace+1","Wallop+1","CarveReality","Halt+1","CutThroughFate+1"],"special_seed":0,"relics":["PureWater","Nunchaku","Kunai","Whetstone","FossilizedHelix","Snecko Eye","Orrery","Blue Candle","Ancient Tea Set","Anchor","SlaversCollar","Singing Bowl","Mercury Hourglass","White Beast Statue"],"potions_floor_usage":[],"damage_taken":[{"damage":0.0,"enemies":"Cultist","floor":1.0,"turns":3.0},{"damage":2.0,"enemies":"Jaw Worm","floor":2.0,"turns":4.0},{"damage":5.0,"enemies":"2 Louse","floor":3.0,"turns":2.0},{"damage":17.0,"enemies":"Gremlin Gang","floor":4.0,"turns":4.0},{"damage":0.0,"enemies":"3 Louse","floor":5.0,"turns":3.0},{"damage":14.0,"enemies":"Gremlin Nob","floor":7.0,"turns":3.0},{"damage":10.0,"enemies":"Exordium Thugs","floor":8.0,"turns":3.0},{"damage":17.0,"enemies":"3 Sentries","floor":10.0,"turns":7.0},{"damage":0.0,"enemies":"Blue Slaver","floor":12.0,"turns":1.0},{"damage":9.0,"enemies":"Red Slaver","floor":13.0,"turns":3.0},{"damage":2.0,"enemies":"Gremlin Nob","floor":14.0,"turns":3.0},{"damage":8.0,"enemies":"The Guardian","floor":16.0,"turns":6.0},{"damage":0.0,"enemies":"2 Thieves","floor":18.0,"turns":3.0},{"damage":0.0,"enemies":"Shell Parasite","floor":20.0,"turns":2.0},{"damage":0.0,"enemies":"Sentry and Sphere","floor":22.0,"turns":2.0},{"damage":1.0,"enemies":"Slavers","floor":24.0,"turns":5.0},{"damage":0.0,"enemies":"Snake Plant","floor":27.0,"turns":3.0},{"damage":0.0,"enemies":"Gremlin Leader","floor":28.0,"turns":4.0},{"damage":0.0,"enemies":"Snecko","floor":29.0,"turns":3.0},{"damage":0.0,"enemies":"Sentry and Sphere","floor":30.0,"turns":3.0},{"damage":19.0,"enemies":"Champ","floor":33.0,"turns":7.0},{"damage":0,"enemies":"3 Darklings","floor":35,"turns":5},{"damage":0,"enemies":"Orb Walker","floor":36,"turns":2},{"damage":10,"enemies":"3 Darklings","floor":38,"turns":3},{"damage":0,"enemies":"Jaw Worm Horde","floor":39,"turns":4},{"damage":37,"enemies":"Giant Head","floor":40,"turns":7},{"damage":0,"enemies":"Maw","floor":42,"turns":7},{"damage":26,"enemies":"3 Darklings","floor":44,"turns":3},{"damage":0,"enemies":"Transient","floor":47,"turns":5},{"damage":17,"enemies":"Reptomancer","floor":48,"turns":5},{"damage":40,"enemies":"Awakened One","floor":50,"turns":10}],"seed_played":"1466478549521914126","potions_obtained":[{"floor":2.0,"key":"DistilledChaos"},{"floor":4.0,"key":"Weak Potion"},{"floor":5.0,"key":"SpeedPotion"},{"floor":7.0,"key":"DuplicationPotion"},{"floor":8.0,"key":"FearPotion"},{"floor":10.0,"key":"SteroidPotion"},{"floor":18.0,"key":"LiquidMemories"},{"floor":21.0,"key":"LiquidBronze"},{"floor":27.0,"key":"Energy Potion"},{"floor":38,"key":"FearPotion"}],"is_trial":false,"path_per_floor":["M","M","M","M","M","R","E","M","T","E","R","M","M","E","R","B",null,"M","$","M","?","M","R","E","R","T","M","E","M","M","$","R","B",null,"M","M","?","M","M","E","R","M","T","M","?","R","M","E","R","B",null],"character_chosen":"WATCHER","items_purchased":["Orrery","Anchor"],"campfire_rested":3,"item_purchase_floors":[19,31],"current_hp_per_floor":[79,77,72,55,55,55,41,31,31,14,37,37,28,26,26,18,79,79,79,79,79,79,79,78,78,78,78,78,78,78,78,78,59,79,79,79,79,69,69,34,34,34,34,10,10,34,36,21,47,7],"gold":369,"neow_bonus":"TEN_PERCENT_HP_BONUS","is_prod":false,"is_daily":false,"chose_seed":false,"campfire_upgraded":6,"win_rate":0,"timestamp":1622363641,"path_taken":["M","M","M","M","M","R","E","M","T","E","R","M","M","E","R","BOSS","M","?","M","?","M","R","E","R","T","M","E","M","?","$","R","BOSS","M","M","?","?","?","E","R","M","T","M","?","R","?","E","R","BOSS"],"build_version":"2020-12-22","purchased_purges":2,"victory":true,"max_hp_per_floor":[79,79,79,79,79,79,79,79,79,79,79,79,79,79,79,79,79,79,79,79,79,79,79,79,79,79,79,79,79,79,79,79,79,79,79,79,79,79,79,81,81,81,81,83,83,83,85,87,87,87],"card_choices":[{"not_picked":["ThirdEye","ClearTheMind"],"picked":"FlurryOfBlows","floor":1.0},{"not_picked":["Prostrate","BowlingBash"],"picked":"PathToVictory","floor":2.0},{"not_picked":["EmptyFist","BowlingBash"],"picked":"SandsOfTime","floor":3.0},{"not_picked":["CarveReality","ThirdEye"],"picked":"PathToVictory","floor":4.0},{"not_picked":["Protect","JustLucky"],"picked":"EmptyFist","floor":5.0},{"not_picked":["Crescendo","FlurryOfBlows"],"picked":"JustLucky","floor":7.0},{"not_picked":["CrushJoints","BattleHymn"],"picked":"DeceiveReality","floor":8.0},{"not_picked":["DeceiveReality","JustLucky","Prostrate"],"picked":"SKIP","floor":10.0},{"not_picked":["Study","JustLucky"],"picked":"Alpha","floor":12.0},{"not_picked":["DeceiveReality","Prostrate"],"picked":"Swivel","floor":13.0},{"not_picked":["DeusExMachina","Ragnarok"],"picked":"FearNoEvil","floor":14.0},{"not_picked":["Omniscience","Brilliance"],"picked":"Vault","floor":16.0},{"not_picked":["ClearTheMind","BowlingBash+1"],"picked":"PathToVictory","floor":18.0},{"not_picked":["Swivel","FollowUp"],"picked":"Establishment","floor":19.0},{"not_picked":["CutThroughFate","PathToVictory"],"picked":"Wallop+1","floor":19.0},{"not_picked":["FollowUp","CutThroughFate"],"picked":"SandsOfTime+1","floor":19.0},{"not_picked":["CrushJoints","FlyingSleeves+1"],"picked":"Indignation+1","floor":19.0},{"not_picked":["ThirdEye","FlyingSleeves"],"picked":"Protect+1","floor":20.0},{"not_picked":["Evaluate","DevaForm"],"picked":"TalkToTheHand","floor":22.0},{"not_picked":["WaveOfTheHand","Scrawl","Fasting2+1"],"picked":"SKIP","floor":24.0},{"not_picked":["InnerPeace","EmptyBody"],"picked":"Tantrum","floor":27.0},{"not_picked":["Wireheading","WindmillStrike"],"picked":"ClearTheMind+1","floor":28.0},{"not_picked":["CrushJoints","Consecrate"],"picked":"FollowUp+1","floor":29.0},{"not_picked":["ClearTheMind+1","WreathOfFlame+1"],"picked":"SandsOfTime","floor":30.0},{"not_picked":["Brilliance","Ragnarok"],"picked":"MasterReality","floor":33.0},{"not_picked":["ClearTheMind","Evaluate+1","Crescendo"],"picked":"SKIP","floor":35},{"not_picked":["ClearTheMind+1","Halt"],"picked":"InnerPeace+1","floor":36},{"not_picked":["PathToVictory","Crescendo"],"picked":"CarveReality","floor":38},{"not_picked":["MentalFortress","WindmillStrike"],"picked":"Halt+1","floor":39},{"not_picked":["MasterReality","ForeignInfluence+1","FlurryOfBlows+1"],"picked":"Singing Bowl","floor":40},{"not_picked":["Pray+1","JustLucky+1"],"picked":"CutThroughFate+1","floor":42},{"not_picked":["WaveOfTheHand+1","EmptyBody","FlurryOfBlows+1"],"picked":"Singing Bowl","floor":44},{"not_picked":["SashWhip+1","Evaluate+1","ThirdEye"],"picked":"Singing Bowl","floor":47},{"not_picked":["JustLucky+1","EmptyMind","ReachHeaven"],"picked":"Singing Bowl","floor":48}],"player_experience":400570,"relics_obtained":[{"floor":7.0,"key":"Nunchaku"},{"floor":9.0,"key":"Kunai"},{"floor":10.0,"key":"Whetstone"},{"floor":14.0,"key":"FossilizedHelix"},{"floor":24.0,"key":"Blue Candle"},{"floor":28.0,"key":"Ancient Tea Set"},{"floor":40,"key":"Singing Bowl"},{"floor":43,"key":"Mercury Hourglass"},{"floor":48,"key":"White Beast Statue"}],"event_choices":[{"damage_healed":0.0,"max_hp_gain":0.0,"max_hp_loss":0.0,"gold_gain":0.0,"event_name":"Lab","player_choice":"Got Potions","floor":21.0,"gold_loss":0.0,"damage_taken":0.0},{"damage_healed":0,"gold_gain":0,"player_choice":"Copied","damage_taken":0,"max_hp_gain":0,"max_hp_loss":0,"event_name":"Duplicator","floor":37,"gold_loss":0,"cards_obtained":["Wallop"]},{"cards_removed":["Defend_P"],"damage_healed":0,"gold_gain":0,"player_choice":"Purged","damage_taken":0,"max_hp_gain":0,"max_hp_loss":0,"event_name":"Purifier","floor":45,"gold_loss":0}],"is_beta":false,"boss_relics":[{"not_picked":["Velvet Choker","Astrolabe"],"picked":"Snecko Eye"},{"not_picked":["SacredBark","Runic Dome"],"picked":"SlaversCollar"}],"items_purged_floors":[19,31],"is_endless":false,"potions_floor_spawned":[2,4,5,7,8,10,18,27,28,30,38,39,40,42],"ascension_level":4}