{"gold_per_floor":[118,133,143,155,172,172,206,217,240,240,256,256,276,308,308,409,409,421,436,115,115,128,159,159,190,190,190,203,239,252,273,273,384,443,457,467,485,223,237,237,264,281,281,307,307,307,52,78,78,78],"floor_reached":50,"playtime":3865,"items_purged":[],"score":795,"play_id":"a8eae72d-e543-471a-b41a-7fceecf2482f","local_time":"20210529020640","is_ascension_mode":true,"campfire_choices":[{"data":"Eruption","floor":6.0,"key":"SMITH"},{"floor":10.0,"key":"REST"},{"data":"Crescendo","floor":12.0,"key":"SMITH"},{"data":"JustLucky","floor":15.0,"key":"SMITH"},{"data":"BattleHymn","floor":24.0,"key":"SMITH"},{"data":"ThirdEye","floor":27.0,"key":"SMITH"},{"data":"Fasting2","floor":32.0,"key":"SMITH"},{"data":"Weave","floor":40,"key":"SMITH"},{"data":"Crescendo","floor":46,"key":"SMITH"},{"floor":49,"key":"RECALL"}],"neow_cost":"NONE","seed_source_timestamp":1371451400276300,"circlet_count":0,"master_deck":["Strike_P","Strike_P","Strike_P","Defend_P","Defend_P","Eruption+1","Vigilance","Perseverance+1","Weave+1","Weave+1","FlurryOfBlows","ThirdEye+1","Crescendo+1","Tantrum","ThirdEye+1","EmptyBody","BattleHymn+1","JustLucky+1","MasterReality","ThirdEye","EmptyFist","Weave+1","CrushJoints+1","Conclude","JustLucky+1","ReachHeaven+1","Fasting2+1","ConjureBlade+1","FlyingSleeves+1","Trip","Trip","Wireheading","Crescendo+1","TalkToTheHand+1","ClearTheMind","ThirdEye","JustLucky","Nirvana","Dark Shackles","Parasite"],"special_seed":0,"relics":["Astrolabe","Yang","Anchor","TungstenRod","Coffee Dripper","Medical Kit","MealTicket","Potion Belt","CeramicFish","Tiny House","Oddly Smooth Stone","Ornamental Fan","Strawberry"],"potions_floor_usage":[50],"damage_taken":[{"damage":0.0,"enemies":"Cultist","floor":1.0,"turns":2.0},{"damage":12.0,"enemies":"Small Slimes","floor":2.0,"turns":2.0},{"damage":0.0,"enemies":"2 Louse","floor":3.0,"turns":2.0},{"damage":12.0,"enemies":"Exordium Wildlife","floor":4.0,"turns":3.0},{"damage":0.0,"enemies":"3 Louse","floor":5.0,"turns":1.0},{"damage":25.0,"enemies":"Gremlin Nob","floor":7.0,"turns":3.0},{"damage":0.0,"enemies":"Red Slaver","floor":8.0,"turns":3.0},{"damage":0.0,"enemies":"Large Slime","floor":11.0,"turns":2.0},{"damage":0.0,"enemies":"3 Louse","floor":13.0,"turns":2.0},{"damage":0.0,"enemies":"3 Sentries","floor":14.0,"turns":3.0},{"damage":5.0,"enemies":"Hexaghost","floor":16.0,"turns":5.0},{"damage":0.0,"enemies":"Shell Parasite","floor":18.0,"turns":2.0},{"damage":0.0,"enemies":"3 Byrds","floor":19.0,"turns":4.0},{"damage":4.0,"enemies":"Centurion and Healer","floor":22.0,"turns":6.0},{"damage":16.0,"enemies":"Book of Stabbing","floor":23.0,"turns":5.0},{"damage":4.0,"enemies":"Gremlin Leader","floor":25.0,"turns":4.0},{"damage":6.0,"enemies":"Snake Plant","floor":28.0,"turns":3.0},{"damage":0.0,"enemies":"Slavers","floor":29.0,"turns":3.0},{"damage":0.0,"enemies":"Snecko","floor":30.0,"turns":2.0},{"damage":0.0,"enemies":"Shelled Parasite and Fungi","floor":31.0,"turns":4.0},{"damage":18.0,"enemies":"Collector","floor":33.0,"turns":5.0},{"damage":1.0,"enemies":"Orb Walker","floor":35.0,"turns":3.0},{"damage":11.0,"enemies":"3 Shapes","floor":36.0,"turns":6.0},{"damage":13,"enemies":"Spire Growth","floor":39,"turns":4},{"damage":34,"enemies":"Reptomancer","floor":41,"turns":5},{"damage":7,"enemies":"Maw","floor":42,"turns":5},{"damage":0,"enemies":"Transient","floor":44,"turns":5},{"damage":18,"enemies":"Writhing Mass","floor":48,"turns":4},{"damage":26,"enemies":"Awakened One","floor":50,"turns":3}],"seed_played":"-2776057528390610843","potions_obtained":[{"floor":1.0,"key":"DuplicationPotion"},{"floor":5.0,"key":"Explosive Potion"},{"floor":7.0,"key":"DistilledChaos"},{"floor":13.0,"key":"Block Potion"},{"floor":14.0,"key":"SneckoOil"},{"floor":22.0,"key":"GamblersBrew"},{"floor":29.0,"key":"LiquidMemories"},{"floor":30.0,"key":"LiquidMemories"},{"floor":31.0,"key":"Ancient Potion"},{"floor":34.0,"key":"EssenceOfSteel"},{"floor":36.0,"key":"Weak Potion"},{"floor":41,"key":"DistilledChaos"},{"floor":44,"key":"FearPotion"},{"floor":48,"key":"SkillPotion"}],"is_trial":false,"path_per_floor":["M","M","M","M","M","R","E","M","T","R","M","R","M","E","R","B",null,"M","M","$","?","M","E","R","E","T","R","M","E","M","M","R","B",null,"M","M","?","$","M","R","E","M","T","M","?","R","$","M","R","B"],"character_chosen":"WATCHER","items_purchased":["Weave","Medical Kit","Fruit Juice","Wireheading","Crescendo","Oddly Smooth Stone","ClearTheMind","ThirdEye","JustLucky","Nirvana","Dark Shackles"],"campfire_rested":1,"item_purchase_floors":[20,20,20,38,38,38,47,47,47,47,47],"current_hp_per_floor":[72,60,60,48,48,48,23,23,23,44,44,44,44,44,44,39,72,72,72,72,72,73,57,57,53,53,53,47,47,47,47,47,29,82,81,70,61,76,63,63,29,22,29,29,29,29,44,26,26,0],"gold":78,"neow_bonus":"BOSS_RELIC","is_prod":false,"is_daily":false,"chose_seed":false,"campfire_upgraded":8,"win_rate":0,"timestamp":1622268400,"path_taken":["M","M","M","M","M","R","E","M","T","R","M","R","M","E","R","BOSS","M","M","?","?","?","E","R","E","T","R","M","E","M","M","R","BOSS","M","M","?","$","M","R","E","M","T","M","?","R","$","M","R","BOSS"],"build_version":"2020-12-22","purchased_purges":0,"victory":false,"max_hp_per_floor":[72,72,72,72,72,72,72,72,72,72,72,72,72,72,72,72,72,72,72,72,72,77,77,77,77,77,77,77,77,77,77,77,77,82,82,82,82,82,82,82,82,82,89,89,89,89,89,89,89,89],"card_choices":[{"not_picked":["InnerPeace","Evaluate"],"picked":"FlurryOfBlows","floor":1.0},{"not_picked":["Indignation","Adaptation"],"picked":"ThirdEye","floor":2.0},{"not_picked":["Protect","CrushJoints"],"picked":"Crescendo","floor":3.0},{"not_picked":["Evaluate","SignatureMove"],"picked":"Tantrum","floor":4.0},{"not_picked":["Fasting2","Consecrate"],"picked":"ThirdEye","floor":5.0},{"not_picked":["Prostrate","MasterReality"],"picked":"Consecrate","floor":7.0},{"not_picked":["ForeignInfluence","Crescendo","PathToVictory"],"picked":"SKIP","floor":8.0},{"not_picked":["Wireheading","FlyingSleeves"],"picked":"EmptyBody","floor":11.0},{"not_picked":["WheelKick","JustLucky"],"picked":"BattleHymn","floor":13.0},{"not_picked":["Ragnarok","WaveOfTheHand"],"picked":"JustLucky","floor":14.0},{"not_picked":["Ragnarok","Judgement"],"picked":"MasterReality","floor":16.0},{"not_picked":["CrushJoints","EmptyFist"],"picked":"ThirdEye","floor":18.0},{"not_picked":["EmptyBody","MentalFortress"],"picked":"EmptyFist","floor":19.0},{"not_picked":["Protect","Halt+1"],"picked":"CrushJoints+1","floor":22.0},{"not_picked":["EmptyMind","Tantrum"],"picked":"Conclude","floor":23.0},{"not_picked":["Evaluate","CutThroughFate"],"picked":"JustLucky+1","floor":25.0},{"not_picked":["SashWhip","BowlingBash","Evaluate"],"picked":"SKIP","floor":28.0},{"not_picked":["WindmillStrike","InnerPeace"],"picked":"ReachHeaven+1","floor":29.0},{"not_picked":["Evaluate","WheelKick","Study"],"picked":"SKIP","floor":30.0},{"not_picked":["LessonLearned","Wireheading"],"picked":"Fasting2","floor":31.0},{"not_picked":["Wish","DevaForm"],"picked":"ConjureBlade","floor":33.0},{"not_picked":["EmptyBody","EmptyFist"],"picked":"FlyingSleeves+1","floor":34.0},{"not_picked":["FollowUp+1","Sanctity","SashWhip"],"picked":"SKIP","floor":35.0},{"not_picked":["BowlingBash+1","WaveOfTheHand","FlurryOfBlows"],"picked":"SKIP","floor":36.0},{"not_picked":["Mayhem","Madness"],"picked":"Trip","floor":37.0},{"not_picked":["The Bomb","Mayhem"],"picked":"Trip","floor":37.0},{"not_picked":["Evaluate","Crescendo+1","Weave"],"picked":"SKIP","floor":39},{"not_picked":["SignatureMove","DevaForm","FlyingSleeves"],"picked":"SKIP","floor":41},{"not_picked":["Prostrate","ForeignInfluence","Pray"],"picked":"SKIP","floor":42},{"not_picked":["Sanctity","Consecrate+1"],"picked":"TalkToTheHand+1","floor":44},{"not_picked":["PathToVictory+1","Consecrate+1","Conclude"],"picked":"SKIP","floor":48}],"player_experience":396221,"relics_obtained":[{"floor":7.0,"key":"Yang"},{"floor":9.0,"key":"Anchor"},{"floor":14.0,"key":"TungstenRod"},{"floor":23.0,"key":"MealTicket"},{"floor":25.0,"key":"Potion Belt"},{"floor":29.0,"key":"CeramicFish"},{"floor":41,"key":"Ornamental Fan"},{"floor":43,"key":"Strawberry"}],"event_choices":[{"damage_healed":0.0,"max_hp_gain":0.0,"max_hp_loss":0.0,"gold_gain":0.0,"event_name":"Upgrade Shrine","player_choice":"Upgraded","floor":21.0,"gold_loss":0.0,"damage_taken":0.0,"cards_upgraded":["ThirdEye"]},{"damage_healed":0.0,"max_hp_gain":0.0,"max_hp_loss":0.0,"gold_gain":0.0,"event_name":"SensoryStone","player_choice":"Memory 3","floor":37.0,"gold_loss":0.0,"damage_taken":10.0},{"cards_removed":["Consecrate"],"damage_healed":0,"gold_gain":0,"player_choice":"Removed Attack","damage_taken":0,"max_hp_gain":0,"max_hp_loss":0,"event_name":"Falling","floor":45,"gold_loss":0}],"is_beta":false,"boss_relics":[{"not_picked":["Empty Cage","Runic Dome"],"picked":"Coffee Dripper"},{"not_picked":["Calling Bell","Sozu"],"picked":"Tiny House"}],"items_purged_floors":[],"is_endless":false,"potions_floor_spawned":[1,5,7,13,14,22,29,30,31,36,41,44,48],"killed_by":"Awakened One","ascension_level":4}