{"gold_per_floor":[113,113,124,143,157,157,188,188,188,207,28,45,10,44,44,145,145,165,165,181,193,212,212,237,253,253,253,253,253,7,23,23,125,125,145,195,195,195,195,195,195,210,210,210,210,24,35,53,53,53],"floor_reached":51,"playtime":2353,"items_purged":["Strike_P"],"score":1136,"play_id":"03cf9587-d858-43ff-a242-897c41023cc6","local_time":"20210706182136","is_ascension_mode":true,"campfire_choices":[{"data":"Eruption","floor":6.0,"key":"SMITH"},{"data":"ReachHeaven","floor":8.0,"key":"SMITH"},{"floor":15.0,"key":"REST"},{"data":"Fasting2","floor":23,"key":"SMITH"},{"data":"Meditate","floor":32,"key":"SMITH"},{"data":"DevaForm","floor":41,"key":"SMITH"},{"data":"TalkToTheHand","floor":45,"key":"SMITH"},{"data":"LikeWater","floor":49,"key":"SMITH"}],"neow_cost":"NONE","seed_source_timestamp":1831832876585300,"circlet_count":0,"master_deck":["Strike_P","Defend_P","Defend_P","Defend_P","Eruption+1","Vigilance","FlyingSleeves","Fasting2+1","EmptyMind","Consecrate","ReachHeaven+1","FearNoEvil","ThirdEye","TalkToTheHand+1","CutThroughFate","Omniscience","Conclude","Consecrate+1","Weave","DeceiveReality+1","ClearTheMind","Wireheading","Decay","Adaptation+1","CutThroughFate","LikeWater+1","EmptyBody","Meditate+1","FlurryOfBlows","Protect+1","DevaForm+1","Protect+1","WheelKick+1","MentalFortress","TalkToTheHand","WindmillStrike+1","Protect+1","SandsOfTime+1","Crescendo+1"],"special_seed":0,"relics":["PureWater","Letter Opener","Shuriken","Question Card","Coffee Dripper","Mummified Hand","Darkstone Periapt","Snecko Eye","Du-Vu Doll","Toy Ornithopter","Bottled Tornado","Orrery"],"potions_floor_usage":[24,33,40,50],"damage_taken":[{"damage":2.0,"enemies":"Jaw Worm","floor":1.0,"turns":3.0},{"damage":4.0,"enemies":"Cultist","floor":3.0,"turns":3.0},{"damage":0.0,"enemies":"Small Slimes","floor":4.0,"turns":4.0},{"damage":14.0,"enemies":"Red Slaver","floor":5.0,"turns":4.0},{"damage":4.0,"enemies":"3 Sentries","floor":7.0,"turns":6.0},{"damage":5.0,"enemies":"Gremlin Gang","floor":10.0,"turns":3.0},{"damage":8.0,"enemies":"Blue Slaver","floor":12.0,"turns":3.0},{"damage":0.0,"enemies":"Lagavulin","floor":14.0,"turns":2.0},{"damage":21.0,"enemies":"Hexaghost","floor":16.0,"turns":7.0},{"damage":14.0,"enemies":"Shell Parasite","floor":18.0,"turns":3.0},{"damage":0,"enemies":"Spheric Guardian","floor":20,"turns":2},{"damage":16,"enemies":"3 Cultists","floor":21,"turns":3},{"damage":6,"enemies":"Sentry and Sphere","floor":22,"turns":3},{"damage":17,"enemies":"Gremlin Leader","floor":24,"turns":4},{"damage":0,"enemies":"Snecko","floor":25,"turns":3},{"damage":13,"enemies":"Centurion and Healer","floor":31,"turns":4},{"damage":0,"enemies":"Champ","floor":33,"turns":9},{"damage":14,"enemies":"Orb Walker","floor":35,"turns":4},{"damage":0,"enemies":"Mind Bloom Boss Battle","floor":36,"turns":7},{"damage":0,"enemies":"Reptomancer","floor":40,"turns":2},{"damage":0,"enemies":"3 Shapes","floor":42,"turns":3},{"damage":0,"enemies":"Sphere and 2 Shapes","floor":47,"turns":3},{"damage":0,"enemies":"Jaw Worm Horde","floor":48,"turns":3},{"damage":6,"enemies":"Donu and Deca","floor":50,"turns":7}],"seed_played":"7977673559261594425","potions_obtained":[{"floor":0.0,"key":"LiquidMemories"},{"floor":0.0,"key":"AttackPotion"},{"floor":0.0,"key":"Ancient Potion"},{"floor":3.0,"key":"GamblersBrew"},{"floor":16.0,"key":"BottledMiracle"},{"floor":20,"key":"SmokeBomb"},{"floor":22,"key":"Block Potion"},{"floor":24,"key":"Strength Potion"},{"floor":42,"key":"DistilledChaos"}],"is_trial":false,"path_per_floor":["M","?","M","M","M","R","E","R","T","M","$","M","$","E","R","B",null,"M","?","M","M","M","R","E","M","T","?","?","?","$","M","R","B",null,"M","?","?","?","T","E","R","M","T","?","R","$","M","M","R","B",null],"character_chosen":"WATCHER","items_purchased":["Vengeance","FearNoEvil","TalkToTheHand","LikeWater","EmptyBody","Meditate","FlurryOfBlows","MentalFortress","Orrery"],"campfire_rested":1,"item_purchase_floors":[11,11,13,30,30,30,30,46,46],"current_hp_per_floor":[63,63,59,59,45,45,41,41,41,36,36,28,28,28,49,28,61,47,47,47,31,25,25,8,8,8,14,14,14,14,1,1,1,59,45,45,45,45,45,50,50,50,50,50,50,50,50,50,50,49],"gold":53,"neow_bonus":"THREE_SMALL_POTIONS","is_prod":false,"is_daily":false,"chose_seed":false,"campfire_upgraded":7,"win_rate":0,"timestamp":1625610096,"path_taken":["M","?","M","M","M","R","E","R","T","M","$","M","?","E","R","BOSS","M","?","?","M","?","R","E","M","T","?","?","?","$","M","R","BOSS","M","?","?","?","?","E","R","M","T","?","R","?","M","M","R","BOSS"],"build_version":"2020-12-22","purchased_purges":1,"victory":true,"max_hp_per_floor":[72,72,72,72,72,72,72,72,72,72,72,72,72,72,72,72,72,72,72,72,72,72,72,72,72,72,78,78,78,78,78,78,78,78,78,78,78,74,74,74,74,74,74,74,74,74,74,74,74,74],"card_choices":[{"not_picked":["Crescendo","JustLucky"],"picked":"FlyingSleeves","floor":1.0},{"not_picked":["ClearTheMind","Halt"],"picked":"EmptyMind","floor":3.0},{"not_picked":["FlurryOfBlows","JustLucky"],"picked":"Consecrate","floor":4.0},{"not_picked":["FlyingSleeves","FollowUp"],"picked":"ReachHeaven","floor":5.0},{"not_picked":["ReachHeaven","Wireheading","SignatureMove"],"picked":"SKIP","floor":7.0},{"not_picked":["Collect","Sanctity","Swivel"],"picked":"SKIP","floor":10.0},{"not_picked":["Pray","Halt"],"picked":"ThirdEye","floor":12.0},{"not_picked":["Halt","ConjureBlade"],"picked":"CutThroughFate","floor":14.0},{"not_picked":["Judgement","Wish","DeusExMachina"],"picked":"Omniscience","floor":16.0},{"not_picked":["WreathOfFlame","Evaluate","BowlingBash","Halt"],"picked":"SKIP","floor":18.0},{"not_picked":["PathToVictory","Evaluate","Worship"],"picked":"Consecrate+1","floor":20},{"not_picked":["CrushJoints","Prostrate","JustLucky"],"picked":"Weave","floor":21},{"not_picked":["Evaluate","Fasting2","FollowUp"],"picked":"DeceiveReality+1","floor":22},{"not_picked":["JustLucky","CarveReality","Wish"],"picked":"ClearTheMind","floor":24},{"not_picked":["BowlingBash","FollowUp","FlurryOfBlows"],"picked":"Wireheading","floor":25},{"not_picked":["FlyingSleeves","CrushJoints","ClearTheMind"],"picked":"Protect+1","floor":31},{"not_picked":["ConjureBlade","Brilliance","Wish"],"picked":"DevaForm","floor":33},{"not_picked":["FlyingSleeves","Crescendo","Evaluate+1","Weave+1"],"picked":"SKIP","floor":35},{"not_picked":["Consecrate+1","Judgement","JustLucky+1"],"picked":"Protect+1","floor":36},{"not_picked":["InnerPeace","Protect","Weave"],"picked":"WheelKick+1","floor":42},{"not_picked":["Adaptation","Judgement","Crescendo"],"picked":"TalkToTheHand","floor":46},{"not_picked":["FlurryOfBlows+1","Weave+1","Protect+1"],"picked":"WindmillStrike+1","floor":46},{"not_picked":["ClearTheMind+1","Prostrate+1","Evaluate"],"picked":"Protect+1","floor":46},{"not_picked":["SignatureMove","WindmillStrike","ForeignInfluence"],"picked":"SandsOfTime+1","floor":47},{"not_picked":["Nirvana","CrushJoints+1","Pray"],"picked":"Crescendo+1","floor":48}],"player_experience":440424,"relics_obtained":[{"floor":7.0,"key":"Letter Opener"},{"floor":9.0,"key":"Shuriken"},{"floor":14.0,"key":"Question Card"},{"floor":24,"key":"Mummified Hand"},{"floor":26,"key":"Darkstone Periapt"},{"floor":36,"key":"Du-Vu Doll"},{"floor":39,"key":"Toy Ornithopter"},{"floor":43,"key":"Bottled Tornado"}],"event_choices":[{"damage_healed":0.0,"max_hp_gain":0.0,"max_hp_loss":0.0,"gold_gain":0.0,"cards_transformed":["Strike_P"],"event_name":"Transmorgrifier","player_choice":"Transformed","floor":2.0,"gold_loss":0.0,"damage_taken":0.0,"cards_obtained":["Fasting2"]},{"damage_healed":0.0,"max_hp_gain":0.0,"max_hp_loss":0.0,"gold_gain":0.0,"event_name":"Match and Keep!","player_choice":"1 cards matched","floor":19.0,"gold_loss":0.0,"damage_taken":0.0,"cards_obtained":["Conclude"]},{"damage_healed":0,"gold_gain":0,"player_choice":"Smashed Altar","damage_taken":0,"max_hp_gain":0,"max_hp_loss":0,"event_name":"Forgotten Altar","floor":27,"gold_loss":0,"cards_obtained":["Decay"]},{"damage_healed":0,"gold_gain":0,"cards_transformed":["Defend_P","Strike_P"],"player_choice":"Became Test Subject","damage_taken":0,"max_hp_gain":0,"max_hp_loss":0,"event_name":"Drug Dealer","floor":28,"gold_loss":0,"cards_obtained":["Adaptation","CutThroughFate"]},{"damage_healed":0,"gold_gain":0,"player_choice":"Forge","damage_taken":0,"max_hp_gain":0,"max_hp_loss":0,"event_name":"Accursed Blacksmith","floor":29,"gold_loss":0,"cards_upgraded":["Adaptation"]},{"damage_healed":0,"gold_gain":0,"player_choice":"Fight","damage_taken":0,"max_hp_gain":0,"max_hp_loss":0,"event_name":"MindBloom","floor":36,"gold_loss":0},{"cards_removed":["Vengeance"],"damage_healed":0,"gold_gain":0,"player_choice":"Removed Skill","damage_taken":0,"max_hp_gain":0,"max_hp_loss":0,"event_name":"Falling","floor":37,"gold_loss":0},{"damage_healed":0,"gold_gain":0,"player_choice":"Max HP","damage_taken":0,"max_hp_gain":0,"max_hp_loss":4,"event_name":"Winding Halls","floor":38,"gold_loss":0},{"damage_healed":0,"gold_gain":0,"player_choice":"Memory 1","damage_taken":0,"max_hp_gain":0,"max_hp_loss":0,"event_name":"SensoryStone","floor":44,"gold_loss":0}],"is_beta":false,"boss_relics":[{"not_picked":["Tiny House","Runic Pyramid"],"picked":"Coffee Dripper"},{"not_picked":["Cursed Key","Black Star"],"picked":"Snecko Eye"}],"items_purged_floors":[11],"is_endless":false,"potions_floor_spawned":[3,5,16,20,21,22,24,40,42],"ascension_level":9}