{"gold_per_floor":[119,69,87,102,102,102,133,133,133,133,156,194,194,227,227,351,351,367,64,64,64,64,64],"floor_reached":23,"playtime":1114,"items_purged":[],"score":328,"play_id":"e1dafdcb-0d68-4e90-a374-a124e4cedb5f","local_time":"20210708205657","is_ascension_mode":true,"campfire_choices":[{"data":"SashWhip","floor":6.0,"key":"SMITH"},{"data":"Eruption","floor":8.0,"key":"SMITH"},{"data":"ThirdEye","floor":10.0,"key":"SMITH"},{"floor":13.0,"key":"REST"},{"floor":15.0,"key":"REST"}],"neow_cost":"NONE","seed_source_timestamp":57265744804800,"circlet_count":0,"master_deck":["AscendersBane","Strike_P","Strike_P","Strike_P","Defend_P","Defend_P","Defend_P","Defend_P","Eruption+1","Vigilance+1","FlurryOfBlows","SashWhip+1","ThirdEye+1","EmptyFist","ClearTheMind","FlyingSleeves","ThirdEye","LessonLearned","Necronomicurse"],"special_seed":0,"relics":["PureWater","Potion Belt","Bloody Idol","WingedGreaves","Calipers","Pen Nib","Blue Candle","Runic Pyramid","Incense Burner","Necronomicon"],"potions_floor_usage":[],"damage_taken":[{"damage":6.0,"enemies":"Small Slimes","floor":1.0,"turns":4.0},{"damage":0.0,"enemies":"2 Louse","floor":3.0,"turns":2.0},{"damage":0.0,"enemies":"Jaw Worm","floor":4.0,"turns":3.0},{"damage":12.0,"enemies":"Gremlin Nob","floor":7.0,"turns":3.0},{"damage":7.0,"enemies":"Looter","floor":11.0,"turns":4.0},{"damage":32.0,"enemies":"3 Sentries","floor":12.0,"turns":10.0},{"damage":18.0,"enemies":"Lagavulin","floor":14.0,"turns":6.0},{"damage":20.0,"enemies":"The Guardian","floor":16.0,"turns":14.0},{"damage":7.0,"enemies":"Shell Parasite","floor":18.0,"turns":3.0},{"damage":35,"enemies":"Gremlin Leader","floor":23,"turns":5}],"seed_played":"7393783511303276767","potions_obtained":[{"floor":1.0,"key":"DistilledChaos"},{"floor":14.0,"key":"EntropicBrew"},{"floor":16.0,"key":"StancePotion"}],"is_trial":false,"path_per_floor":["M","?","M","M","?","R","E","R","T","R","M","E","R","E","R","B",null,"M","$","?","?","?","E"],"character_chosen":"WATCHER","items_purchased":["Incense Burner"],"campfire_rested":2,"item_purchase_floors":[19],"current_hp_per_floor":[59,59,59,59,59,59,47,47,47,47,40,8,28,10,30,10,53,46,46,46,30,30,0],"gold":64,"neow_bonus":"RANDOM_COMMON_RELIC","is_prod":false,"is_daily":false,"chose_seed":false,"campfire_upgraded":3,"win_rate":0,"timestamp":1625792217,"path_taken":["M","?","M","M","?","R","E","R","T","R","M","E","R","E","R","BOSS","M","$","?","?","?","E"],"build_version":"2020-12-22","purchased_purges":0,"victory":false,"max_hp_per_floor":[72,72,72,72,67,67,67,67,67,67,67,67,67,67,67,67,67,67,67,67,67,67,67],"card_choices":[{"not_picked":["Protect","Crescendo"],"picked":"FlurryOfBlows","floor":1.0},{"not_picked":["Halt","Prostrate"],"picked":"SashWhip","floor":3.0},{"not_picked":["Swivel","Prostrate"],"picked":"ThirdEye","floor":4.0},{"not_picked":["Wireheading","Study"],"picked":"EmptyFist","floor":7.0},{"not_picked":["Perseverance","Pray"],"picked":"ClearTheMind","floor":11.0},{"not_picked":["Perseverance","Devotion"],"picked":"FlyingSleeves","floor":12.0},{"not_picked":["Study","Ragnarok"],"picked":"ThirdEye","floor":14.0},{"not_picked":["Judgement","Omniscience"],"picked":"LessonLearned","floor":16.0},{"not_picked":["DeceiveReality","EmptyBody","FlyingSleeves"],"picked":"SKIP","floor":18.0}],"player_experience":448760,"relics_obtained":[{"floor":7.0,"key":"WingedGreaves"},{"floor":9.0,"key":"Calipers"},{"floor":12.0,"key":"Pen Nib"},{"floor":14.0,"key":"Blue Candle"},{"floor":21,"key":"Necronomicon"}],"event_choices":[{"cards_removed":["Strike_P"],"damage_healed":0.0,"max_hp_gain":0.0,"max_hp_loss":0.0,"gold_gain":0.0,"event_name":"The Cleric","player_choice":"Card Removal","floor":2.0,"gold_loss":50.0,"damage_taken":0.0},{"damage_healed":0.0,"max_hp_gain":0.0,"max_hp_loss":5.0,"gold_gain":0.0,"event_name":"Golden Idol","player_choice":"Lose Max HP","floor":5.0,"gold_loss":0.0,"damage_taken":0.0,"relics_obtained":["Golden Idol"]},{"damage_healed":0,"gold_gain":0,"player_choice":"Ignored","damage_taken":0,"max_hp_gain":0,"max_hp_loss":0,"event_name":"Ghosts","floor":20,"gold_loss":0},{"damage_healed":0,"gold_gain":0,"player_choice":"Obtained Book","damage_taken":16,"max_hp_gain":0,"max_hp_loss":0,"event_name":"Cursed Tome","floor":21,"gold_loss":0},{"damage_healed":0,"gold_gain":0,"player_choice":"Gave Idol","damage_taken":0,"relics_obtained":["Bloody Idol"],"max_hp_gain":0,"max_hp_loss":0,"event_name":"Forgotten Altar","floor":22,"relics_lost":["Golden Idol"],"gold_loss":0}],"is_beta":false,"boss_relics":[{"not_picked":["Ectoplasm","Calling Bell"],"picked":"Runic Pyramid"}],"items_purged_floors":[],"is_endless":false,"potions_floor_spawned":[1,14,16],"killed_by":"Gremlin Leader","ascension_level":12}