{"gold_per_floor":[115,128,142,159,176,176,190,190,190,200,200,232,250,283,283,383,383,402,418,333,77,96,128,128,158,207,32,63,74,173,173,173,269,269,288,288,307,307,83,83,111,129,206,206,33,87,99,109,109,109],"floor_reached":51,"playtime":3022,"items_purged":["Strike_P","Defend_P","Strike_P","Strike_P"],"score":1263,"play_id":"adaeacbd-3439-457f-ae4a-9402f832a6ac","local_time":"20210707002235","is_ascension_mode":true,"campfire_choices":[{"data":"SandsOfTime","floor":6.0,"key":"SMITH"},{"floor":8.0,"key":"REST"},{"floor":15.0,"key":"REST"},{"floor":24.0,"key":"REST"},{"floor":32,"key":"REST"},{"floor":40,"key":"REST"},{"floor":44,"key":"RECALL"},{"floor":49,"key":"REST"}],"neow_cost":"NONE","seed_source_timestamp":0,"circlet_count":0,"master_deck":["AscendersBane","Defend_P","Eruption","Vigilance","FollowUp","CutThroughFate","CrushJoints","SandsOfTime+1","FearNoEvil","EmptyFist","Vengeance","EmptyBody","Establishment","Vault","Wireheading","ClearTheMind","SandsOfTime","FlurryOfBlows","TalkToTheHand+1","ThirdEye","WindmillStrike","Scrawl","Decay","DeceiveReality+1","FlurryOfBlows","Crescendo","FlurryOfBlows","MentalFortress","Tantrum+1"],"special_seed":0,"relics":["Empty Cage","Yang","CloakClasp","Gremlin Horn","Black Star","Ornamental Fan","Lantern","TungstenRod","Toy Ornithopter","Anchor","Akabeko","Bag of Preparation","Bottled Flame","White Beast Statue","Fusion Hammer","HornCleat","PreservedInsect","Incense Burner"],"potions_floor_usage":[25,33,42],"damage_taken":[{"damage":3.0,"enemies":"Cultist","floor":1.0,"turns":5.0},{"damage":4.0,"enemies":"Jaw Worm","floor":2.0,"turns":4.0},{"damage":13.0,"enemies":"Small Slimes","floor":3.0,"turns":4.0},{"damage":3.0,"enemies":"Blue Slaver","floor":4.0,"turns":4.0},{"damage":6.0,"enemies":"2 Fungi Beasts","floor":5.0,"turns":3.0},{"damage":14.0,"enemies":"Exordium Thugs","floor":7.0,"turns":6.0},{"damage":0.0,"enemies":"Large Slime","floor":10.0,"turns":4.0},{"damage":16.0,"enemies":"Gremlin Nob","floor":12.0,"turns":3.0},{"damage":0.0,"enemies":"2 Fungi Beasts","floor":13.0,"turns":2.0},{"damage":0.0,"enemies":"Lagavulin","floor":14.0,"turns":3.0},{"damage":12.0,"enemies":"The Guardian","floor":16.0,"turns":9.0},{"damage":9.0,"enemies":"Shell Parasite","floor":18.0,"turns":6.0},{"damage":10.0,"enemies":"3 Byrds","floor":19.0,"turns":6.0},{"damage":13.0,"enemies":"Snake Plant","floor":22.0,"turns":4.0},{"damage":33.0,"enemies":"Book of Stabbing","floor":23.0,"turns":6.0},{"damage":20,"enemies":"Slavers","floor":25,"turns":4},{"damage":11,"enemies":"Gremlin Leader","floor":28,"turns":6},{"damage":0,"enemies":"Cultist and Chosen","floor":29,"turns":3},{"damage":66,"enemies":"Automaton","floor":33,"turns":9},{"damage":9,"enemies":"3 Shapes","floor":35,"turns":5},{"damage":11,"enemies":"Orb Walker","floor":37,"turns":3},{"damage":0,"enemies":"Reptomancer","floor":41,"turns":4},{"damage":0,"enemies":"Writhing Mass","floor":42,"turns":5},{"damage":0,"enemies":"2 Orb Walkers","floor":46,"turns":4},{"damage":5,"enemies":"Spire Growth","floor":47,"turns":5},{"damage":6,"enemies":"4 Shapes","floor":48,"turns":5},{"damage":0,"enemies":"Time Eater","floor":50,"turns":11}],"seed_played":"-2952516204401772976","potions_obtained":[{"floor":3.0,"key":"BlessingOfTheForge"},{"floor":11.0,"key":"Regen Potion"},{"floor":11.0,"key":"Strength Potion"},{"floor":12.0,"key":"Swift Potion"},{"floor":19.0,"key":"FairyPotion"},{"floor":23.0,"key":"Strength Potion"},{"floor":25,"key":"SpeedPotion"},{"floor":28,"key":"Block Potion"},{"floor":33,"key":"DistilledChaos"},{"floor":35,"key":"StancePotion"},{"floor":42,"key":"Swift Potion"},{"floor":48,"key":"Fruit Juice"}],"is_trial":false,"path_per_floor":["M","M","M","M","M","R","M","R","T","M","?","E","M","E","R","B",null,"M","M","?","$","M","E","R","E","T","$","E","M","?","?","R","B",null,"M","?","M","?","$","R","E","M","T","R","$","?","M","M","R","B",null],"character_chosen":"WATCHER","items_purchased":["Lantern","SandsOfTime","WindmillStrike","FlurryOfBlows","Crescendo","FlurryOfBlows"],"campfire_rested":6,"item_purchase_floors":[21,21,27,39,39,45],"current_hp_per_floor":[62,58,45,42,36,36,22,43,43,43,43,27,27,27,48,36,63,68,58,58,58,45,12,33,18,18,18,7,7,7,7,28,21,59,50,50,39,39,39,59,59,64,64,64,64,64,59,53,68,68],"gold":109,"neow_bonus":"BOSS_RELIC","is_prod":false,"is_daily":false,"chose_seed":false,"campfire_upgraded":1,"win_rate":0,"timestamp":1625631755,"path_taken":["M","M","?","M","?","R","M","R","T","M","?","E","M","E","R","BOSS","M","M","?","$","M","E","R","E","T","$","E","M","?","?","R","BOSS","M","?","M","?","$","R","E","M","T","R","$","?","M","M","R","BOSS"],"build_version":"2020-12-22","purchased_purges":4,"victory":true,"max_hp_per_floor":[72,72,72,72,72,72,72,72,72,72,72,72,72,72,72,72,72,72,72,72,72,72,72,72,72,72,72,72,72,72,72,72,72,72,72,68,68,68,68,68,68,68,68,68,68,68,68,68,68,68],"card_choices":[{"not_picked":["Protect","FollowUp","PathToVictory"],"picked":"SKIP","floor":1.0},{"not_picked":["Protect","PathToVictory"],"picked":"FollowUp","floor":1.0},{"not_picked":["WreathOfFlame","Consecrate"],"picked":"CutThroughFate","floor":2.0},{"not_picked":["Sanctity","SashWhip"],"picked":"CrushJoints","floor":3.0},{"not_picked":["PathToVictory","EmptyFist"],"picked":"SandsOfTime","floor":4.0},{"not_picked":["Wish","Fasting2","PathToVictory"],"picked":"SKIP","floor":5.0},{"not_picked":["BowlingBash","InnerPeace"],"picked":"FearNoEvil","floor":7.0},{"not_picked":["FlurryOfBlows","Halt"],"picked":"EmptyFist","floor":10.0},{"not_picked":["Wireheading","Pray"],"picked":"Vengeance","floor":12.0},{"not_picked":["BattleHymn","Vengeance"],"picked":"EmptyBody","floor":13.0},{"not_picked":["BowlingBash","ForeignInfluence"],"picked":"Establishment","floor":14.0},{"not_picked":["Omniscience","LessonLearned"],"picked":"Vault","floor":16.0},{"not_picked":["PathToVictory","Nirvana"],"picked":"Wireheading","floor":18.0},{"not_picked":["ThirdEye","SashWhip+1"],"picked":"ClearTheMind","floor":19.0},{"not_picked":["JustLucky+1","ThirdEye"],"picked":"FlurryOfBlows","floor":22.0},{"not_picked":["Evaluate","CutThroughFate"],"picked":"TalkToTheHand+1","floor":23.0},{"not_picked":["Crescendo","InnerPeace"],"picked":"ThirdEye","floor":25},{"not_picked":["SashWhip","WreathOfFlame","Swivel"],"picked":"SKIP","floor":28},{"not_picked":["Sanctity","EmptyFist"],"picked":"Scrawl","floor":29},{"not_picked":["Fasting2","BowlingBash+1","PathToVictory+1"],"picked":"SKIP","floor":35},{"not_picked":["Consecrate+1","SignatureMove+1"],"picked":"DeceiveReality+1","floor":37},{"not_picked":["Pray","SashWhip+1","BowlingBash"],"picked":"SKIP","floor":41},{"not_picked":["CarveReality","ThirdEye","Worship+1"],"picked":"SKIP","floor":42},{"not_picked":["Study","Meditate"],"picked":"MentalFortress","floor":46},{"not_picked":["Vengeance+1","SashWhip+1","Prostrate+1"],"picked":"SKIP","floor":47},{"not_picked":["EmptyFist+1","Weave"],"picked":"Tantrum+1","floor":48}],"player_experience":445738,"relics_obtained":[{"floor":9.0,"key":"Yang"},{"floor":12.0,"key":"CloakClasp"},{"floor":14.0,"key":"Gremlin Horn"},{"floor":23.0,"key":"TungstenRod"},{"floor":23.0,"key":"Toy Ornithopter"},{"floor":25,"key":"Anchor"},{"floor":25,"key":"Akabeko"},{"floor":26,"key":"Bag of Preparation"},{"floor":28,"key":"Bottled Flame"},{"floor":28,"key":"White Beast Statue"},{"floor":41,"key":"HornCleat"},{"floor":41,"key":"PreservedInsect"},{"floor":46,"key":"Incense Burner"}],"event_choices":[{"damage_healed":0.0,"max_hp_gain":0.0,"max_hp_loss":0.0,"gold_gain":0.0,"event_name":"Lab","player_choice":"Got Potions","floor":11.0,"gold_loss":0.0,"damage_taken":0.0},{"damage_healed":0.0,"max_hp_gain":0.0,"max_hp_loss":0.0,"gold_gain":0.0,"event_name":"Addict","player_choice":"Obtained Relic","floor":20.0,"gold_loss":85.0,"damage_taken":0.0,"relics_obtained":["Ornamental Fan"]},{"damage_healed":0,"gold_gain":99,"player_choice":"Stole From Cult","damage_taken":0,"max_hp_gain":0,"max_hp_loss":0,"event_name":"Nest","floor":30,"gold_loss":0},{"damage_healed":0,"gold_gain":0,"player_choice":"Smashed Altar","damage_taken":0,"max_hp_gain":0,"max_hp_loss":0,"event_name":"Forgotten Altar","floor":31,"gold_loss":0,"cards_obtained":["Decay"]},{"damage_healed":0,"gold_gain":0,"player_choice":"Max HP","damage_taken":0,"max_hp_gain":0,"max_hp_loss":4,"event_name":"Winding Halls","floor":36,"gold_loss":0},{"cards_removed":["Defend_P"],"damage_healed":0,"gold_gain":0,"player_choice":"Removed Skill","damage_taken":0,"max_hp_gain":0,"max_hp_loss":0,"event_name":"Falling","floor":38,"gold_loss":0},{"damage_healed":0,"gold_gain":0,"player_choice":"Fight","damage_taken":0,"max_hp_gain":0,"max_hp_loss":0,"event_name":"Mysterious Sphere","floor":46,"gold_loss":0}],"is_beta":false,"boss_relics":[{"not_picked":["Tiny House","Busted Crown"],"picked":"Black Star"},{"not_picked":["Sozu","Velvet Choker"],"picked":"Fusion Hammer"}],"items_purged_floors":[21,27,39,45],"is_endless":false,"potions_floor_spawned":[3,12,13,16,19,23,25,28,29,33,35,37,41,42,46,47,48],"ascension_level":11}