{"gold_per_floor":[115,125,125,200,217,217,233,258,258,258,258,278,310,329,329,426,426,442,181,181,181,181,181,196,226,226,257,172,202,215,12,12,112,112,125,140,155,14,34,64,82,109,109,124,152,152,152,26,26,26,26,26,9,44,44],"floor_reached":56,"playtime":4909,"items_purged":["Defend_P","Defend_P","Strike_P"],"score":1834,"play_id":"f989bb94-34e7-4825-bce9-e058de4aa12c","local_time":"20210702003609","is_ascension_mode":true,"campfire_choices":[{"data":"Eruption","floor":6.0,"key":"SMITH"},{"data":"FlurryOfBlows","floor":10.0,"key":"SMITH"},{"data":"ThirdEye","floor":15,"key":"SMITH"},{"data":"Blasphemy","floor":23,"key":"SMITH"},{"data":"WheelKick","floor":32,"key":"SMITH"},{"floor":49,"key":"RECALL"},{"data":"MentalFortress","floor":52,"key":"SMITH"}],"neow_cost":"NONE","seed_source_timestamp":1419746680335900,"circlet_count":0,"master_deck":["Strike_P","Strike_P","Defend_P","Eruption+1","Vigilance","WheelKick+1","FlurryOfBlows+1","Crescendo","LikeWater","ClearTheMind","ThirdEye+1","FlurryOfBlows","Blasphemy+1","CutThroughFate+1","InnerPeace","Adaptation","Indignation+1","Halt+1","SandsOfTime+1","Adaptation","EmptyBody+1","FlurryOfBlows+1","ThirdEye+1","EmptyFist+1","FlurryOfBlows+1","MentalFortress","Secret Technique","MentalFortress+1","CarveReality+1"],"special_seed":0,"relics":["Coffee Dripper","Matryoshka","Mango","Anchor","Incense Burner","Akabeko","Philosopher\u0027s Stone","Membership Card","Nunchaku","Lantern","Strawberry","Dead Branch","Molten Egg 2","InkBottle","Kunai","HandDrill","Empty Cage","War Paint","Torii","Oddly Smooth Stone","Bag of Preparation","Pen Nib"],"potions_floor_usage":[13,29,33,39,39,55,55,55,55,55],"damage_taken":[{"damage":0.0,"enemies":"Cultist","floor":1.0,"turns":2.0},{"damage":0.0,"enemies":"2 Louse","floor":2.0,"turns":2.0},{"damage":2.0,"enemies":"Jaw Worm","floor":5.0,"turns":3.0},{"damage":4.0,"enemies":"Exordium Thugs","floor":7.0,"turns":3.0},{"damage":10.0,"enemies":"Lagavulin","floor":8.0,"turns":5.0},{"damage":2,"enemies":"Looter","floor":12,"turns":2},{"damage":9,"enemies":"Gremlin Nob","floor":13,"turns":4},{"damage":0,"enemies":"2 Fungi Beasts","floor":14,"turns":2},{"damage":1,"enemies":"Slime Boss","floor":16,"turns":8},{"damage":0,"enemies":"Shell Parasite","floor":18,"turns":1},{"damage":0,"enemies":"2 Thieves","floor":24,"turns":2},{"damage":0,"enemies":"Gremlin Leader","floor":25,"turns":3},{"damage":0,"enemies":"Book of Stabbing","floor":27,"turns":3},{"damage":11,"enemies":"Gremlin Leader","floor":29,"turns":5},{"damage":0,"enemies":"Centurion and Healer","floor":30,"turns":4},{"damage":2,"enemies":"Champ","floor":33,"turns":4},{"damage":0,"enemies":"Orb Walker","floor":35,"turns":2},{"damage":0,"enemies":"3 Darklings","floor":36,"turns":2},{"damage":0,"enemies":"Sphere and 2 Shapes","floor":37,"turns":3},{"damage":0,"enemies":"Transient","floor":39,"turns":5},{"damage":1,"enemies":"Giant Head","floor":40,"turns":6},{"damage":0,"enemies":"3 Darklings","floor":41,"turns":2},{"damage":0,"enemies":"Reptomancer","floor":42,"turns":4},{"damage":0,"enemies":"Maw","floor":44,"turns":4},{"damage":0,"enemies":"Nemesis","floor":45,"turns":3},{"damage":0,"enemies":"Donu and Deca","floor":50,"turns":5},{"damage":26,"enemies":"Shield and Spear","floor":54,"turns":3},{"damage":39,"enemies":"The Heart","floor":55,"turns":6}],"seed_played":"2548460428701241128","potions_obtained":[{"floor":1.0,"key":"Ancient Potion"},{"floor":11.0,"key":"CultistPotion"},{"floor":11.0,"key":"Energy Potion"},{"floor":12,"key":"Weak Potion"},{"floor":13,"key":"SkillPotion"},{"floor":25,"key":"Weak Potion"},{"floor":30,"key":"EntropicBrew"},{"floor":36,"key":"SkillPotion"},{"floor":39,"key":"DistilledChaos"},{"floor":40,"key":"DistilledChaos"},{"floor":41,"key":"BlessingOfTheForge"}],"is_trial":false,"path_per_floor":["M","M","?","?","M","R","M","E","T","R","?","M","E","M","R","B",null,"M","$","?","?","?","R","M","E","T","E","?","E","M","$","R","B",null,"M","M","M","$","M","E","M","E","T","M","E","?","?","$","R","B",null,"R","$","E","B",null],"character_chosen":"WATCHER","items_purchased":["Membership Card","Nunchaku","SandsOfTime+1","Adaptation","HandDrill","War Paint","Bag of Preparation","MentalFortress","StancePotion","CarveReality+1"],"campfire_rested":0,"item_purchase_floors":[19,19,31,31,31,38,48,48,48,53],"current_hp_per_floor":[65,65,62,51,49,49,45,49,49,49,49,47,38,38,38,37,74,74,74,57,57,57,57,57,57,64,64,64,53,53,53,53,51,86,86,86,86,86,86,85,85,85,85,85,85,85,85,85,85,85,95,95,95,69,30],"gold":44,"neow_bonus":"BOSS_RELIC","is_prod":false,"is_daily":false,"chose_seed":false,"campfire_upgraded":6,"win_rate":0,"timestamp":1625200569,"path_taken":["M","M","?","?","M","R","M","E","T","R","?","?","E","M","R","BOSS","M","$","?","?","?","R","?","E","T","E","?","E","M","$","R","BOSS","M","M","M","$","M","E","M","E","T","M","E","?","?","?","R","BOSS","R","$","E","BOSS"],"build_version":"2020-12-22","purchased_purges":3,"victory":true,"max_hp_per_floor":[72,72,72,72,72,72,72,86,86,86,86,86,86,86,86,86,86,86,86,91,91,91,91,91,91,98,98,98,98,98,98,98,98,98,98,98,98,98,98,98,98,98,98,98,98,98,98,98,98,98,98,98,98,98,98],"card_choices":[{"not_picked":["Wireheading","CrushJoints"],"picked":"WheelKick","floor":1.0},{"not_picked":["Fasting2","Consecrate"],"picked":"FlurryOfBlows","floor":2.0},{"not_picked":["Swivel","EmptyBody"],"picked":"Crescendo","floor":5.0},{"not_picked":["Protect","Perseverance","Consecrate"],"picked":"SKIP","floor":7.0},{"not_picked":["ClearTheMind","CutThroughFate"],"picked":"LikeWater","floor":8.0},{"not_picked":["Perseverance","WheelKick"],"picked":"ClearTheMind","floor":12},{"not_picked":["Wallop","Worship"],"picked":"ThirdEye","floor":13},{"not_picked":["FollowUp","Consecrate"],"picked":"FlurryOfBlows","floor":14},{"not_picked":["Scrawl","ConjureBlade"],"picked":"Blasphemy","floor":16},{"not_picked":["ReachHeaven","FlyingSleeves"],"picked":"CutThroughFate+1","floor":18},{"not_picked":["Protect","Brilliance"],"picked":"InnerPeace","floor":24},{"not_picked":["EmptyMind+1","Prostrate"],"picked":"Adaptation","floor":25},{"not_picked":["Evaluate+1","Brilliance+1","ReachHeaven+1"],"picked":"SKIP","floor":27},{"not_picked":["BattleHymn","SignatureMove+1"],"picked":"Indignation","floor":29},{"not_picked":["PathToVictory","Evaluate"],"picked":"Halt","floor":30},{"not_picked":["WreathOfFlame","Worship"],"picked":"EmptyBody+1","floor":35},{"not_picked":["Evaluate+1","Perseverance+1"],"picked":"FlurryOfBlows+1","floor":36},{"not_picked":["SashWhip+1","FollowUp+1"],"picked":"ThirdEye+1","floor":37},{"not_picked":["Prostrate","EmptyMind","EmptyBody"],"picked":"SKIP","floor":39},{"not_picked":["Indignation+1","BowlingBash+1","Vengeance"],"picked":"SKIP","floor":40},{"not_picked":["EmptyBody","ThirdEye+1"],"picked":"EmptyFist+1","floor":41},{"not_picked":["Perseverance","FlyingSleeves+1"],"picked":"FlurryOfBlows+1","floor":42},{"not_picked":["JustLucky+1","Devotion","ClearTheMind+1"],"picked":"SKIP","floor":44},{"not_picked":["Tantrum+1","FlyingSleeves+1"],"picked":"MentalFortress","floor":45},{"not_picked":["Purity","Violence"],"picked":"Secret Technique","floor":47},{"not_picked":["DeusExMachina","Pray+1","Crescendo+1"],"picked":"SKIP","floor":54}],"player_experience":422316,"relics_obtained":[{"floor":8.0,"key":"Mango"},{"floor":9.0,"key":"Anchor"},{"floor":9.0,"key":"Incense Burner"},{"floor":13,"key":"Akabeko"},{"floor":25,"key":"Lantern"},{"floor":26,"key":"Strawberry"},{"floor":26,"key":"Dead Branch"},{"floor":27,"key":"Molten Egg 2"},{"floor":29,"key":"Kunai"},{"floor":40,"key":"Torii"},{"floor":42,"key":"Oddly Smooth Stone"},{"floor":54,"key":"Pen Nib"}],"event_choices":[{"damage_healed":0.0,"max_hp_gain":0.0,"max_hp_loss":0.0,"gold_gain":0.0,"event_name":"Scrap Ooze","player_choice":"Success","floor":3.0,"gold_loss":0.0,"damage_taken":3.0,"relics_obtained":["Matryoshka"]},{"damage_healed":0.0,"max_hp_gain":0.0,"max_hp_loss":0.0,"gold_gain":75.0,"event_name":"World of Goop","player_choice":"Gather Gold","floor":4.0,"gold_loss":0.0,"damage_taken":11.0},{"damage_healed":0.0,"max_hp_gain":0.0,"max_hp_loss":0.0,"gold_gain":0.0,"event_name":"Lab","player_choice":"Got Potions","floor":11.0,"gold_loss":0.0,"damage_taken":0.0},{"damage_healed":0,"gold_gain":0,"player_choice":"Shed Blood","damage_taken":22,"max_hp_gain":5,"max_hp_loss":0,"event_name":"Forgotten Altar","floor":20,"gold_loss":0},{"damage_healed":0,"gold_gain":0,"player_choice":"Ignored","damage_taken":0,"max_hp_gain":0,"max_hp_loss":0,"event_name":"Vampires","floor":21,"gold_loss":0},{"damage_healed":0,"gold_gain":0,"player_choice":"Ignored","damage_taken":0,"max_hp_gain":0,"max_hp_loss":0,"event_name":"Cursed Tome","floor":22,"gold_loss":0},{"damage_healed":0,"gold_gain":0,"player_choice":"Obtained Relic","damage_taken":0,"relics_obtained":["InkBottle"],"max_hp_gain":0,"max_hp_loss":0,"event_name":"Addict","floor":28,"gold_loss":85},{"damage_healed":0,"gold_gain":0,"player_choice":"Ignored","damage_taken":0,"max_hp_gain":0,"max_hp_loss":0,"event_name":"Tomb of Lord Red Mask","floor":46,"gold_loss":0},{"damage_healed":0,"gold_gain":0,"player_choice":"Memory 1","damage_taken":0,"max_hp_gain":0,"max_hp_loss":0,"event_name":"SensoryStone","floor":47,"gold_loss":0}],"is_beta":false,"boss_relics":[{"not_picked":["Ectoplasm","Runic Dome"],"picked":"Philosopher\u0027s Stone"},{"not_picked":["Snecko Eye","Black Star"],"picked":"Empty Cage"}],"items_purged_floors":[19,31,38],"is_endless":false,"potions_floor_spawned":[1,12,13,25,30,36,37,39,40,41,45],"ascension_level":6}