{"gold_per_floor":[116,66,40,55,55,55,82,82,152,184,184,204,204,221,221,318,318,329,329,340,320,339,339,355,388,388,14,14,31,65,80,80,179,179,189,204,215,215,21,21,53,67,67,67,100,100,134,152,152,152],"floor_reached":50,"playtime":2932,"items_purged":["Strike_P"],"score":882,"play_id":"e6caa6fe-33b2-489b-b823-88726b7f5777","local_time":"20210704195047","is_ascension_mode":true,"campfire_choices":[{"data":"Eruption","floor":6.0,"key":"SMITH"},{"data":"WheelKick","floor":8.0,"key":"SMITH"},{"data":"Vigilance","floor":13.0,"key":"SMITH"},{"data":"Crescendo","floor":15.0,"key":"SMITH"},{"data":"Devotion","floor":23.0,"key":"SMITH"},{"floor":28.0,"key":"REST"},{"data":"Prostrate","floor":32.0,"key":"SMITH"},{"floor":40.0,"key":"REST"},{"data":"MentalFortress","floor":44.0,"key":"SMITH"},{"data":"Devotion","floor":46.0,"key":"SMITH"},{"floor":49,"key":"REST"}],"neow_cost":"TEN_PERCENT_HP_LOSS","seed_source_timestamp":1663658904383600,"circlet_count":0,"master_deck":["Strike_P","Strike_P","Defend_P","Defend_P","Eruption+1","Vigilance+1","FlyingSleeves","FlurryOfBlows","WheelKick+1","Vengeance","SashWhip+1","Crescendo+1","Devotion+1","CurseOfTheBell","Prostrate+1","FlurryOfBlows+1","Evaluate+1","Halt+1","FearNoEvil","EmptyFist+1","CrushJoints+1","ThirdEye+1","Devotion+1","WheelKick+1","FlurryOfBlows+1","CutThroughFate+1","MentalFortress+1","CutThroughFate+1","WindmillStrike+1"],"special_seed":0,"relics":["PureWater","Blood Vial","Darkstone Periapt","White Beast Statue","Meat on the Bone","FossilizedHelix","Nloth\u0027s Gift","Sundial","Molten Egg 2","Bottled Tornado","Matryoshka","SlaversCollar","Membership Card","Bottled Lightning","Strawberry","MealTicket","Omamori","Pocketwatch"],"potions_floor_usage":[48,50],"damage_taken":[{"damage":0.0,"enemies":"2 Louse","floor":1.0,"turns":3.0},{"damage":7.0,"enemies":"Jaw Worm","floor":4.0,"turns":3.0},{"damage":24.0,"enemies":"Gremlin Nob","floor":7.0,"turns":4.0},{"damage":0.0,"enemies":"Lagavulin","floor":10.0,"turns":3.0},{"damage":0.0,"enemies":"Cultist","floor":12.0,"turns":2.0},{"damage":1.0,"enemies":"Looter","floor":14.0,"turns":2.0},{"damage":26.0,"enemies":"The Guardian","floor":16.0,"turns":7.0},{"damage":0.0,"enemies":"Shell Parasite","floor":18.0,"turns":3.0},{"damage":26.0,"enemies":"3 Byrds","floor":20.0,"turns":6.0},{"damage":0.0,"enemies":"Sentry and Sphere","floor":22.0,"turns":3.0},{"damage":4.0,"enemies":"Cultist and Chosen","floor":24.0,"turns":4.0},{"damage":19.0,"enemies":"Slavers","floor":25.0,"turns":4.0},{"damage":0.0,"enemies":"Snecko","floor":29.0,"turns":3.0},{"damage":20.0,"enemies":"Gremlin Leader","floor":30.0,"turns":5.0},{"damage":6.0,"enemies":"Snake Plant","floor":31.0,"turns":3.0},{"damage":15.0,"enemies":"Collector","floor":33.0,"turns":6.0},{"damage":27.0,"enemies":"3 Darklings","floor":35.0,"turns":6.0},{"damage":9.0,"enemies":"Orb Walker","floor":36.0,"turns":3.0},{"damage":24.0,"enemies":"Sphere and 2 Shapes","floor":37.0,"turns":4.0},{"damage":8.0,"enemies":"Giant Head","floor":41.0,"turns":6.0},{"damage":14.0,"enemies":"Writhing Mass","floor":42.0,"turns":7.0},{"damage":3.0,"enemies":"Nemesis","floor":45.0,"turns":5.0},{"damage":0,"enemies":"Giant Head","floor":47,"turns":6},{"damage":8,"enemies":"Maw","floor":48,"turns":5},{"damage":76,"enemies":"Awakened One","floor":50,"turns":6}],"seed_played":"-6531394813618681711","potions_obtained":[{"floor":7.0,"key":"SteroidPotion"},{"floor":10.0,"key":"EssenceOfSteel"},{"floor":12.0,"key":"FearPotion"},{"floor":16.0,"key":"Ancient Potion"},{"floor":18.0,"key":"Swift Potion"},{"floor":20.0,"key":"Energy Potion"},{"floor":21.0,"key":"PowerPotion"},{"floor":24.0,"key":"DistilledChaos"},{"floor":30.0,"key":"SpeedPotion"},{"floor":31.0,"key":"Block Potion"},{"floor":33.0,"key":"Weak Potion"},{"floor":35.0,"key":"Swift Potion"},{"floor":37.0,"key":"Fire Potion"},{"floor":42.0,"key":"GamblersBrew"},{"floor":45.0,"key":"StancePotion"},{"floor":47,"key":"DistilledChaos"},{"floor":48,"key":"Ancient Potion"}],"is_trial":false,"path_per_floor":["M","?","$","M","$","R","E","R","T","E","?","M","R","M","R","B",null,"M","?","M","?","M","R","M","E","T","$","R","M","E","M","R","B",null,"M","M","M","?","$","R","E","M","T","R","E","R","E","M","R","B"],"character_chosen":"WATCHER","items_purchased":["FlurryOfBlows","Bottled Tornado","EmptyFist+1","Membership Card","MentalFortress"],"campfire_rested":3,"item_purchase_floors":[3,27,27,39,39],"current_hp_per_floor":[65,65,65,58,58,58,34,34,34,36,36,38,38,39,39,15,59,61,61,37,37,39,39,37,32,32,32,53,55,37,45,45,44,64,39,44,34,34,34,55,49,37,44,44,43,43,45,51,74,0],"gold":152,"neow_bonus":"REMOVE_TWO","is_prod":false,"is_daily":false,"chose_seed":false,"campfire_upgraded":8,"win_rate":0,"timestamp":1625442647,"path_taken":["M","?","$","M","?","R","E","R","T","E","?","M","R","?","R","BOSS","M","?","?","?","M","R","M","E","T","$","R","M","E","M","R","BOSS","M","?","M","?","?","R","E","M","T","R","E","R","E","?","R","BOSS"],"build_version":"2020-12-22","purchased_purges":1,"victory":false,"max_hp_per_floor":[65,65,65,65,65,65,65,65,65,65,65,65,65,65,65,65,71,71,71,71,71,71,71,71,71,71,71,71,71,71,71,71,71,71,71,71,71,71,71,71,71,71,78,78,78,78,78,78,78,78],"card_choices":[{"not_picked":["JustLucky","EmptyBody"],"picked":"FlyingSleeves","floor":1.0},{"not_picked":["Pray","BowlingBash"],"picked":"WheelKick","floor":4.0},{"not_picked":["Evaluate","FollowUp"],"picked":"Vengeance","floor":7.0},{"not_picked":["PathToVictory","Wish"],"picked":"SashWhip","floor":10.0},{"not_picked":["Protect","BowlingBash"],"picked":"Crescendo","floor":12.0},{"not_picked":["JustLucky","SignatureMove","CrushJoints"],"picked":"SKIP","floor":14.0},{"not_picked":["DevaForm","Establishment"],"picked":"Devotion","floor":16.0},{"not_picked":["Protect+1","ClearTheMind"],"picked":"Prostrate","floor":18.0},{"not_picked":["ThirdEye+1","Wireheading"],"picked":"FlurryOfBlows+1","floor":20.0},{"not_picked":["ThirdEye","Consecrate"],"picked":"Evaluate+1","floor":22.0},{"not_picked":["FlurryOfBlows","Wallop"],"picked":"Halt+1","floor":24.0},{"not_picked":["WreathOfFlame","Meditate"],"picked":"FearNoEvil","floor":25.0},{"not_picked":["Halt","WaveOfTheHand","JustLucky+1"],"picked":"SKIP","floor":29.0},{"not_picked":["Halt","WaveOfTheHand","JustLucky+1"],"picked":"SKIP","floor":29.0},{"not_picked":["Meditate","EmptyFist+1"],"picked":"CrushJoints+1","floor":30.0},{"not_picked":["Nirvana+1","EmptyBody"],"picked":"ThirdEye+1","floor":31.0},{"not_picked":["MasterReality","LessonLearned+1"],"picked":"Devotion","floor":33.0},{"not_picked":["SashWhip+1","Halt+1"],"picked":"WheelKick+1","floor":35.0},{"not_picked":["CrushJoints+1","EmptyBody+1"],"picked":"FlurryOfBlows+1","floor":36.0},{"not_picked":["Wireheading+1","Protect"],"picked":"CutThroughFate+1","floor":37.0},{"not_picked":["Halt+1","CrushJoints+1","LessonLearned+1"],"picked":"SKIP","floor":41.0},{"not_picked":["Prostrate+1","Halt+1"],"picked":"CutThroughFate+1","floor":42.0},{"not_picked":["Worship","MentalFortress"],"picked":"WindmillStrike+1","floor":45.0},{"not_picked":["FlyingSleeves+1","Fasting2","Indignation"],"picked":"SKIP","floor":47},{"not_picked":["ClearTheMind+1","DeceiveReality","CutThroughFate+1"],"picked":"SKIP","floor":48}],"player_experience":433623,"relics_obtained":[{"floor":7.0,"key":"Blood Vial"},{"floor":9.0,"key":"Darkstone Periapt"},{"floor":10.0,"key":"White Beast Statue"},{"floor":17.0,"key":"Meat on the Bone"},{"floor":17.0,"key":"FossilizedHelix"},{"floor":25.0,"key":"Sundial"},{"floor":26.0,"key":"Molten Egg 2"},{"floor":30.0,"key":"Matryoshka"},{"floor":41.0,"key":"Bottled Lightning"},{"floor":43.0,"key":"Strawberry"},{"floor":43.0,"key":"MealTicket"},{"floor":45.0,"key":"Omamori"},{"floor":47,"key":"Pocketwatch"}],"event_choices":[{"cards_removed":["Defend_P"],"damage_healed":0.0,"max_hp_gain":0.0,"max_hp_loss":0.0,"gold_gain":0.0,"event_name":"The Cleric","player_choice":"Card Removal","floor":2.0,"gold_loss":50.0,"damage_taken":0.0},{"damage_healed":0.0,"max_hp_gain":0.0,"max_hp_loss":0.0,"gold_gain":0.0,"event_name":"Accursed Blacksmith","player_choice":"Forge","floor":11.0,"gold_loss":0.0,"damage_taken":0.0,"cards_upgraded":["SashWhip"]},{"damage_healed":0.0,"max_hp_gain":0.0,"max_hp_loss":0.0,"gold_gain":0.0,"event_name":"N\u0027loth","player_choice":"Traded Relic","floor":19.0,"relics_lost":["Calling Bell"],"gold_loss":0.0,"damage_taken":0.0,"relics_obtained":["Nloth\u0027s Gift"]},{"damage_healed":0.0,"max_hp_gain":0.0,"max_hp_loss":0.0,"gold_gain":0.0,"event_name":"The Woman in Blue","player_choice":"Bought 1 Potion","floor":21.0,"gold_loss":0.0,"damage_taken":0.0},{"damage_healed":0.0,"max_hp_gain":0.0,"max_hp_loss":0.0,"gold_gain":0.0,"event_name":"Tomb of Lord Red Mask","player_choice":"Ignored","floor":38.0,"gold_loss":0.0,"damage_taken":0.0}],"is_beta":false,"boss_relics":[{"not_picked":["Tiny House","Velvet Choker"],"picked":"Calling Bell"},{"not_picked":["VioletLotus","Snecko Eye"],"picked":"SlaversCollar"}],"items_purged_floors":[27],"is_endless":false,"potions_floor_spawned":[7,10,12,14,16,18,20,22,24,25,29,30,31,33,35,36,37,41,42,45,47,48],"killed_by":"Awakened One","ascension_level":8}