{"gold_per_floor":[215,165,0,10,10,10,39,54,54,82,82,114,114,128,128,232,232,245,245,170,18,18,18,18],"floor_reached":24,"playtime":1915,"items_purged":["Defend_P"],"score":348,"play_id":"871e3acc-8f49-48a3-9417-25ca802933ba","local_time":"20210708213751","is_ascension_mode":true,"campfire_choices":[{"data":"Eruption","floor":6.0,"key":"SMITH"},{"floor":13,"key":"REST"},{"data":"EmptyFist","floor":15,"key":"SMITH"},{"data":"SpiritShield","floor":23,"key":"SMITH"}],"neow_cost":"NONE","seed_source_timestamp":58949951026600,"circlet_count":0,"master_deck":["AscendersBane","Strike_P","Strike_P","Defend_P","Defend_P","Eruption+1","Vigilance","ThirdEye","Vengeance","BowlingBash","MentalFortress","FlurryOfBlows","Consecrate","InnerPeace","ThirdEye","EmptyFist+1","Nirvana","SpiritShield+1","Ghostly","Ghostly","Ghostly","Ghostly","Ghostly"],"special_seed":0,"relics":["PureWater","Prayer Wheel","Calipers","Happy Flower","Snecko Eye","Anchor"],"potions_floor_usage":[12,16,16],"damage_taken":[{"damage":0.0,"enemies":"Small Slimes","floor":1.0,"turns":3.0},{"damage":2.0,"enemies":"Jaw Worm","floor":4.0,"turns":4.0},{"damage":32.0,"enemies":"Gremlin Nob","floor":7.0,"turns":3.0},{"damage":0.0,"enemies":"Cultist","floor":8.0,"turns":4.0},{"damage":10.0,"enemies":"3 Sentries","floor":10.0,"turns":5.0},{"damage":1,"enemies":"Blue Slaver","floor":12,"turns":3},{"damage":10,"enemies":"Looter","floor":14,"turns":3},{"damage":26,"enemies":"Hexaghost","floor":16,"turns":10},{"damage":15,"enemies":"Shell Parasite","floor":18,"turns":6},{"damage":53,"enemies":"Gremlin Leader","floor":24,"turns":12}],"seed_played":"8197949339433533454","potions_obtained":[{"floor":8.0,"key":"LiquidBronze"},{"floor":11.0,"key":"ColorlessPotion"},{"floor":12,"key":"EssenceOfSteel"}],"is_trial":false,"path_per_floor":["M","?","$","M","?","R","E","M","T","E","?","M","R","M","R","B",null,"M","?","?","$","?","R","E"],"character_chosen":"WATCHER","items_purchased":["Vengeance","Swift Potion","Anchor"],"campfire_rested":1,"item_purchase_floors":[3,3,21],"current_hp_per_floor":[65,65,65,63,63,63,31,31,31,21,21,20,41,31,31,5,55,40,36,36,36,32,32,0],"gold":18,"neow_bonus":"HUNDRED_GOLD","is_prod":false,"is_daily":false,"chose_seed":false,"campfire_upgraded":3,"win_rate":0,"timestamp":1625794671,"path_taken":["M","?","$","M","?","R","E","M","T","E","?","M","R","?","R","BOSS","M","?","?","?","?","R","E"],"build_version":"2020-12-22","purchased_purges":1,"victory":false,"max_hp_per_floor":[72,72,72,72,72,72,72,72,72,72,72,72,72,72,72,72,72,72,36,36,36,41,41,41],"card_choices":[{"not_picked":["Protect","EmptyBody"],"picked":"ThirdEye","floor":1.0},{"not_picked":["PathToVictory","Evaluate"],"picked":"BowlingBash","floor":4.0},{"not_picked":["Perseverance","SashWhip"],"picked":"FlurryOfBlows","floor":7.0},{"not_picked":["Halt","ReachHeaven"],"picked":"Consecrate","floor":8.0},{"not_picked":["WreathOfFlame","FlyingSleeves"],"picked":"InnerPeace","floor":8.0},{"not_picked":["Conclude","SpiritShield"],"picked":"ThirdEye","floor":10.0},{"not_picked":["JustLucky","Halt"],"picked":"EmptyFist","floor":12},{"not_picked":["Prostrate","FlyingSleeves"],"picked":"Nirvana","floor":12},{"not_picked":["ReachHeaven","FlyingSleeves","WaveOfTheHand"],"picked":"SKIP","floor":14},{"not_picked":["CrushJoints","EmptyFist","Conclude"],"picked":"SKIP","floor":14},{"not_picked":["Alpha","DevaForm"],"picked":"SpiritShield","floor":16},{"not_picked":["Halt","FollowUp","ClearTheMind"],"picked":"SKIP","floor":18},{"not_picked":["Prostrate","CutThroughFate","Study"],"picked":"SKIP","floor":18}],"player_experience":450372,"relics_obtained":[{"floor":7.0,"key":"Prayer Wheel"},{"floor":9.0,"key":"Calipers"},{"floor":10.0,"key":"Happy Flower"}],"event_choices":[{"cards_removed":["Defend_P"],"damage_healed":0.0,"max_hp_gain":0.0,"max_hp_loss":0.0,"gold_gain":0.0,"event_name":"The Cleric","player_choice":"Card Removal","floor":2.0,"gold_loss":50.0,"damage_taken":0.0},{"damage_healed":0.0,"max_hp_gain":0.0,"max_hp_loss":0.0,"gold_gain":0.0,"cards_transformed":["Strike_P"],"event_name":"Living Wall","player_choice":"Change","floor":5.0,"gold_loss":0.0,"damage_taken":0.0,"cards_obtained":["MentalFortress"]},{"damage_healed":0.0,"max_hp_gain":0.0,"max_hp_loss":0.0,"gold_gain":0.0,"event_name":"Lab","player_choice":"Got Potions","floor":11.0,"gold_loss":0.0,"damage_taken":0.0},{"damage_healed":0,"gold_gain":0,"player_choice":"Became a Ghost","damage_taken":0,"max_hp_gain":0,"max_hp_loss":36,"event_name":"Ghosts","floor":19,"gold_loss":0,"cards_obtained":["Ghostly","Ghostly","Ghostly","Ghostly","Ghostly"]},{"cards_removed":["Strike_P"],"damage_healed":0,"gold_gain":0,"player_choice":"Gave Gold","damage_taken":0,"max_hp_gain":0,"max_hp_loss":0,"event_name":"Beggar","floor":20,"gold_loss":75},{"damage_healed":0,"gold_gain":0,"player_choice":"Shed Blood","damage_taken":9,"max_hp_gain":5,"max_hp_loss":0,"event_name":"Forgotten Altar","floor":22,"gold_loss":0}],"is_beta":false,"boss_relics":[{"not_picked":["Sozu","Calling Bell"],"picked":"Snecko Eye"}],"items_purged_floors":[3],"is_endless":false,"potions_floor_spawned":[8,12,14],"killed_by":"Gremlin Leader","ascension_level":12}