{"gold_per_floor":[111,61,74,74,90,90,117,167,193,30,55,70,90,100,100,195,195,212,43,43,43,58,58,84,103,126,126,145,179,190,190,190,286,286,296,296,296,72,91,125,125,139,139,150,200,230,248,268,268,268,268,268,45,70,70],"floor_reached":55,"playtime":2961,"items_purged":["Defend_P","Strike_P"],"score":1231,"play_id":"9a1af1fd-d0af-4b23-8f53-8ab3c64fb2f9","local_time":"20210706191138","is_ascension_mode":true,"campfire_choices":[{"floor":6.0,"key":"REST"},{"data":"MasterReality","floor":15.0,"key":"SMITH"},{"data":"BattleHymn","floor":23,"key":"SMITH"},{"floor":27,"key":"REST"},{"floor":32,"key":"REST"},{"data":"Adaptation","floor":41,"key":"SMITH"},{"floor":49,"key":"RECALL"},{"data":"LikeWater","floor":52,"key":"SMITH"}],"neow_cost":"PERCENT_DAMAGE","seed_source_timestamp":1834237244413900,"circlet_count":0,"master_deck":["AscendersBane","Strike_P+1","Eruption","Vigilance","MasterReality+1","Consecrate","SashWhip","Conclude","Wallop+1","EmptyBody","TalkToTheHand","ThirdEye","CarveReality","InnerPeace","ThirdEye","Adaptation+1","DeusExMachina","BattleHymn+1","FlurryOfBlows","Wallop","CrushJoints+1","FearNoEvil","DeusExMachina","Evaluate","DeceiveReality+1","TalkToTheHand","SpiritShield+1","Vengeance","LikeWater+1","DeusExMachina","ClearTheMind+1","Tantrum","Scrawl","MentalFortress+1","SandsOfTime"],"special_seed":0,"relics":["PureWater","Omamori","Whetstone","Oddly Smooth Stone","Matryoshka","Calling Bell","Blood Vial","White Beast Statue","Dead Branch","Happy Flower","PreservedInsect","Centennial Puzzle","Cursed Key","DollysMirror","Akabeko","War Paint","Ornamental Fan","TungstenRod","Meat on the Bone","Pen Nib","FossilizedHelix"],"potions_floor_usage":[24,33,50,55,55,55],"damage_taken":[{"damage":2.0,"enemies":"2 Louse","floor":1.0,"turns":2.0},{"damage":2.0,"enemies":"Jaw Worm","floor":3.0,"turns":3.0},{"damage":7.0,"enemies":"Cultist","floor":5.0,"turns":3.0},{"damage":16.0,"enemies":"Gremlin Nob","floor":7.0,"turns":3.0},{"damage":2.0,"enemies":"Lagavulin","floor":11.0,"turns":7.0},{"damage":0.0,"enemies":"Gremlin Gang","floor":12.0,"turns":2.0},{"damage":0.0,"enemies":"Blue Slaver","floor":13.0,"turns":2.0},{"damage":0.0,"enemies":"2 Fungi Beasts","floor":14.0,"turns":2.0},{"damage":38.0,"enemies":"The Guardian","floor":16.0,"turns":11.0},{"damage":6,"enemies":"Chosen","floor":18,"turns":3},{"damage":6,"enemies":"Shell Parasite","floor":22,"turns":2},{"damage":42,"enemies":"Slavers","floor":24,"turns":6},{"damage":0,"enemies":"Snake Plant","floor":25,"turns":3},{"damage":0,"enemies":"Centurion and Healer","floor":28,"turns":3},{"damage":0,"enemies":"Book of Stabbing","floor":29,"turns":2},{"damage":4,"enemies":"Chosen and Byrds","floor":30,"turns":4},{"damage":8,"enemies":"Collector","floor":33,"turns":8},{"damage":2,"enemies":"3 Darklings","floor":35,"turns":3},{"damage":0,"enemies":"Orb Walker","floor":39,"turns":3},{"damage":0,"enemies":"Giant Head","floor":40,"turns":4},{"damage":4,"enemies":"Spire Growth","floor":42,"turns":5},{"damage":31,"enemies":"Jaw Worm Horde","floor":44,"turns":4},{"damage":0,"enemies":"Mind Bloom Boss Battle","floor":45,"turns":4},{"damage":8,"enemies":"Nemesis","floor":46,"turns":5},{"damage":0,"enemies":"Sphere and 2 Shapes","floor":47,"turns":2},{"damage":0,"enemies":"Transient","floor":48,"turns":5},{"damage":31,"enemies":"Donu and Deca","floor":50,"turns":5},{"damage":6,"enemies":"Shield and Spear","floor":54,"turns":5},{"damage":60,"enemies":"The Heart","floor":55,"turns":3}],"seed_played":"796251607795994695","potions_obtained":[{"floor":5.0,"key":"Weak Potion"},{"floor":7.0,"key":"Dexterity Potion"},{"floor":11.0,"key":"DistilledChaos"},{"floor":12.0,"key":"Strength Potion"},{"floor":13.0,"key":"SkillPotion"},{"floor":18,"key":"SpeedPotion"},{"floor":22,"key":"StancePotion"},{"floor":24,"key":"LiquidMemories"},{"floor":28,"key":"BottledMiracle"},{"floor":30,"key":"Block Potion"},{"floor":33,"key":"Fire Potion"},{"floor":37,"key":"CultistPotion"},{"floor":46,"key":"DuplicationPotion"}],"is_trial":false,"path_per_floor":["M","?","M","?","M","R","E","T","T","$","E","M","M","M","R","B",null,"M","$","?","?","M","R","E","M","T","R","M","E","M","?","R","B",null,"M","?","?","$","M","E","R","M","T","M","?","E","M","M","R","B",null,"R","$","E","B"],"character_chosen":"WATCHER","items_purchased":["TalkToTheHand","ThirdEye","BattleHymn","LikeWater","DollysMirror","LiquidBronze","Pen Nib"],"campfire_rested":3,"item_purchase_floors":[10,10,19,38,38,53,53],"current_hp_per_floor":[45,45,43,43,36,57,41,41,41,41,39,39,39,39,39,1,54,50,50,50,50,46,46,6,8,8,29,31,33,31,31,52,46,66,66,66,66,66,68,70,70,68,68,39,41,35,37,39,39,22,60,60,60,56,0],"gold":70,"neow_bonus":"TRANSFORM_TWO_CARDS","is_prod":false,"is_daily":false,"chose_seed":false,"campfire_upgraded":4,"win_rate":0,"timestamp":1625613098,"path_taken":["M","?","M","?","M","R","E","?","T","?","E","?","?","M","R","BOSS","M","$","?","?","?","R","E","M","T","R","M","E","M","?","R","BOSS","M","?","?","$","M","E","R","M","T","?","?","E","M","M","R","BOSS","R","$","E","BOSS"],"build_version":"2020-12-22","purchased_purges":2,"victory":false,"max_hp_per_floor":[72,72,72,72,72,72,72,72,72,72,72,72,72,72,72,72,72,72,72,72,72,72,72,72,72,72,72,72,72,72,72,72,72,72,72,72,72,72,72,72,72,72,72,72,72,72,72,72,72,72,72,72,72,72,72],"card_choices":[{"not_picked":["ClearTheMind","BattleHymn"],"picked":"SashWhip","floor":1.0},{"not_picked":["Fasting2","BowlingBash"],"picked":"Conclude","floor":3.0},{"not_picked":["Worship","EmptyMind"],"picked":"Wallop","floor":5.0},{"not_picked":["Protect","DeceiveReality"],"picked":"EmptyBody","floor":7.0},{"not_picked":["Evaluate","Consecrate"],"picked":"CarveReality","floor":11.0},{"not_picked":["SandsOfTime","Pray"],"picked":"InnerPeace","floor":12.0},{"not_picked":["JustLucky","Consecrate"],"picked":"ThirdEye","floor":13.0},{"not_picked":["Consecrate","ForeignInfluence"],"picked":"Adaptation","floor":14.0},{"not_picked":["Brilliance","Ragnarok"],"picked":"DeusExMachina","floor":16.0},{"not_picked":["CrushJoints","JustLucky","BowlingBash"],"picked":"SKIP","floor":18},{"not_picked":["EmptyFist","Crescendo"],"picked":"CrushJoints+1","floor":22},{"not_picked":["JustLucky","FollowUp+1"],"picked":"FearNoEvil","floor":24},{"not_picked":["Crescendo+1","ReachHeaven+1"],"picked":"DeusExMachina","floor":25},{"not_picked":["Crescendo","Meditate"],"picked":"Evaluate","floor":28},{"not_picked":["CrushJoints","FollowUp"],"picked":"DeceiveReality","floor":29},{"not_picked":["EmptyFist","WindmillStrike"],"picked":"TalkToTheHand","floor":30},{"not_picked":["LessonLearned","Devotion"],"picked":"SpiritShield","floor":33},{"not_picked":["FollowUp+1","Crescendo+1"],"picked":"Vengeance","floor":35},{"not_picked":["Crescendo+1","FlyingSleeves+1"],"picked":"ClearTheMind+1","floor":39},{"not_picked":["Nirvana","Fasting2"],"picked":"Tantrum","floor":40},{"not_picked":["EmptyFist+1","CutThroughFate+1","Tantrum+1"],"picked":"SKIP","floor":42},{"not_picked":["CrushJoints","FlurryOfBlows"],"picked":"Scrawl","floor":44},{"not_picked":["Halt","CutThroughFate+1"],"picked":"MentalFortress+1","floor":45},{"not_picked":["BowlingBash+1","Evaluate","Crescendo"],"picked":"SKIP","floor":46},{"not_picked":["CutThroughFate","Halt+1","Vengeance"],"picked":"SKIP","floor":47},{"not_picked":["Worship","EmptyFist"],"picked":"SandsOfTime","floor":48},{"not_picked":["SandsOfTime","Meditate","Vengeance+1"],"picked":"SKIP","floor":54}],"player_experience":442777,"relics_obtained":[{"floor":7.0,"key":"Omamori"},{"floor":8.0,"key":"Whetstone"},{"floor":9.0,"key":"Oddly Smooth Stone"},{"floor":11.0,"key":"Matryoshka"},{"floor":17,"key":"Blood Vial"},{"floor":17,"key":"White Beast Statue"},{"floor":17,"key":"Dead Branch"},{"floor":24,"key":"Happy Flower"},{"floor":26,"key":"PreservedInsect"},{"floor":29,"key":"Centennial Puzzle"},{"floor":40,"key":"Akabeko"},{"floor":43,"key":"War Paint"},{"floor":43,"key":"Ornamental Fan"},{"floor":45,"key":"TungstenRod"},{"floor":46,"key":"Meat on the Bone"},{"floor":54,"key":"FossilizedHelix"}],"event_choices":[{"cards_removed":["Strike_P"],"damage_healed":0.0,"max_hp_gain":0.0,"max_hp_loss":0.0,"gold_gain":0.0,"event_name":"The Cleric","player_choice":"Card Removal","floor":2.0,"gold_loss":50.0,"damage_taken":0.0},{"damage_healed":0.0,"max_hp_gain":0.0,"max_hp_loss":0.0,"gold_gain":0.0,"event_name":"Liars Game","player_choice":"Ignored","floor":4.0,"gold_loss":0.0,"damage_taken":0.0},{"damage_healed":0,"gold_gain":0,"cards_transformed":["Defend_P","Defend_P"],"player_choice":"Became Test Subject","damage_taken":0,"max_hp_gain":0,"max_hp_loss":0,"event_name":"Drug Dealer","floor":20,"gold_loss":0,"cards_obtained":["FlurryOfBlows","Wallop"]},{"damage_healed":0,"gold_gain":0,"player_choice":"Ignored","damage_taken":0,"max_hp_gain":0,"max_hp_loss":0,"event_name":"N\u0027loth","floor":21,"gold_loss":0},{"damage_healed":0,"gold_gain":0,"player_choice":"Ignored","damage_taken":0,"max_hp_gain":0,"max_hp_loss":0,"event_name":"Ghosts","floor":31,"gold_loss":0},{"damage_healed":0,"gold_gain":0,"player_choice":"Memory 1","damage_taken":0,"max_hp_gain":0,"max_hp_loss":0,"event_name":"SensoryStone","floor":36,"gold_loss":0},{"damage_healed":0,"gold_gain":0,"player_choice":"Got Potions","damage_taken":0,"max_hp_gain":0,"max_hp_loss":0,"event_name":"Lab","floor":37,"gold_loss":0},{"damage_healed":0,"gold_gain":0,"player_choice":"Fight","damage_taken":0,"max_hp_gain":0,"max_hp_loss":0,"event_name":"MindBloom","floor":45,"gold_loss":0}],"is_beta":false,"boss_relics":[{"not_picked":["SlaversCollar","Sozu"],"picked":"Calling Bell"},{"not_picked":["Coffee Dripper","Fusion Hammer"],"picked":"Cursed Key"}],"items_purged_floors":[10,19],"is_endless":false,"potions_floor_spawned":[5,7,11,12,13,18,22,24,25,28,29,30,33,35,39,40,42,44,45,46,47,48,54],"killed_by":"The Heart","ascension_level":10}