{"gold_per_floor":[109,109,127,127,143,143,177,177,203,222,273,293,312,325,325,325],"floor_reached":16,"playtime":498,"items_purged":[],"score":166,"play_id":"ec79f199-3e75-42f0-889f-18ee86d36018","local_time":"20210708210525","is_ascension_mode":true,"campfire_choices":[{"data":"Wallop","floor":6,"key":"SMITH"},{"data":"Consecrate","floor":8,"key":"SMITH"},{"floor":15,"key":"REST"}],"neow_cost":"NONE","seed_source_timestamp":58442877384800,"circlet_count":0,"master_deck":["AscendersBane","Strike_P","Strike_P","Strike_P","Defend_P","Defend_P","Defend_P","Eruption","Vigilance","Wallop+1","FollowUp","Consecrate+1","TalkToTheHand","Protect","FearNoEvil","InnerPeace","CutThroughFate"],"relics":["Empty Cage","Golden Idol","Smiling Mask","Strawberry"],"potions_floor_usage":[7,12],"damage_taken":[{"damage":5,"enemies":"2 Louse","floor":1,"turns":3},{"damage":0,"enemies":"Jaw Worm","floor":3,"turns":3},{"damage":0,"enemies":"Small Slimes","floor":5,"turns":4},{"damage":4,"enemies":"Gremlin Nob","floor":7,"turns":3},{"damage":39,"enemies":"Gremlin Gang","floor":10,"turns":5},{"damage":1,"enemies":"Exordium Thugs","floor":12,"turns":4},{"damage":1,"enemies":"2 Fungi Beasts","floor":13,"turns":2},{"damage":0,"enemies":"Exordium Wildlife","floor":14,"turns":3},{"damage":41,"enemies":"Slime Boss","floor":16,"turns":5}],"seed_played":"3685611817749331347","potions_obtained":[{"floor":1,"key":"EssenceOfSteel"},{"floor":10,"key":"LiquidMemories"}],"is_trial":false,"path_per_floor":["M","?","M","?","M","R","E","R","T","M","?","M","M","M","R","B"],"character_chosen":"WATCHER","items_purchased":[],"campfire_rested":1,"item_purchase_floors":[],"current_hp_per_floor":[60,65,65,46,46,46,42,42,49,10,10,9,8,8,33,0],"gold":325,"neow_bonus":"BOSS_RELIC","is_prod":false,"is_daily":false,"chose_seed":false,"campfire_upgraded":2,"win_rate":0,"timestamp":1625792725,"path_taken":["M","?","M","?","M","R","E","R","T","M","?","M","M","M","R","BOSS"],"build_version":"2020-12-22","purchased_purges":0,"victory":false,"max_hp_per_floor":[72,77,77,77,77,77,77,77,84,84,84,84,84,84,84,84],"card_choices":[{"not_picked":["MentalFortress","BattleHymn"],"picked":"Wallop","floor":1},{"not_picked":["Wireheading","PathToVictory"],"picked":"FollowUp","floor":3},{"not_picked":["Prostrate","WheelKick"],"picked":"Consecrate","floor":5},{"not_picked":["PathToVictory","Scrawl"],"picked":"TalkToTheHand","floor":7},{"not_picked":["SashWhip","Crescendo"],"picked":"Protect","floor":10},{"not_picked":["EmptyBody","Consecrate"],"picked":"FearNoEvil","floor":12},{"not_picked":["WheelKick","Evaluate"],"picked":"InnerPeace","floor":13},{"not_picked":["FollowUp","Weave"],"picked":"CutThroughFate","floor":14}],"player_experience":449874,"relics_obtained":[{"floor":7,"key":"Smiling Mask"},{"floor":9,"key":"Strawberry"}],"event_choices":[{"damage_healed":0,"gold_gain":0,"player_choice":"Donut","damage_taken":0,"max_hp_gain":5,"max_hp_loss":0,"event_name":"Big Fish","floor":2,"gold_loss":0},{"damage_healed":0,"gold_gain":0,"player_choice":"Take Damage","damage_taken":19,"relics_obtained":["Golden Idol"],"max_hp_gain":0,"max_hp_loss":0,"event_name":"Golden Idol","floor":4,"gold_loss":0},{"damage_healed":0,"gold_gain":51,"player_choice":"Gained Gold","damage_taken":0,"max_hp_gain":0,"max_hp_loss":0,"event_name":"Golden Wing","floor":11,"gold_loss":0}],"is_beta":false,"boss_relics":[],"items_purged_floors":[],"is_endless":false,"potions_floor_spawned":[1,10],"killed_by":"Slime Boss","ascension_level":12}