{"gold_per_floor":[363,313,333,343,35,62,137,153,179,179,179,210,28,44,44,149,149,165,182,7,18,18,18,49,63,63,73,73],"floor_reached":28,"playtime":1636,"items_purged":["Strike_P","Alpha+1"],"score":400,"play_id":"d4b0967a-f8ac-4385-a6ff-e23c52a95e57","local_time":"20210712213956","is_ascension_mode":true,"campfire_choices":[{"floor":10,"key":"REST"},{"floor":15,"key":"REST"},{"data":"Eruption","floor":23,"key":"SMITH"}],"neow_cost":"TEN_PERCENT_HP_LOSS","seed_source_timestamp":404971448111800,"circlet_count":0,"master_deck":["AscendersBane","Defend_P+1","Defend_P","Eruption+1","Vigilance","Meditate","SashWhip","FlurryOfBlows","Halt+1","FearNoEvil","FlurryOfBlows","Adaptation","FlurryOfBlows","SpiritShield","Meditate+1","EmptyBody+1","Indignation","EmptyFist","LikeWater","Halt+1","ThirdEye+1"],"relics":["PureWater","Kunai","Nunchaku","War Paint","Potion Belt","Astrolabe","Bottled Lightning","Toxic Egg 2"],"potions_floor_usage":[6,6,16],"damage_taken":[{"damage":0,"enemies":"Small Slimes","floor":1,"turns":2},{"damage":2,"enemies":"2 Louse","floor":3,"turns":4},{"damage":1,"enemies":"Cultist","floor":4,"turns":3},{"damage":23,"enemies":"3 Sentries","floor":6,"turns":7},{"damage":10,"enemies":"Exordium Thugs","floor":8,"turns":2},{"damage":17,"enemies":"Lagavulin","floor":12,"turns":8},{"damage":10,"enemies":"Gremlin Gang","floor":14,"turns":2},{"damage":10,"enemies":"The Guardian","floor":16,"turns":11},{"damage":0,"enemies":"3 Byrds","floor":18,"turns":6},{"damage":8,"enemies":"Shell Parasite","floor":19,"turns":4},{"damage":3,"enemies":"Snecko","floor":21,"turns":4},{"damage":9,"enemies":"Gremlin Leader","floor":24,"turns":5},{"damage":10,"enemies":"Sentry and Sphere","floor":25,"turns":5},{"damage":16,"enemies":"Cultist and Chosen","floor":27,"turns":7},{"damage":13,"enemies":"Snecko","floor":28,"turns":5}],"seed_played":"-8241613580314287531","potions_obtained":[{"floor":3,"key":"SkillPotion"},{"floor":8,"key":"Ancient Potion"},{"floor":12,"key":"ColorlessPotion"},{"floor":24,"key":"SpeedPotion"},{"floor":25,"key":"ColorlessPotion"},{"floor":27,"key":"DuplicationPotion"}],"is_trial":false,"path_per_floor":["M","?","M","M","$","E","?","M","T","R","?","E","$","M","R","B",null,"M","M","$","M","?","R","E","M","T","M","M"],"character_chosen":"WATCHER","items_purchased":["Kunai","AttackPotion","FlurryOfBlows","Adaptation","LikeWater"],"campfire_rested":2,"item_purchase_floors":[5,5,13,13,20],"current_hp_per_floor":[65,65,63,62,62,39,28,18,18,37,37,20,20,10,29,19,54,54,46,46,43,43,43,34,24,24,8,0],"gold":73,"neow_bonus":"TWO_FIFTY_GOLD","is_prod":false,"is_daily":false,"chose_seed":false,"campfire_upgraded":1,"win_rate":0,"timestamp":1626140396,"path_taken":["M","?","M","M","$","E","?","M","T","R","?","E","$","?","R","BOSS","M","M","$","M","?","R","E","M","T","M","?"],"build_version":"2020-12-22","purchased_purges":2,"victory":false,"max_hp_per_floor":[65,65,65,65,65,65,65,65,65,65,65,65,65,65,65,65,65,65,65,65,65,65,65,65,65,65,65,65],"card_choices":[{"not_picked":["JustLucky","Evaluate"],"picked":"Meditate","floor":1},{"not_picked":["Fasting2","Nirvana","PathToVictory"],"picked":"SKIP","floor":3},{"not_picked":["MentalFortress","Vengeance"],"picked":"SashWhip","floor":4},{"not_picked":["Pray","ClearTheMind"],"picked":"FlurryOfBlows","floor":6},{"not_picked":["Protect","SashWhip"],"picked":"Halt","floor":8},{"not_picked":["Ragnarok","Meditate"],"picked":"FearNoEvil","floor":12},{"not_picked":["Consecrate","Perseverance"],"picked":"FlurryOfBlows","floor":14},{"not_picked":["Ragnarok","Establishment"],"picked":"SpiritShield","floor":16},{"not_picked":["Weave","Worship"],"picked":"Indignation","floor":18},{"not_picked":["EmptyBody","BowlingBash+1"],"picked":"EmptyFist","floor":19},{"not_picked":["SashWhip","FlyingSleeves","WheelKick"],"picked":"SKIP","floor":21},{"not_picked":["FlyingSleeves","CarveReality+1"],"picked":"ThirdEye+1","floor":24},{"not_picked":["Consecrate","EmptyBody+1","PathToVictory"],"picked":"SKIP","floor":25},{"not_picked":["Conclude","ReachHeaven","FollowUp"],"picked":"SKIP","floor":27}],"player_experience":456749,"relics_obtained":[{"floor":6,"key":"Nunchaku"},{"floor":9,"key":"War Paint"},{"floor":12,"key":"Potion Belt"},{"floor":24,"key":"Bottled Lightning"},{"floor":26,"key":"Toxic Egg 2"}],"event_choices":[{"cards_removed":["Defend_P"],"damage_healed":0,"gold_gain":0,"player_choice":"Card Removal","damage_taken":0,"max_hp_gain":0,"max_hp_loss":0,"event_name":"The Cleric","floor":2,"gold_loss":50},{"damage_healed":0,"gold_gain":75,"player_choice":"Gather Gold","damage_taken":11,"max_hp_gain":0,"max_hp_loss":0,"event_name":"World of Goop","floor":7,"gold_loss":0},{"cards_removed":["Strike_P"],"damage_healed":0,"gold_gain":0,"player_choice":"Offered Basic","damage_taken":0,"max_hp_gain":0,"max_hp_loss":0,"event_name":"Bonfire Elementals","floor":11,"gold_loss":0},{"damage_healed":0,"gold_gain":0,"player_choice":"Copied","damage_taken":0,"max_hp_gain":0,"max_hp_loss":0,"event_name":"Duplicator","floor":22,"gold_loss":0,"cards_obtained":["Halt"]}],"is_beta":false,"boss_relics":[{"not_picked":["Black Star","Philosopher\u0027s Stone"],"picked":"Astrolabe"}],"items_purged_floors":[13,20],"is_endless":false,"potions_floor_spawned":[3,8,12,24,25,27],"killed_by":"Snecko","ascension_level":12}