{"gold_per_floor":[109,109,120,133,147,173,173,202,202,235,235,255,205,215,215,311,311,321,321,341,353,369,369],"floor_reached":23,"playtime":1592,"items_purged":[],"score":344,"play_id":"aedb6696-8e63-47f1-959f-5ff8b0cf6915","local_time":"20210713161737","is_ascension_mode":true,"campfire_choices":[{"data":"Eruption","floor":7.0,"key":"SMITH"},{"floor":11.0,"key":"REST"},{"data":"Protect","floor":15.0,"key":"SMITH"}],"neow_cost":"NONE","seed_source_timestamp":0,"circlet_count":0,"master_deck":["AscendersBane","Eruption+1","Vigilance","CutThroughFate","EmptyFist+1","ThirdEye","EmptyBody","Wireheading","FlurryOfBlows","Protect+1","FlurryOfBlows","Scrawl","Wireheading","ClearTheMind","Pray","Omniscience","CrushJoints","SignatureMove","ClearTheMind","Adaptation+1","Adaptation","Vengeance"],"special_seed":0,"relics":["PureWater","Potion Belt","Nunchaku","Blood Vial","StrikeDummy","Pandora\u0027s Box","CultistMask"],"potions_floor_usage":[20,21,22,23,23,23],"damage_taken":[{"damage":3.0,"enemies":"Small Slimes","floor":1.0,"turns":3.0},{"damage":0.0,"enemies":"Cultist","floor":3.0,"turns":2.0},{"damage":0.0,"enemies":"2 Louse","floor":4.0,"turns":2.0},{"damage":0.0,"enemies":"2 Fungi Beasts","floor":5.0,"turns":4.0},{"damage":10.0,"enemies":"3 Sentries","floor":6.0,"turns":10.0},{"damage":4.0,"enemies":"Lagavulin","floor":8.0,"turns":5.0},{"damage":30.0,"enemies":"3 Sentries","floor":10.0,"turns":7.0},{"damage":0.0,"enemies":"Gremlin Gang","floor":12.0,"turns":4.0},{"damage":4.0,"enemies":"Looter","floor":14.0,"turns":4.0},{"damage":23.0,"enemies":"The Guardian","floor":16.0,"turns":15.0},{"damage":0,"enemies":"Spheric Guardian","floor":18,"turns":2},{"damage":19,"enemies":"Shell Parasite","floor":20,"turns":4},{"damage":6,"enemies":"3 Cultists","floor":21,"turns":4},{"damage":33,"enemies":"Cultist and Chosen","floor":22,"turns":7},{"damage":18,"enemies":"Book of Stabbing","floor":23,"turns":2}],"seed_played":"-4395274343867367297","potions_obtained":[{"floor":5.0,"key":"Weak Potion"},{"floor":6.0,"key":"BottledMiracle"},{"floor":12.0,"key":"Dexterity Potion"},{"floor":14.0,"key":"Fruit Juice"},{"floor":16.0,"key":"Explosive Potion"},{"floor":18,"key":"Weak Potion"},{"floor":21,"key":"EntropicBrew"}],"is_trial":false,"path_per_floor":["M","?","M","M","M","E","R","E","T","E","R","M","?","M","R","B",null,"M","?","M","M","M","E"],"character_chosen":"WATCHER","items_purchased":[],"campfire_rested":1,"item_purchase_floors":[],"current_hp_per_floor":[62,62,62,62,62,52,52,48,48,20,41,43,43,41,41,20,59,61,61,49,45,14,0],"gold":369,"neow_bonus":"TRANSFORM_CARD","is_prod":false,"is_daily":false,"chose_seed":false,"campfire_upgraded":2,"win_rate":0,"timestamp":1626207457,"path_taken":["M","?","M","M","?","E","R","E","T","E","R","M","?","M","R","BOSS","M","?","?","M","M","E"],"build_version":"2020-12-22","purchased_purges":0,"victory":false,"max_hp_per_floor":[72,72,72,72,72,72,72,72,72,72,72,72,72,72,72,72,72,72,72,77,77,77,77],"card_choices":[{"not_picked":["PathToVictory","BattleHymn"],"picked":"EmptyFist","floor":1.0},{"not_picked":["LikeWater","Swivel"],"picked":"ThirdEye","floor":3.0},{"not_picked":["LikeWater","Halt"],"picked":"EmptyBody","floor":4.0},{"not_picked":["SashWhip","Prostrate"],"picked":"Wireheading","floor":5.0},{"not_picked":["FlyingSleeves","Evaluate"],"picked":"FlurryOfBlows","floor":6.0},{"not_picked":["WindmillStrike","JustLucky","SandsOfTime"],"picked":"SKIP","floor":8.0},{"not_picked":["Prostrate","BowlingBash"],"picked":"Protect","floor":10.0},{"not_picked":["EmptyFist","DevaForm","Evaluate"],"picked":"SKIP","floor":12.0},{"not_picked":["WheelKick","Collect"],"picked":"FlurryOfBlows","floor":14.0},{"not_picked":["ConjureBlade","LessonLearned"],"picked":"Scrawl","floor":16.0},{"not_picked":["Conclude","JustLucky"],"picked":"ClearTheMind","floor":18},{"not_picked":["WreathOfFlame","EmptyFist"],"picked":"Adaptation+1","floor":20},{"not_picked":["Halt","FollowUp"],"picked":"Adaptation","floor":21},{"not_picked":["Halt","FlurryOfBlows"],"picked":"Vengeance","floor":22}],"player_experience":459810,"relics_obtained":[{"floor":6.0,"key":"Potion Belt"},{"floor":8.0,"key":"Nunchaku"},{"floor":9.0,"key":"Blood Vial"},{"floor":10.0,"key":"StrikeDummy"}],"event_choices":[{"damage_healed":0.0,"max_hp_gain":0.0,"max_hp_loss":0.0,"gold_gain":0.0,"event_name":"Accursed Blacksmith","player_choice":"Forge","floor":2.0,"gold_loss":0.0,"damage_taken":0.0,"cards_upgraded":["EmptyFist"]},{"cards_removed":["Defend_P"],"damage_healed":0.0,"max_hp_gain":0.0,"max_hp_loss":0.0,"gold_gain":0.0,"event_name":"The Cleric","player_choice":"Card Removal","floor":13.0,"gold_loss":50.0,"damage_taken":0.0},{"damage_healed":0,"gold_gain":0,"player_choice":"Trade","damage_taken":0,"relics_obtained":["CultistMask"],"max_hp_gain":0,"max_hp_loss":0,"event_name":"FaceTrader","floor":19,"gold_loss":0}],"is_beta":false,"boss_relics":[{"not_picked":["Calling Bell","Sozu"],"picked":"Pandora\u0027s Box"}],"items_purged_floors":[],"is_endless":false,"potions_floor_spawned":[5,6,12,14,16,18,21],"killed_by":"Book of Stabbing","ascension_level":12}