{"gold_per_floor":[115,130,130,148,148,148,189,204,258,282,3,3,3,0,0,0],"floor_reached":16,"playtime":551,"items_purged":["Strike_P"],"score":170,"play_id":"30f8a676-1197-45b1-bc17-6750ccbd8b17","local_time":"20210822163554","is_ascension_mode":true,"campfire_choices":[{"data":"Vigilance","floor":6,"key":"SMITH"},{"floor":15,"key":"REST"}],"neow_cost":"PERCENT_DAMAGE","seed_source_timestamp":1002897730077400,"circlet_count":0,"master_deck":["AscendersBane","Strike_P","Defend_P","Defend_P","Defend_P","Eruption+1","Vigilance+1","Tantrum","CrushJoints","FlyingSleeves","ThirdEye","FlurryOfBlows","EmptyFist","Wireheading"],"relics":["PureWater","Golden Idol","Gremlin Horn","Damaru","Membership Card"],"potions_floor_usage":[7,10,16,16],"damage_taken":[{"damage":0,"enemies":"Cultist","floor":1,"turns":3},{"damage":1,"enemies":"2 Louse","floor":2,"turns":2},{"damage":4,"enemies":"Jaw Worm","floor":4,"turns":4},{"damage":23,"enemies":"3 Sentries","floor":7,"turns":7},{"damage":0,"enemies":"Red Slaver","floor":8,"turns":2},{"damage":6,"enemies":"Looter","floor":10,"turns":4},{"damage":20,"enemies":"Hexaghost","floor":16,"turns":8}],"seed_played":"-7017933753194828853","potions_obtained":[{"floor":4,"key":"SkillPotion"},{"floor":8,"key":"Swift Potion"}],"is_trial":false,"path_per_floor":["M","M","?","M","?","R","E","M","T","M","$","?","?","?","R","B"],"character_chosen":"WATCHER","items_purchased":["Membership Card","AttackPotion","Wireheading","GamblersBrew"],"campfire_rested":1,"item_purchase_floors":[11,11,11,11],"current_hp_per_floor":[43,42,42,38,38,38,15,15,15,9,9,2,2,2,20,0],"gold":0,"neow_bonus":"REMOVE_TWO","is_prod":false,"is_daily":false,"chose_seed":false,"campfire_upgraded":1,"win_rate":0,"timestamp":1629664554,"path_taken":["M","?","?","M","?","R","E","M","T","?","?","?","?","?","R","BOSS"],"build_version":"2020-12-22","purchased_purges":1,"victory":false,"max_hp_per_floor":[68,68,68,68,63,63,63,63,63,63,63,63,63,63,63,63],"card_choices":[{"not_picked":["Halt","JustLucky"],"picked":"Tantrum","floor":1},{"not_picked":["Consecrate","WreathOfFlame"],"picked":"CrushJoints","floor":2},{"not_picked":["CrushJoints","Halt"],"picked":"FlyingSleeves","floor":4},{"not_picked":["WheelKick","Worship"],"picked":"ThirdEye","floor":7},{"not_picked":["FollowUp","Brilliance"],"picked":"FlurryOfBlows","floor":8},{"not_picked":["ThirdEye","EmptyBody"],"picked":"EmptyFist","floor":10}],"player_experience":709203,"relics_obtained":[{"floor":7,"key":"Gremlin Horn"},{"floor":9,"key":"Damaru"}],"event_choices":[{"damage_healed":0,"gold_gain":0,"player_choice":"Grow","damage_taken":0,"max_hp_gain":0,"max_hp_loss":0,"event_name":"Living Wall","floor":3,"gold_loss":0,"cards_upgraded":["Eruption"]},{"damage_healed":0,"gold_gain":0,"player_choice":"Lose Max HP","damage_taken":0,"relics_obtained":["Golden Idol"],"max_hp_gain":0,"max_hp_loss":5,"event_name":"Golden Idol","floor":5,"gold_loss":0},{"cards_removed":["Strike_P"],"damage_healed":0,"gold_gain":0,"player_choice":"Card Removal","damage_taken":7,"max_hp_gain":0,"max_hp_loss":0,"event_name":"Golden Wing","floor":12,"gold_loss":0},{"damage_healed":0,"gold_gain":0,"player_choice":"Ignored","damage_taken":0,"max_hp_gain":0,"max_hp_loss":0,"event_name":"Shining Light","floor":13,"gold_loss":0},{"damage_healed":0,"gold_gain":0,"player_choice":"Left Gold","damage_taken":0,"max_hp_gain":0,"max_hp_loss":0,"event_name":"World of Goop","floor":14,"gold_loss":3}],"is_beta":false,"boss_relics":[],"items_purged_floors":[11],"is_endless":false,"potions_floor_spawned":[4,8],"killed_by":"Hexaghost","ascension_level":14}