{"gold_per_floor":[116,116,3,19,38,71,89,116,116,131,156,176,196,206,206,280,280,292,305,15,27,45,45,45,45,45,76,87,87,97,107,107,185,185,196,3,17,28,28,28],"floor_reached":40,"playtime":2140,"items_purged":["Strike_P"],"score":763,"play_id":"b55ba979-537d-4e0b-b467-18ca52948467","local_time":"20210824224611","is_ascension_mode":true,"campfire_choices":[{"floor":15.0,"key":"REST"},{"floor":23,"key":"REST"},{"data":"Scrawl","floor":25,"key":"SMITH"},{"floor":29,"key":"REST"},{"data":"Adaptation","floor":32,"key":"SMITH"}],"neow_cost":"NONE","seed_source_timestamp":1196305508054600,"circlet_count":0,"master_deck":["AscendersBane","Defend_P","Defend_P","Defend_P","Vigilance","EmptyFist","Weave","CarveReality","CutThroughFate","Indignation","ThirdEye","JustLucky","Tantrum","Adaptation+1","FlurryOfBlows","Scrawl+1","Wallop","BowlingBash+1","FearNoEvil","Nirvana","EmptyMind","Meditate","Crescendo+1","LikeWater","Omniscience","Judgement+1","Tantrum+1","WindmillStrike+1","Weave","Nirvana","EmptyBody","FlurryOfBlows+1"],"special_seed":0,"relics":["PureWater","Akabeko","Bronze Scales","Shuriken","Darkstone Periapt","Mercury Hourglass","Empty Cage","Membership Card","MealTicket","GoldenEye","Nunchaku","Astrolabe","Bird Faced Urn"],"potions_floor_usage":[21,27,30,31,33,38],"damage_taken":[{"damage":0.0,"enemies":"2 Louse","floor":1.0,"turns":1.0},{"damage":0.0,"enemies":"Jaw Worm","floor":4.0,"turns":3.0},{"damage":0.0,"enemies":"Cultist","floor":5.0,"turns":2.0},{"damage":14.0,"enemies":"3 Sentries","floor":6.0,"turns":9.0},{"damage":0.0,"enemies":"Large Slime","floor":7.0,"turns":4.0},{"damage":12.0,"enemies":"Gremlin Nob","floor":8.0,"turns":3.0},{"damage":2.0,"enemies":"Exordium Wildlife","floor":10.0,"turns":2.0},{"damage":23.0,"enemies":"Lagavulin","floor":11.0,"turns":4.0},{"damage":0.0,"enemies":"3 Louse","floor":12.0,"turns":2.0},{"damage":0.0,"enemies":"Red Slaver","floor":13.0,"turns":2.0},{"damage":0.0,"enemies":"Gremlin Gang","floor":14.0,"turns":2.0},{"damage":21.0,"enemies":"The Guardian","floor":16.0,"turns":8.0},{"damage":0,"enemies":"3 Byrds","floor":18,"turns":3},{"damage":15,"enemies":"Shell Parasite","floor":19,"turns":4},{"damage":7,"enemies":"Snecko","floor":21,"turns":4},{"damage":0,"enemies":"Centurion and Healer","floor":22,"turns":4},{"damage":22,"enemies":"Gremlin Leader","floor":27,"turns":4},{"damage":0,"enemies":"3 Cultists","floor":28,"turns":2},{"damage":0,"enemies":"Snake Plant","floor":30,"turns":2},{"damage":4,"enemies":"Centurion and Healer","floor":31,"turns":2},{"damage":11,"enemies":"Collector","floor":33,"turns":4},{"damage":4,"enemies":"3 Darklings","floor":35,"turns":2},{"damage":0,"enemies":"Orb Walker","floor":37,"turns":2},{"damage":25,"enemies":"Spire Growth","floor":38,"turns":4},{"damage":80,"enemies":"Giant Head","floor":40,"turns":5}],"seed_played":"3258784650259965845","potions_obtained":[{"floor":5.0,"key":"Weak Potion"},{"floor":8.0,"key":"LiquidMemories"},{"floor":11.0,"key":"GamblersBrew"},{"floor":12.0,"key":"SkillPotion"},{"floor":19,"key":"Swift Potion"},{"floor":24,"key":"DistilledChaos"},{"floor":24,"key":"AttackPotion"},{"floor":27,"key":"Block Potion"},{"floor":30,"key":"FearPotion"},{"floor":33,"key":"DuplicationPotion"},{"floor":35,"key":"Strength Potion"}],"is_trial":false,"path_per_floor":["M","?","$","M","M","E","M","E","T","M","E","M","M","M","R","B",null,"M","M","$","M","M","R","?","R","T","E","M","R","M","M","R","B",null,"M","$","M","M","?","E"],"character_chosen":"WATCHER","items_purchased":["Weave","Membership Card","FearNoEvil","MealTicket","Nirvana","Bird Faced Urn","Nirvana","EmptyBody"],"campfire_rested":3,"item_purchase_floors":[3,20,20,20,20,36,36,36],"current_hp_per_floor":[61,54,54,54,54,40,40,28,28,26,3,3,3,3,23,2,52,52,37,37,30,30,50,50,50,50,28,28,48,48,44,44,33,59,55,68,68,45,45,0],"gold":28,"neow_bonus":"RANDOM_COMMON_RELIC","is_prod":false,"is_daily":false,"chose_seed":false,"campfire_upgraded":2,"win_rate":0,"timestamp":1629859571,"path_taken":["M","?","?","M","M","E","M","E","T","M","E","M","M","M","R","BOSS","M","M","$","M","M","R","?","R","T","E","?","R","M","M","R","BOSS","M","$","M","M","?","E"],"build_version":"2020-12-22","purchased_purges":1,"victory":false,"max_hp_per_floor":[68,68,68,68,68,68,68,68,68,68,68,68,68,68,68,68,68,68,68,68,68,68,68,68,68,68,68,68,68,68,68,68,68,68,68,68,68,68,68,68],"card_choices":[{"not_picked":["JustLucky","Wireheading"],"picked":"EmptyFist","floor":1.0},{"not_picked":["WaveOfTheHand","LikeWater"],"picked":"FlyingSleeves","floor":4.0},{"not_picked":["Sanctity","CrushJoints"],"picked":"CarveReality","floor":5.0},{"not_picked":["Consecrate","Worship"],"picked":"CutThroughFate","floor":6.0},{"not_picked":["Vengeance","BowlingBash"],"picked":"Indignation","floor":7.0},{"not_picked":["WindmillStrike","Prostrate"],"picked":"ThirdEye","floor":8.0},{"not_picked":["CrushJoints","Weave"],"picked":"JustLucky","floor":10.0},{"not_picked":["Nirvana","DeusExMachina"],"picked":"Tantrum","floor":11.0},{"not_picked":["FearNoEvil","CutThroughFate"],"picked":"Adaptation","floor":12.0},{"not_picked":["BowlingBash","Consecrate","PathToVictory"],"picked":"SKIP","floor":13.0},{"not_picked":["Crescendo","ThirdEye"],"picked":"FlurryOfBlows","floor":14.0},{"not_picked":["Establishment","Blasphemy"],"picked":"Scrawl","floor":16.0},{"not_picked":["ThirdEye","ClearTheMind"],"picked":"Wallop","floor":18},{"not_picked":["JustLucky","Study"],"picked":"BowlingBash+1","floor":19},{"not_picked":["Protect","Consecrate"],"picked":"EmptyMind","floor":21},{"not_picked":["CrushJoints","LikeWater"],"picked":"Meditate","floor":22},{"not_picked":["Indignation","SignatureMove"],"picked":"Crescendo+1","floor":27},{"not_picked":["Blasphemy","Evaluate"],"picked":"LikeWater","floor":28},{"not_picked":["Fasting2","BowlingBash"],"picked":"EmptyFist+1","floor":30},{"not_picked":["PathToVictory","EmptyFist","BattleHymn"],"picked":"SKIP","floor":31},{"not_picked":["MasterReality","Establishment"],"picked":"Omniscience","floor":33},{"not_picked":["DeceiveReality","EmptyFist+1"],"picked":"Weave","floor":35},{"not_picked":["PathToVictory+1","SandsOfTime+1","ReachHeaven+1"],"picked":"SKIP","floor":37},{"not_picked":["Worship+1","SignatureMove"],"picked":"FlurryOfBlows+1","floor":38}],"player_experience":729735,"relics_obtained":[{"floor":6.0,"key":"Bronze Scales"},{"floor":8.0,"key":"Shuriken"},{"floor":9.0,"key":"Darkstone Periapt"},{"floor":11.0,"key":"Mercury Hourglass"},{"floor":26,"key":"GoldenEye"},{"floor":27,"key":"Nunchaku"}],"event_choices":[{"cards_removed":["Strike_P"],"damage_healed":0.0,"max_hp_gain":0.0,"max_hp_loss":0.0,"gold_gain":0.0,"event_name":"Golden Wing","player_choice":"Card Removal","floor":2.0,"gold_loss":0.0,"damage_taken":7.0},{"damage_healed":0,"gold_gain":0,"player_choice":"Got Potions","damage_taken":0,"max_hp_gain":0,"max_hp_loss":0,"event_name":"Lab","floor":24,"gold_loss":0},{"cards_removed":["EmptyFist"],"damage_healed":0,"gold_gain":0,"player_choice":"Removed Attack","damage_taken":0,"max_hp_gain":0,"max_hp_loss":0,"event_name":"Falling","floor":39,"gold_loss":0}],"is_beta":false,"boss_relics":[{"not_picked":["Snecko Eye","Black Star"],"picked":"Empty Cage"},{"not_picked":["Sozu","Tiny House"],"picked":"Astrolabe"}],"items_purged_floors":[3],"is_endless":false,"potions_floor_spawned":[5,8,11,12,13,19,27,30,33,35],"killed_by":"Giant Head","ascension_level":15}