{"gold_per_floor":[115,134,153,2,17,46,60,74,98,98,109,109,121,121,121,121],"floor_reached":16,"playtime":649,"items_purged":["Strike_P"],"score":223,"play_id":"0801f95e-b822-4706-9516-5e761f50329a","local_time":"20210824145937","is_ascension_mode":true,"campfire_choices":[{"floor":10,"key":"REST"},{"data":"EmptyFist","floor":12,"key":"SMITH"},{"floor":15,"key":"REST"}],"neow_cost":"NONE","seed_source_timestamp":1169786804668400,"circlet_count":0,"master_deck":["AscendersBane","Strike_P","Strike_P","Strike_P","Defend_P","Defend_P","Defend_P","Defend_P","Eruption","Vigilance","FlurryOfBlows","ThirdEye","FlyingSleeves","ClearTheMind","FollowUp","CutThroughFate","EmptyFist+1","JustLucky","CutThroughFate","Prostrate","EmptyBody"],"special_seed":0,"relics":["PureWater","Dead Branch","Omamori","White Beast Statue"],"potions_floor_usage":[16],"damage_taken":[{"damage":0.0,"enemies":"2 Louse","floor":1.0,"turns":2.0},{"damage":16.0,"enemies":"Jaw Worm","floor":2.0,"turns":5.0},{"damage":0.0,"enemies":"Cultist","floor":3.0,"turns":3.0},{"damage":6.0,"enemies":"Large Slime","floor":5.0,"turns":4.0},{"damage":0.0,"enemies":"Gremlin Nob","floor":6.0,"turns":2.0},{"damage":13,"enemies":"Blue Slaver","floor":7,"turns":4},{"damage":19,"enemies":"Exordium Thugs","floor":8,"turns":7},{"damage":0,"enemies":"Exordium Wildlife","floor":11,"turns":2},{"damage":0,"enemies":"2 Fungi Beasts","floor":13,"turns":2},{"damage":36,"enemies":"The Guardian","floor":16,"turns":10}],"seed_played":"6542740163156843075","potions_obtained":[{"floor":3.0,"key":"Dexterity Potion"},{"floor":7,"key":"BottledMiracle"},{"floor":11,"key":"LiquidMemories"}],"is_trial":false,"path_per_floor":["M","M","M","$","M","E","M","M","T","R","M","R","M","?","R","B"],"character_chosen":"WATCHER","items_purchased":["AttackPotion","FollowUp"],"campfire_rested":2,"item_purchase_floors":[4,4],"current_hp_per_floor":[61,45,45,45,39,39,26,7,7,27,27,27,27,15,35,0],"gold":121,"neow_bonus":"THREE_CARDS","is_prod":false,"is_daily":false,"chose_seed":false,"campfire_upgraded":1,"win_rate":0,"timestamp":1629831577,"path_taken":["M","M","M","$","M","E","M","M","T","R","M","R","M","?","R","BOSS"],"build_version":"2020-12-22","purchased_purges":1,"victory":false,"max_hp_per_floor":[68,68,68,68,68,68,68,68,68,68,68,68,68,68,68,68],"card_choices":[{"not_picked":["Crescendo","Study"],"picked":"FlurryOfBlows","floor":0.0},{"not_picked":["ClearTheMind","SignatureMove"],"picked":"ThirdEye","floor":1.0},{"not_picked":["SashWhip","BattleHymn"],"picked":"FlyingSleeves","floor":2.0},{"not_picked":["ForeignInfluence","ThirdEye"],"picked":"ClearTheMind","floor":3.0},{"not_picked":["Prostrate","ThirdEye"],"picked":"CutThroughFate","floor":5.0},{"not_picked":["Study","SandsOfTime"],"picked":"EmptyFist","floor":6.0},{"not_picked":["FollowUp","ClearTheMind"],"picked":"JustLucky","floor":7},{"not_picked":["Omniscience","Protect"],"picked":"CutThroughFate","floor":8},{"not_picked":["Crescendo","Consecrate"],"picked":"Prostrate","floor":11},{"not_picked":["Crescendo","Halt"],"picked":"EmptyBody","floor":13}],"player_experience":715120,"relics_obtained":[{"floor":6.0,"key":"Dead Branch"},{"floor":9,"key":"Omamori"}],"event_choices":[{"damage_healed":0,"gold_gain":0,"player_choice":"Success","damage_taken":12,"relics_obtained":["White Beast Statue"],"max_hp_gain":0,"max_hp_loss":0,"event_name":"Scrap Ooze","floor":14,"gold_loss":0}],"is_beta":false,"boss_relics":[],"items_purged_floors":[4],"is_endless":false,"potions_floor_spawned":[3,7,11,13],"killed_by":"The Guardian","ascension_level":14}