{"gold_per_floor":[116,130,142,162,177,209,209,222,248,248,31,51,83,98,98,172,172,188,10,10,25,51,51,84,84,84,84,101,23,23,39,39,39],"floor_reached":33,"playtime":1821,"items_purged":["Strike_P","Strike_P"],"score":488,"play_id":"430b44ba-4e19-40a3-88c4-3617a2a44fdc","local_time":"20210824231641","is_ascension_mode":true,"campfire_choices":[{"floor":10,"key":"REST"},{"data":"Eruption","floor":15,"key":"SMITH"},{"data":"Adaptation","floor":23,"key":"SMITH"},{"floor":25,"key":"REST"},{"data":"Vault","floor":27,"key":"SMITH"},{"data":"MentalFortress","floor":30,"key":"SMITH"},{"data":"ThirdEye","floor":32,"key":"SMITH"}],"neow_cost":"NONE","seed_source_timestamp":1198475140630300,"circlet_count":0,"master_deck":["AscendersBane","Strike_P","Defend_P","Defend_P","Defend_P","Defend_P","Eruption+1","Vigilance","WindmillStrike","EmptyFist","Vault+1","MentalFortress+1","Protect","SashWhip","JustLucky","Adaptation+1","SandsOfTime","EmptyMind","EmptyFist","Judgement","FollowUp+1","ThirdEye","ClearTheMind","CutThroughFate","Prostrate+1","ThirdEye+1","Wireheading","FearNoEvil"],"relics":["PureWater","Tiny Chest","MealTicket","Dream Catcher","Akabeko","Runic Pyramid","Bag of Marbles","Potion Belt"],"potions_floor_usage":[6,14,16,24,33],"damage_taken":[{"damage":0,"enemies":"2 Louse","floor":1,"turns":2},{"damage":0,"enemies":"Cultist","floor":2,"turns":3},{"damage":7,"enemies":"Jaw Worm","floor":3,"turns":2},{"damage":3,"enemies":"Blue Slaver","floor":4,"turns":3},{"damage":12,"enemies":"Gremlin Gang","floor":5,"turns":8},{"damage":28,"enemies":"Gremlin Nob","floor":6,"turns":6},{"damage":3,"enemies":"2 Fungi Beasts","floor":8,"turns":7},{"damage":1,"enemies":"Blue Slaver","floor":12,"turns":4},{"damage":6,"enemies":"Lagavulin","floor":13,"turns":7},{"damage":8,"enemies":"Large Slime","floor":14,"turns":7},{"damage":3,"enemies":"Hexaghost","floor":16,"turns":9},{"damage":4,"enemies":"2 Thieves","floor":18,"turns":5},{"damage":4,"enemies":"Chosen","floor":21,"turns":3},{"damage":49,"enemies":"Book of Stabbing","floor":24,"turns":7},{"damage":0,"enemies":"3 Cultists","floor":28,"turns":4},{"damage":2,"enemies":"Cultist and Chosen","floor":31,"turns":6},{"damage":66,"enemies":"Collector","floor":33,"turns":12}],"seed_played":"3029235231695867681","potions_obtained":[{"floor":2,"key":"SmokeBomb"},{"floor":3,"key":"Fire Potion"},{"floor":6,"key":"Strength Potion"},{"floor":12,"key":"Weak Potion"},{"floor":16,"key":"SpeedPotion"},{"floor":18,"key":"BottledMiracle"},{"floor":21,"key":"Strength Potion"}],"is_trial":false,"path_per_floor":["M","M","M","M","M","E","?","M","T","R","$","M","E","M","R","B",null,"M","$","?","M","T","R","E","R","T","R","M","$","R","M","R","B"],"character_chosen":"WATCHER","items_purchased":["Adaptation","SandsOfTime","ThirdEye","ClearTheMind","Wireheading"],"campfire_rested":2,"item_purchase_floors":[11,11,19,19,29],"current_hp_per_floor":[61,61,54,51,39,11,11,8,8,28,43,42,36,28,28,25,57,53,68,68,64,64,64,15,35,35,35,35,50,50,48,48,0],"gold":39,"neow_bonus":"RANDOM_COMMON_RELIC","is_prod":false,"is_daily":false,"chose_seed":false,"campfire_upgraded":5,"win_rate":0,"timestamp":1629861401,"path_taken":["M","M","M","M","M","E","?","M","T","R","$","M","E","M","R","BOSS","M","?","?","M","?","R","E","R","T","R","M","?","R","M","R","BOSS"],"build_version":"2020-12-22","purchased_purges":2,"victory":false,"max_hp_per_floor":[68,68,68,68,68,68,68,68,68,68,68,68,68,68,68,68,68,68,68,68,68,68,68,68,68,68,68,68,68,68,68,68,68],"card_choices":[{"not_picked":["Prostrate","ThirdEye"],"picked":"WindmillStrike","floor":1},{"not_picked":["FlyingSleeves","CarveReality"],"picked":"EmptyFist","floor":2},{"not_picked":["Pray","PathToVictory","DeceiveReality"],"picked":"SKIP","floor":3},{"not_picked":["ClearTheMind","EmptyBody"],"picked":"Vault","floor":4},{"not_picked":["DeceiveReality","JustLucky"],"picked":"MentalFortress","floor":5},{"not_picked":["FlyingSleeves","Prostrate"],"picked":"Protect","floor":6},{"not_picked":["WreathOfFlame","Halt"],"picked":"SashWhip","floor":8},{"not_picked":["Consecrate","Perseverance"],"picked":"JustLucky","floor":10},{"not_picked":["SignatureMove","SashWhip"],"picked":"EmptyMind","floor":12},{"not_picked":["Worship","Study","Fasting2"],"picked":"SKIP","floor":13},{"not_picked":["Indignation","SashWhip"],"picked":"EmptyFist","floor":14},{"not_picked":["Alpha","Devotion"],"picked":"Judgement","floor":16},{"not_picked":["Consecrate","BowlingBash"],"picked":"FollowUp+1","floor":18},{"not_picked":["ThirdEye","SashWhip"],"picked":"CutThroughFate","floor":21},{"not_picked":["Evaluate","Perseverance","Pray"],"picked":"SKIP","floor":24},{"not_picked":["Pray","FollowUp+1"],"picked":"Prostrate+1","floor":25},{"not_picked":["DeceiveReality","SignatureMove"],"picked":"ThirdEye","floor":28},{"not_picked":["FlyingSleeves","JustLucky"],"picked":"FearNoEvil","floor":31}],"player_experience":731875,"relics_obtained":[{"floor":6,"key":"MealTicket"},{"floor":9,"key":"Dream Catcher"},{"floor":13,"key":"Akabeko"},{"floor":24,"key":"Bag of Marbles"},{"floor":26,"key":"Potion Belt"}],"event_choices":[{"cards_removed":["Strike_P"],"damage_healed":0,"gold_gain":0,"player_choice":"Purged","damage_taken":0,"max_hp_gain":0,"max_hp_loss":0,"event_name":"Purifier","floor":7,"gold_loss":0},{"damage_healed":0,"gold_gain":0,"player_choice":"Ignored","damage_taken":0,"max_hp_gain":0,"max_hp_loss":0,"event_name":"Ghosts","floor":20,"gold_loss":0}],"is_beta":false,"boss_relics":[{"not_picked":["HolyWater","Pandora\u0027s Box"],"picked":"Runic Pyramid"}],"items_purged_floors":[11,19],"is_endless":false,"potions_floor_spawned":[2,3,6,8,12,16,18,21],"killed_by":"Collector","ascension_level":15}