{"gold_per_floor":[99,99,99,24,24,24,24,24,24,24,24,24,24,24,24,24,24,24,24,24,24,24,24,24,24,24,24,24,24],"floor_reached":29,"playtime":2070,"items_purged":["Strike_P"],"score":481,"play_id":"e8cf2915-6d7f-4201-a5b2-bfd7d6b251de","local_time":"20210825130612","is_ascension_mode":true,"campfire_choices":[{"data":"PathToVictory","floor":6,"key":"SMITH"},{"floor":11,"key":"REST"},{"data":"EmptyMind","floor":15,"key":"SMITH"},{"data":"Evaluate","floor":23,"key":"SMITH"}],"neow_cost":"NONE","seed_source_timestamp":5881734157300,"circlet_count":0,"master_deck":["AscendersBane","Strike_P","Defend_P","Defend_P","Defend_P","Defend_P","Eruption+1","Vigilance","PathToVictory+1","EmptyBody","EmptyMind+1","FearNoEvil+1","Wireheading+1","InnerPeace","Scrawl","LikeWater+1","ThirdEye","Evaluate+1","Wireheading+1","EmptyMind"],"special_seed":0,"relics":["Ectoplasm","Bird Faced Urn","Eternal Feather","Frozen Egg 2","CaptainsWheel","Sozu","Lantern","Incense Burner","TungstenRod","Whetstone"],"potions_floor_usage":[16],"damage_taken":[{"damage":2,"enemies":"Small Slimes","floor":1,"turns":5},{"damage":1,"enemies":"2 Louse","floor":5,"turns":3},{"damage":37,"enemies":"3 Sentries","floor":7,"turns":14},{"damage":0,"enemies":"Cultist","floor":8,"turns":3},{"damage":0,"enemies":"Red Slaver","floor":10,"turns":3},{"damage":5,"enemies":"Lagavulin","floor":12,"turns":5},{"damage":2,"enemies":"2 Fungi Beasts","floor":14,"turns":4},{"damage":13,"enemies":"The Guardian","floor":16,"turns":9},{"damage":0,"enemies":"Shell Parasite","floor":18,"turns":4},{"damage":0,"enemies":"Chosen","floor":20,"turns":4},{"damage":12,"enemies":"3 Cultists","floor":22,"turns":7},{"damage":8,"enemies":"Centurion and Healer","floor":24,"turns":6},{"damage":1,"enemies":"Book of Stabbing","floor":25,"turns":6},{"damage":0,"enemies":"Snecko","floor":27,"turns":6},{"damage":20,"enemies":"Slavers","floor":28,"turns":7},{"damage":82,"enemies":"Cultist and Chosen","floor":29,"turns":8}],"seed_played":"-7248392681500172211","potions_obtained":[{"floor":5,"key":"Strength Potion"},{"floor":14,"key":"StancePotion"},{"floor":16,"key":"Swift Potion"}],"is_trial":false,"path_per_floor":["M","?","?","$","M","R","E","M","T","M","R","E","?","M","R","B",null,"M","?","M","?","M","R","M","E","T","M","E","M"],"character_chosen":"WATCHER","items_purchased":[],"campfire_rested":1,"item_purchase_floors":[],"current_hp_per_floor":[59,41,41,41,40,40,3,3,3,3,32,29,29,29,38,29,58,62,62,66,66,56,65,61,64,64,68,54,0],"gold":24,"neow_bonus":"BOSS_RELIC","is_prod":false,"is_daily":false,"chose_seed":false,"campfire_upgraded":3,"win_rate":0,"timestamp":1629911172,"path_taken":["M","?","?","$","M","R","E","M","T","M","R","E","?","?","R","BOSS","M","?","M","?","?","R","M","E","T","M","E","M"],"build_version":"2020-12-22","purchased_purges":1,"victory":false,"max_hp_per_floor":[68,68,68,68,68,68,68,68,68,68,68,68,68,68,68,68,68,68,68,68,68,68,68,68,68,68,68,68,68],"card_choices":[{"not_picked":["EmptyBody","Crescendo"],"picked":"PathToVictory","floor":1},{"not_picked":["TalkToTheHand","WaveOfTheHand"],"picked":"EmptyBody","floor":5},{"not_picked":["Pray","CutThroughFate"],"picked":"EmptyMind","floor":7},{"not_picked":["EmptyFist","Protect"],"picked":"FearNoEvil","floor":8},{"not_picked":["CrushJoints","BowlingBash"],"picked":"Wireheading+1","floor":10},{"not_picked":["Protect","MasterReality+1"],"picked":"InnerPeace","floor":12},{"not_picked":["SignatureMove","Wallop"],"picked":"LikeWater+1","floor":14},{"not_picked":["FlyingSleeves","EmptyBody","Prostrate"],"picked":"SKIP","floor":18},{"not_picked":["Prostrate","EmptyBody"],"picked":"ThirdEye","floor":20},{"not_picked":["ClearTheMind","Crescendo"],"picked":"Evaluate","floor":22},{"not_picked":["ThirdEye","CrushJoints+1","FlyingSleeves+1"],"picked":"SKIP","floor":24},{"not_picked":["FlyingSleeves","Protect"],"picked":"Wireheading+1","floor":25},{"not_picked":["Nirvana+1","Worship","BowlingBash"],"picked":"SKIP","floor":27},{"not_picked":["EmptyFist","Halt"],"picked":"EmptyMind","floor":28}],"player_experience":737515,"relics_obtained":[{"floor":7,"key":"Eternal Feather"},{"floor":9,"key":"Frozen Egg 2"},{"floor":12,"key":"CaptainsWheel"},{"floor":25,"key":"Incense Burner"},{"floor":26,"key":"TungstenRod"},{"floor":28,"key":"Whetstone"}],"event_choices":[{"damage_healed":0,"gold_gain":0,"player_choice":"Success","damage_taken":18,"relics_obtained":["Bird Faced Urn"],"max_hp_gain":0,"max_hp_loss":0,"event_name":"Scrap Ooze","floor":2,"gold_loss":0},{"damage_healed":0,"gold_gain":0,"player_choice":"Ignored","damage_taken":0,"max_hp_gain":0,"max_hp_loss":0,"event_name":"Liars Game","floor":3,"gold_loss":0},{"damage_healed":0,"gold_gain":0,"cards_transformed":["Strike_P"],"player_choice":"Transformed","damage_taken":0,"max_hp_gain":0,"max_hp_loss":0,"event_name":"Transmorgrifier","floor":13,"gold_loss":0,"cards_obtained":["Scrawl"]},{"cards_removed":["Strike_P"],"damage_healed":0,"gold_gain":0,"player_choice":"Elegance","damage_taken":0,"max_hp_gain":0,"max_hp_loss":0,"event_name":"Back to Basics","floor":19,"gold_loss":0},{"damage_healed":0,"gold_gain":0,"player_choice":"Gave Potion","damage_taken":0,"relics_obtained":["Lantern"],"max_hp_gain":0,"max_hp_loss":0,"event_name":"WeMeetAgain","floor":21,"gold_loss":0}],"is_beta":false,"boss_relics":[{"not_picked":["Fusion Hammer","Cursed Key"],"picked":"Sozu"}],"items_purged_floors":[4],"is_endless":false,"potions_floor_spawned":[5,14,16,20,24,25,28],"killed_by":"Cultist and Chosen","ascension_level":15}