{"gold_per_floor":[117,128,144,160,45,45,80,100,100,112,141,184,1,18,18,90,90,110,110,25,25,30,30,50,50,77,77,2,2,31,31],"floor_reached":31,"playtime":1410,"items_purged":["Strike_P"],"score":464,"play_id":"7272f50e-6c80-4c1b-a05c-d918e2f612bf","local_time":"20210825220840","is_ascension_mode":true,"campfire_choices":[{"data":"EmptyFist","floor":6,"key":"SMITH"},{"floor":10,"key":"REST"},{"floor":15,"key":"REST"},{"floor":23,"key":"REST"},{"floor":25,"key":"REST"},{"data":"RitualDagger","floor":29,"key":"SMITH"}],"neow_cost":"NONE","seed_source_timestamp":39124006211700,"circlet_count":0,"master_deck":["AscendersBane","Strike_P","Strike_P","Defend_P","Defend_P","Defend_P","Defend_P","Eruption","Vigilance","Devotion","EmptyFist+1","Wallop","FollowUp","Protect","SandsOfTime","LikeWater","TalkToTheHand","EmptyMind","EmptyBody","BowlingBash","LikeWater","Conclude","TalkToTheHand","Wireheading","Scrawl","Prostrate","ClearTheMind","Tantrum","ClearTheMind+1","Adaptation","Meditate+1","RitualDagger+1","EmptyBody+1"],"relics":["PureWater","Bottled Flame","MawBank","Dream Catcher","SlaversCollar","Toxic Egg 2","Strawberry","Boot"],"potions_floor_usage":[7,16,16,18,24],"damage_taken":[{"damage":0,"enemies":"Cultist","floor":1,"turns":3},{"damage":0,"enemies":"Small Slimes","floor":2,"turns":2},{"damage":0,"enemies":"2 Louse","floor":3,"turns":2},{"damage":3,"enemies":"Blue Slaver","floor":4,"turns":4},{"damage":34,"enemies":"Gremlin Nob","floor":7,"turns":5},{"damage":12,"enemies":"Lots of Slimes","floor":8,"turns":3},{"damage":11,"enemies":"3 Louse","floor":11,"turns":4},{"damage":7,"enemies":"Lagavulin","floor":12,"turns":6},{"damage":10,"enemies":"Large Slime","floor":14,"turns":5},{"damage":11,"enemies":"Hexaghost","floor":16,"turns":8},{"damage":0,"enemies":"Chosen","floor":18,"turns":8},{"damage":21,"enemies":"2 Thieves","floor":22,"turns":4},{"damage":32,"enemies":"Cultist and Chosen","floor":24,"turns":8},{"damage":29,"enemies":"Slavers","floor":30,"turns":8},{"damage":13,"enemies":"Snecko","floor":31,"turns":3}],"seed_played":"-972633785642994001","potions_obtained":[{"floor":3,"key":"Weak Potion"},{"floor":7,"key":"Dexterity Potion"},{"floor":8,"key":"Energy Potion"},{"floor":11,"key":"LiquidBronze"},{"floor":18,"key":"Fruit Juice"},{"floor":22,"key":"SkillPotion"},{"floor":30,"key":"CultistPotion"}],"is_trial":false,"path_per_floor":["M","M","M","M","$","R","E","M","T","R","M","E","$","M","R","B",null,"M","?","?","?","M","R","M","R","T","?","?","R","E","M"],"character_chosen":"WATCHER","items_purchased":["SandsOfTime","LikeWater","LikeWater","Conclude"],"campfire_rested":4,"item_purchase_floors":[5,5,13,13],"current_hp_per_floor":[61,61,61,58,58,58,24,12,12,32,21,14,14,4,24,13,54,59,59,59,38,17,40,8,31,38,32,32,32,3,0],"gold":31,"neow_bonus":"ONE_RANDOM_RARE_CARD","is_prod":false,"is_daily":false,"chose_seed":false,"campfire_upgraded":2,"win_rate":0,"timestamp":1629943720,"path_taken":["M","?","M","M","?","R","E","M","T","R","?","E","?","M","R","BOSS","M","?","?","?","M","R","M","R","T","?","?","R","E","?"],"build_version":"2020-12-22","purchased_purges":1,"victory":false,"max_hp_per_floor":[68,68,68,68,68,68,68,68,68,68,68,68,68,68,68,68,68,73,73,73,78,78,78,78,78,85,85,85,85,85,85],"card_choices":[{"not_picked":["BowlingBash","Worship"],"picked":"EmptyFist","floor":1},{"not_picked":["PathToVictory","JustLucky"],"picked":"Wallop","floor":2},{"not_picked":["EmptyFist","JustLucky"],"picked":"FollowUp","floor":3},{"not_picked":["Perseverance","CrushJoints"],"picked":"Protect","floor":4},{"not_picked":["Establishment","ReachHeaven"],"picked":"TalkToTheHand","floor":7},{"not_picked":["Halt","EmptyFist"],"picked":"EmptyMind","floor":8},{"not_picked":["Wallop","EmptyFist"],"picked":"EmptyBody","floor":11},{"not_picked":["FollowUp","Prostrate"],"picked":"BowlingBash","floor":12},{"not_picked":["BattleHymn","Vengeance"],"picked":"TalkToTheHand","floor":14},{"not_picked":["EmptyFist","ThirdEye"],"picked":"Wireheading","floor":15},{"not_picked":["Omniscience","Wish"],"picked":"Scrawl","floor":16},{"not_picked":["CrushJoints","Indignation"],"picked":"Prostrate","floor":18},{"not_picked":["CutThroughFate","CarveReality"],"picked":"Tantrum","floor":22},{"not_picked":["Prostrate+1","Consecrate"],"picked":"ClearTheMind+1","floor":23},{"not_picked":["Nirvana","JustLucky"],"picked":"Adaptation","floor":24},{"not_picked":["Swivel+1","Prostrate+1"],"picked":"Meditate+1","floor":25},{"not_picked":["Wish+1","Tantrum"],"picked":"EmptyBody+1","floor":30}],"player_experience":743687,"relics_obtained":[{"floor":7,"key":"Bottled Flame"},{"floor":9,"key":"MawBank"},{"floor":12,"key":"Dream Catcher"},{"floor":26,"key":"Strawberry"},{"floor":30,"key":"Boot"}],"event_choices":[{"damage_healed":0,"gold_gain":0,"player_choice":"Read","damage_taken":0,"max_hp_gain":0,"max_hp_loss":0,"event_name":"The Library","floor":19,"gold_loss":0,"cards_obtained":["ClearTheMind"]},{"damage_healed":0,"gold_gain":0,"player_choice":"Obtained Relic","damage_taken":0,"relics_obtained":["Toxic Egg 2"],"max_hp_gain":0,"max_hp_loss":0,"event_name":"Addict","floor":20,"gold_loss":85},{"damage_healed":0,"gold_gain":0,"player_choice":"Shed Blood","damage_taken":26,"max_hp_gain":5,"max_hp_loss":0,"event_name":"Forgotten Altar","floor":21,"gold_loss":0},{"damage_healed":0,"gold_gain":0,"player_choice":"Joined the Cult","damage_taken":6,"max_hp_gain":0,"max_hp_loss":0,"event_name":"Nest","floor":27,"gold_loss":0,"cards_obtained":["RitualDagger"]},{"cards_removed":["Strike_P"],"damage_healed":0,"gold_gain":0,"player_choice":"Gave Gold","damage_taken":0,"max_hp_gain":0,"max_hp_loss":0,"event_name":"Beggar","floor":28,"gold_loss":75}],"is_beta":false,"boss_relics":[{"not_picked":["HolyWater","Runic Dome"],"picked":"SlaversCollar"}],"items_purged_floors":[13],"is_endless":false,"potions_floor_spawned":[3,7,8,11,18,22,30],"killed_by":"Snecko","ascension_level":15}