{"gold_per_floor":[14,27,102,120,132,132,165,165,165,165,179,179,179,196,196,268,268,280,299,299,17,27,27,27,60,60,87,107,107,123,148,148,222,222,238,238,258,277,128,128,146,176,176,176,193,193,218,271,271,271],"floor_reached":50,"playtime":5727,"items_purged":["Defend_P"],"score":1009,"play_id":"9a1348bc-8935-47a4-af6c-0cb5596323f2","local_time":"20210824175027","is_ascension_mode":true,"campfire_choices":[{"data":"EmptyFist","floor":6,"key":"SMITH"},{"data":"Adaptation","floor":8,"key":"SMITH"},{"data":"Eruption","floor":10,"key":"SMITH"},{"floor":15,"key":"REST"},{"data":"Vault","floor":23,"key":"SMITH"},{"floor":29,"key":"REST"},{"data":"PathToVictory","floor":32,"key":"SMITH"},{"data":"MentalFortress","floor":40,"key":"SMITH"},{"data":"PathToVictory","floor":44,"key":"SMITH"},{"data":"PathToVictory","floor":46,"key":"SMITH"},{"floor":49,"key":"RECALL"}],"neow_cost":"NO_GOLD","seed_source_timestamp":1174994884390400,"circlet_count":0,"master_deck":["AscendersBane","Defend_P","Defend_P","Eruption+1","Vigilance","EmptyFist+1","Consecrate","Adaptation+1","FearNoEvil","WheelKick","PathToVictory+1","Vault+1","ClearTheMind","EmptyBody","PathToVictory+1","PathToVictory+1","CutThroughFate","FlurryOfBlows","Meditate","PathToVictory","Evaluate","Wallop+1","EmptyMind","MentalFortress+1","InnerPeace","SpiritShield","MentalFortress+1"],"relics":["PureWater","Centennial Puzzle","Damaru","VioletLotus","Eternal Feather","White Beast Statue","TeardropLocket","Ancient Tea Set","Turnip","SacredBark","Happy Flower","Bottled Lightning","Calipers"],"potions_floor_usage":[4,7,30,30,31,33,35,37,45,45,50,50],"damage_taken":[{"damage":4,"enemies":"Cultist","floor":1,"turns":4},{"damage":0,"enemies":"Small Slimes","floor":2,"turns":3},{"damage":9,"enemies":"2 Louse","floor":4,"turns":5},{"damage":16,"enemies":"Lots of Slimes","floor":5,"turns":3},{"damage":10,"enemies":"Gremlin Nob","floor":7,"turns":3},{"damage":0,"enemies":"Looter","floor":11,"turns":2},{"damage":4,"enemies":"Red Slaver","floor":14,"turns":2},{"damage":7,"enemies":"Slime Boss","floor":16,"turns":7},{"damage":8,"enemies":"3 Byrds","floor":18,"turns":4},{"damage":7,"enemies":"Chosen","floor":19,"turns":5},{"damage":5,"enemies":"Snecko","floor":22,"turns":4},{"damage":15,"enemies":"Gremlin Leader","floor":25,"turns":4},{"damage":15,"enemies":"Slavers","floor":27,"turns":4},{"damage":9,"enemies":"Centurion and Healer","floor":28,"turns":5},{"damage":6,"enemies":"Shelled Parasite and Fungi","floor":30,"turns":2},{"damage":8,"enemies":"Gremlin Leader","floor":31,"turns":5},{"damage":30,"enemies":"Automaton","floor":33,"turns":7},{"damage":1,"enemies":"3 Shapes","floor":35,"turns":5},{"damage":15,"enemies":"3 Darklings","floor":37,"turns":4},{"damage":1,"enemies":"4 Shapes","floor":38,"turns":4},{"damage":0,"enemies":"Maw","floor":41,"turns":5},{"damage":1,"enemies":"Giant Head","floor":42,"turns":6},{"damage":0,"enemies":"Jaw Worm Horde","floor":45,"turns":1},{"damage":16,"enemies":"Reptomancer","floor":47,"turns":6},{"damage":22,"enemies":"2 Orb Walkers","floor":48,"turns":3},{"damage":62,"enemies":"Time Eater","floor":50,"turns":12}],"seed_played":"-8259028510674659043","potions_obtained":[{"floor":1,"key":"Regen Potion"},{"floor":4,"key":"ColorlessPotion"},{"floor":14,"key":"GamblersBrew"},{"floor":18,"key":"Strength Potion"},{"floor":19,"key":"DistilledChaos"},{"floor":22,"key":"DuplicationPotion"},{"floor":30,"key":"Swift Potion"},{"floor":31,"key":"LiquidMemories"},{"floor":33,"key":"ColorlessPotion"},{"floor":35,"key":"StancePotion"},{"floor":37,"key":"Explosive Potion"},{"floor":38,"key":"Swift Potion"},{"floor":45,"key":"ColorlessPotion"},{"floor":47,"key":"LiquidMemories"}],"is_trial":false,"path_per_floor":["M","M","?","M","M","R","E","R","T","R","M","?","?","M","R","B",null,"M","M","$","$","M","R","?","E","T","E","M","R","M","E","R","B",null,"M","?","M","M","$","R","M","E","T","R","M","R","E","?","R","B"],"character_chosen":"WATCHER","items_purchased":["Eternal Feather","PathToVictory","MentalFortress"],"campfire_rested":2,"item_purchase_floors":[21,21,39],"current_hp_per_floor":[57,57,46,49,33,33,23,23,23,23,23,16,16,12,32,25,57,49,42,42,42,37,46,46,31,31,16,7,39,33,25,37,7,53,52,52,37,36,36,48,48,47,47,62,62,68,52,30,45,0],"gold":271,"neow_bonus":"REMOVE_TWO","is_prod":false,"is_daily":false,"chose_seed":false,"campfire_upgraded":8,"win_rate":0,"timestamp":1629841827,"path_taken":["M","?","?","M","M","R","E","R","T","R","M","?","?","M","R","BOSS","M","M","?","$","M","R","?","E","T","E","?","R","M","E","R","BOSS","M","?","?","M","$","R","M","E","T","R","M","R","E","?","R","BOSS"],"build_version":"2020-12-22","purchased_purges":1,"victory":false,"max_hp_per_floor":[68,68,68,68,68,68,68,68,68,68,68,68,68,68,68,68,68,68,68,68,68,68,68,68,68,68,68,68,68,68,68,68,68,68,68,68,68,68,68,68,68,68,68,68,68,68,68,68,68,68],"card_choices":[{"not_picked":["Fasting2","Indignation"],"picked":"EmptyFist","floor":1},{"not_picked":["Halt","CarveReality"],"picked":"Consecrate","floor":2},{"not_picked":["Worship","Halt"],"picked":"Adaptation","floor":4},{"not_picked":["Crescendo","FlurryOfBlows"],"picked":"FearNoEvil","floor":5},{"not_picked":["ClearTheMind","Perseverance"],"picked":"WheelKick","floor":7},{"not_picked":["EmptyFist","SashWhip","CrushJoints"],"picked":"SKIP","floor":11},{"not_picked":["ForeignInfluence","Evaluate","Establishment"],"picked":"SKIP","floor":14},{"not_picked":["Omniscience","Ragnarok"],"picked":"Vault","floor":16},{"not_picked":["Consecrate","WindmillStrike"],"picked":"ClearTheMind","floor":18},{"not_picked":["ClearTheMind","InnerPeace"],"picked":"EmptyBody","floor":19},{"not_picked":["Prostrate","Halt"],"picked":"PathToVictory","floor":22},{"not_picked":["Wish","SashWhip"],"picked":"CutThroughFate","floor":25},{"not_picked":["CrushJoints","SandsOfTime"],"picked":"FlurryOfBlows","floor":27},{"not_picked":["FearNoEvil","EmptyBody"],"picked":"Meditate","floor":28},{"not_picked":["BowlingBash","Conclude"],"picked":"PathToVictory","floor":30},{"not_picked":["Wish","Nirvana","BowlingBash"],"picked":"SKIP","floor":31},{"not_picked":["Crescendo","CarveReality"],"picked":"Evaluate","floor":35},{"not_picked":["Worship+1","Crescendo"],"picked":"Wallop+1","floor":37},{"not_picked":["Prostrate","JustLucky+1"],"picked":"EmptyMind","floor":38},{"not_picked":["DeusExMachina","FollowUp"],"picked":"InnerPeace","floor":41},{"not_picked":["BowlingBash","ForeignInfluence","SashWhip"],"picked":"SKIP","floor":42},{"not_picked":["FearNoEvil","BowlingBash","ClearTheMind"],"picked":"SKIP","floor":45},{"not_picked":["Indignation","LessonLearned"],"picked":"SpiritShield","floor":47},{"not_picked":["CarveReality+1","Crescendo+1"],"picked":"MentalFortress+1","floor":48}],"player_experience":720162,"relics_obtained":[{"floor":7,"key":"Centennial Puzzle"},{"floor":9,"key":"Damaru"},{"floor":25,"key":"White Beast Statue"},{"floor":26,"key":"TeardropLocket"},{"floor":27,"key":"Ancient Tea Set"},{"floor":31,"key":"Turnip"},{"floor":42,"key":"Happy Flower"},{"floor":47,"key":"Bottled Lightning"},{"floor":48,"key":"Calipers"}],"event_choices":[{"damage_healed":0,"gold_gain":75,"player_choice":"Gather Gold","damage_taken":11,"max_hp_gain":0,"max_hp_loss":0,"event_name":"World of Goop","floor":3,"gold_loss":0},{"cards_removed":["Strike_P"],"damage_healed":0,"gold_gain":0,"player_choice":"Card Removal","damage_taken":7,"max_hp_gain":0,"max_hp_loss":0,"event_name":"Golden Wing","floor":12,"gold_loss":0},{"damage_healed":0,"gold_gain":0,"cards_transformed":["Strike_P"],"player_choice":"Transformed","damage_taken":0,"max_hp_gain":0,"max_hp_loss":0,"event_name":"Transmorgrifier","floor":13,"gold_loss":0,"cards_obtained":["PathToVictory"]},{"damage_healed":0,"gold_gain":0,"player_choice":"Ignored","damage_taken":0,"max_hp_gain":0,"max_hp_loss":0,"event_name":"N\u0027loth","floor":24,"gold_loss":0},{"cards_removed":["Strike_P"],"damage_healed":0,"gold_gain":0,"player_choice":"Offered Basic","damage_taken":0,"max_hp_gain":0,"max_hp_loss":0,"event_name":"Bonfire Elementals","floor":36,"gold_loss":0},{"damage_healed":0,"gold_gain":0,"player_choice":"Fight","damage_taken":0,"max_hp_gain":0,"max_hp_loss":0,"event_name":"Mysterious Sphere","floor":48,"gold_loss":0}],"is_beta":false,"boss_relics":[{"not_picked":["Black Star","Philosopher\u0027s Stone"],"picked":"VioletLotus"},{"not_picked":["Sozu","Pandora\u0027s Box"],"picked":"SacredBark"}],"items_purged_floors":[39],"is_endless":false,"potions_floor_spawned":[1,4,14,18,19,22,27,28,30,31,33,35,37,38,41,42,45,47,48],"killed_by":"Time Eater","ascension_level":15}