{"gold_per_floor":[119,129,149,163,178,206,222,249,297,307,307,307,307,320,320,397,397,411,411,439,142,142,173,173,173,173,0,19,19,38,54,54,127,127,171,237,280,342,38,38],"floor_reached":40,"playtime":3846,"items_purged":["Collect"],"score":786,"play_id":"a6af89f2-f228-40ea-a775-5c09960de261","local_time":"20210824220828","is_ascension_mode":true,"campfire_choices":[{"floor":11.0,"key":"REST"},{"data":"LikeWater","floor":15.0,"key":"SMITH"},{"data":"Adaptation","floor":25.0,"key":"SMITH"},{"data":"SignatureMove","floor":29.0,"key":"SMITH"},{"data":"Meditate","floor":32.0,"key":"SMITH"}],"neow_cost":"NONE","seed_source_timestamp":1180730422722600,"circlet_count":0,"master_deck":["AscendersBane","Eruption","Vigilance","CutThroughFate","Adaptation+1","MentalFortress","BowlingBash","Crescendo","ThirdEye","Evaluate","LikeWater+1","DeusExMachina","Protect","Omniscience","SashWhip","Meditate+1","Meditate","EmptyFist","Sanctity","Halt","LikeWater","SignatureMove+1","Wish","SandsOfTime+1","CutThroughFate+1","ClearTheMind+1"],"special_seed":0,"relics":["PureWater","Vajra","Potion Belt","Damaru","Oddly Smooth Stone","Pandora\u0027s Box","Red Mask","Strawberry","Bird Faced Urn","Turnip","Coffee Dripper","Bag of Preparation","Orrery"],"potions_floor_usage":[37],"damage_taken":[{"damage":0.0,"enemies":"Cultist","floor":1.0,"turns":2.0},{"damage":2.0,"enemies":"Jaw Worm","floor":2.0,"turns":3.0},{"damage":0.0,"enemies":"2 Louse","floor":3.0,"turns":3.0},{"damage":6.0,"enemies":"Looter","floor":4.0,"turns":3.0},{"damage":0.0,"enemies":"2 Fungi Beasts","floor":5.0,"turns":3.0},{"damage":10.0,"enemies":"Gremlin Nob","floor":6.0,"turns":4.0},{"damage":6.0,"enemies":"Red Slaver","floor":7.0,"turns":5.0},{"damage":23.0,"enemies":"3 Sentries","floor":8.0,"turns":10.0},{"damage":0.0,"enemies":"Gremlin Gang","floor":10.0,"turns":5.0},{"damage":6.0,"enemies":"Exordium Wildlife","floor":14.0,"turns":5.0},{"damage":7.0,"enemies":"The Guardian","floor":16.0,"turns":10.0},{"damage":15.0,"enemies":"2 Thieves","floor":18.0,"turns":3.0},{"damage":9.0,"enemies":"Masked Bandits","floor":20.0,"turns":6.0},{"damage":15.0,"enemies":"Slavers","floor":23.0,"turns":6.0},{"damage":0.0,"enemies":"Chosen","floor":24.0,"turns":8.0},{"damage":0.0,"enemies":"Snecko","floor":28.0,"turns":5.0},{"damage":10.0,"enemies":"Cultist and Chosen","floor":30.0,"turns":7.0},{"damage":17.0,"enemies":"Snake Plant","floor":31.0,"turns":3.0},{"damage":16.0,"enemies":"Automaton","floor":33.0,"turns":10.0},{"damage":0,"enemies":"3 Shapes","floor":35,"turns":8},{"damage":4,"enemies":"Orb Walker","floor":36,"turns":5},{"damage":37,"enemies":"Maw","floor":37,"turns":10},{"damage":17,"enemies":"4 Shapes","floor":38,"turns":8},{"damage":96,"enemies":"Giant Head","floor":40,"turns":9}],"seed_played":"-802851403642011400","potions_obtained":[{"floor":1.0,"key":"Energy Potion"},{"floor":2.0,"key":"Block Potion"},{"floor":7.0,"key":"SmokeBomb"},{"floor":10.0,"key":"FairyPotion"},{"floor":16.0,"key":"DistilledChaos"},{"floor":18.0,"key":"EssenceOfSteel"},{"floor":20.0,"key":"Fire Potion"},{"floor":28.0,"key":"Fruit Juice"},{"floor":35,"key":"Regen Potion"},{"floor":36,"key":"Ancient Potion"}],"is_trial":false,"path_per_floor":["M","M","M","M","M","E","M","E","T","M","R","?","?","M","R","B",null,"M","?","?","$","?","E","M","R","T","$","M","R","M","M","R","B",null,"M","M","M","M","$","E"],"character_chosen":"WATCHER","items_purchased":["Halt","Strawberry","Swift Potion","SignatureMove","CultistPotion","Bag of Preparation","Orrery"],"campfire_rested":1,"item_purchase_floors":[21,21,21,27,27,39,39],"current_hp_per_floor":[61,59,59,53,53,43,37,14,14,14,34,27,27,21,21,14,55,40,40,31,38,38,23,31,31,31,31,42,42,40,31,31,25,66,72,76,55,46,46,0],"gold":38,"neow_bonus":"RANDOM_COMMON_RELIC","is_prod":false,"is_daily":false,"chose_seed":false,"campfire_upgraded":4,"win_rate":0,"timestamp":1629857308,"path_taken":["M","M","?","M","M","E","M","E","T","M","R","?","?","M","R","BOSS","M","?","?","$","?","E","M","R","T","$","M","R","M","M","R","BOSS","M","M","M","M","$","E"],"build_version":"2020-12-22","purchased_purges":1,"victory":false,"max_hp_per_floor":[68,68,68,68,68,68,68,68,68,68,68,68,68,68,68,68,68,68,68,68,75,75,75,75,75,75,75,80,80,80,80,80,80,80,80,80,80,80,80,80],"card_choices":[{"not_picked":["Indignation","Adaptation"],"picked":"CutThroughFate","floor":1.0},{"not_picked":["CutThroughFate","Crescendo"],"picked":"Adaptation","floor":2.0},{"not_picked":["Swivel","Meditate"],"picked":"MentalFortress","floor":3.0},{"not_picked":["Halt","FlyingSleeves"],"picked":"BowlingBash","floor":4.0},{"not_picked":["Evaluate","Perseverance"],"picked":"Crescendo","floor":5.0},{"not_picked":["EmptyFist","Wireheading"],"picked":"ThirdEye","floor":6.0},{"not_picked":["Prostrate","Study","Crescendo"],"picked":"SKIP","floor":7.0},{"not_picked":["Adaptation","MasterReality"],"picked":"Evaluate","floor":8.0},{"not_picked":["Evaluate","Prostrate","FlyingSleeves"],"picked":"SKIP","floor":10.0},{"not_picked":["Protect","PathToVictory"],"picked":"LikeWater","floor":14.0},{"not_picked":["Ragnarok","DevaForm"],"picked":"DeusExMachina","floor":16.0},{"not_picked":["PathToVictory","Evaluate"],"picked":"EmptyFist","floor":18.0},{"not_picked":["WaveOfTheHand","WindmillStrike"],"picked":"Sanctity","floor":20.0},{"not_picked":["Protect","InnerPeace"],"picked":"LikeWater","floor":23.0},{"not_picked":["EmptyFist","Evaluate","Nirvana"],"picked":"SKIP","floor":28.0},{"not_picked":["FlyingSleeves+1","Consecrate","FlurryOfBlows"],"picked":"SKIP","floor":30.0},{"not_picked":["Evaluate","SashWhip","FlurryOfBlows"],"picked":"SKIP","floor":31.0},{"not_picked":["Devotion","Judgement"],"picked":"Wish","floor":33.0},{"not_picked":["Consecrate","SashWhip","TalkToTheHand"],"picked":"SKIP","floor":35},{"not_picked":["Prostrate","WreathOfFlame","EmptyBody"],"picked":"SKIP","floor":36},{"not_picked":["Indignation+1","Collect","DeceiveReality"],"picked":"SKIP","floor":37},{"not_picked":["Conclude+1","Crescendo","CutThroughFate"],"picked":"SKIP","floor":38},{"not_picked":["Protect","Study"],"picked":"SandsOfTime+1","floor":39},{"not_picked":["Crescendo","BowlingBash+1"],"picked":"CutThroughFate+1","floor":39},{"not_picked":["SashWhip","FlurryOfBlows+1"],"picked":"ClearTheMind+1","floor":39}],"player_experience":725889,"relics_obtained":[{"floor":6.0,"key":"Potion Belt"},{"floor":8.0,"key":"Damaru"},{"floor":9.0,"key":"Oddly Smooth Stone"},{"floor":20.0,"key":"Red Mask"},{"floor":23.0,"key":"Bird Faced Urn"},{"floor":26.0,"key":"Turnip"}],"event_choices":[{"cards_removed":["Strike_P"],"damage_healed":0.0,"max_hp_gain":0.0,"max_hp_loss":0.0,"gold_gain":0.0,"event_name":"Golden Wing","player_choice":"Card Removal","floor":12.0,"gold_loss":0.0,"damage_taken":7.0},{"damage_healed":0.0,"max_hp_gain":0.0,"max_hp_loss":0.0,"gold_gain":0.0,"event_name":"Liars Game","player_choice":"Ignored","floor":13.0,"gold_loss":0.0,"damage_taken":0.0},{"damage_healed":0.0,"max_hp_gain":0.0,"max_hp_loss":0.0,"gold_gain":0.0,"cards_transformed":["Worship","ReachHeaven"],"event_name":"Drug Dealer","player_choice":"Became Test Subject","floor":19.0,"gold_loss":0.0,"damage_taken":0.0,"cards_obtained":["Study","Collect"]},{"damage_healed":0.0,"max_hp_gain":0.0,"max_hp_loss":0.0,"gold_gain":0.0,"event_name":"Masked Bandits","player_choice":"Fought Bandits","floor":20.0,"gold_loss":0.0,"damage_taken":0.0},{"cards_removed":["Study"],"damage_healed":0.0,"max_hp_gain":0.0,"max_hp_loss":0.0,"gold_gain":0.0,"event_name":"Purifier","player_choice":"Purged","floor":22.0,"gold_loss":0.0,"damage_taken":0.0}],"is_beta":false,"boss_relics":[{"not_picked":["Empty Cage","VioletLotus"],"picked":"Pandora\u0027s Box"},{"not_picked":["Cursed Key","HolyWater"],"picked":"Coffee Dripper"}],"items_purged_floors":[21],"is_endless":false,"potions_floor_spawned":[1,2,3,7,10,16,18,20,28,35,36],"killed_by":"Giant Head","ascension_level":15}