{"gold_per_floor":[113,128,128,147,147,147,159,192,192,231,243,255,286,339,351,461,473,508,445,470,482,494],"floor_reached":22,"playtime":1115,"items_purged":[],"score":401,"play_id":"05796ab1-f3c1-4e6d-98d5-62868bf5e565","local_time":"20210825123053","is_ascension_mode":true,"campfire_choices":[{"data":"Wallop","floor":6.0,"key":"SMITH"},{"data":"Adaptation","floor":11.0,"key":"SMITH"},{"data":"WindmillStrike","floor":15.0,"key":"SMITH"}],"neow_cost":"NONE","seed_source_timestamp":3081239340500,"circlet_count":0,"master_deck":["AscendersBane","Strike_P","Strike_P+1","Defend_P","Defend_P","Defend_P","Defend_P","Eruption+1","Vigilance+1","FlurryOfBlows","Wallop+1","Adaptation+1","EmptyBody","FlurryOfBlows","DeceiveReality","WindmillStrike+1","LessonLearned","EmptyBody+1","EmptyFist","RitualDagger"],"special_seed":0,"relics":["PureWater","Happy Flower","MawBank","Eternal Feather","Golden Idol","CaptainsWheel","SlaversCollar"],"potions_floor_usage":[22],"damage_taken":[{"damage":4.0,"enemies":"Jaw Worm","floor":1.0,"turns":7.0},{"damage":4.0,"enemies":"2 Louse","floor":2.0,"turns":4.0},{"damage":0.0,"enemies":"Small Slimes","floor":4.0,"turns":3.0},{"damage":3.0,"enemies":"Exordium Wildlife","floor":7.0,"turns":2.0},{"damage":12.0,"enemies":"Lagavulin","floor":8.0,"turns":4.0},{"damage":8.0,"enemies":"Gremlin Nob","floor":10.0,"turns":3.0},{"damage":0.0,"enemies":"Large Slime","floor":13.0,"turns":2.0},{"damage":8.0,"enemies":"3 Sentries","floor":14.0,"turns":8.0},{"damage":15.0,"enemies":"The Guardian","floor":16.0,"turns":11.0},{"damage":19.0,"enemies":"Chosen","floor":18.0,"turns":8.0},{"damage":2,"enemies":"Spheric Guardian","floor":20,"turns":5},{"damage":29,"enemies":"3 Cultists","floor":22,"turns":4}],"seed_played":"-8620965166309395091","potions_obtained":[{"floor":2.0,"key":"Strength Potion"},{"floor":4.0,"key":"SkillPotion"},{"floor":7.0,"key":"FearPotion"},{"floor":13.0,"key":"Energy Potion"},{"floor":14.0,"key":"SpeedPotion"}],"is_trial":false,"path_per_floor":["M","M","?","M","?","R","M","E","T","E","R","?","M","E","R","B",null,"M","?","M","?","M"],"character_chosen":"WATCHER","items_purchased":[],"campfire_rested":0,"item_purchase_floors":[],"current_hp_per_floor":[57,53,58,58,51,51,48,36,36,28,37,37,37,29,38,23,55,36,36,34,28,0],"gold":494,"neow_bonus":"UPGRADE_CARD","is_prod":false,"is_daily":false,"chose_seed":false,"campfire_upgraded":3,"win_rate":0,"timestamp":1629909053,"path_taken":["M","M","?","M","?","R","M","E","T","E","R","?","M","E","R","BOSS","M","?","M","?","M"],"build_version":"2020-12-22","purchased_purges":0,"victory":false,"max_hp_per_floor":[68,68,73,73,73,73,73,73,73,73,73,66,66,66,66,66,66,66,66,66,66,66],"card_choices":[{"not_picked":["SashWhip","CarveReality"],"picked":"FlurryOfBlows","floor":1.0},{"not_picked":["JustLucky","WaveOfTheHand"],"picked":"Wallop","floor":2.0},{"not_picked":["Wallop","PathToVictory"],"picked":"Adaptation","floor":4.0},{"not_picked":["FlyingSleeves","Conclude"],"picked":"EmptyBody","floor":7.0},{"not_picked":["Consecrate","Crescendo"],"picked":"FlurryOfBlows","floor":8.0},{"not_picked":["SandsOfTime","Crescendo","Sanctity"],"picked":"SKIP","floor":10.0},{"not_picked":["Adaptation","WindmillStrike"],"picked":"DeceiveReality","floor":13.0},{"not_picked":["Establishment","Evaluate"],"picked":"WindmillStrike","floor":14.0},{"not_picked":["Wish","DevaForm"],"picked":"LessonLearned","floor":16.0},{"not_picked":["Wallop","FlyingSleeves+1"],"picked":"EmptyBody+1","floor":18.0},{"not_picked":["FlyingSleeves","Protect"],"picked":"EmptyFist","floor":20}],"player_experience":736400,"relics_obtained":[{"floor":8.0,"key":"Happy Flower"},{"floor":9.0,"key":"MawBank"},{"floor":10.0,"key":"Eternal Feather"},{"floor":14.0,"key":"CaptainsWheel"}],"event_choices":[{"damage_healed":0.0,"max_hp_gain":5.0,"max_hp_loss":0.0,"gold_gain":0.0,"event_name":"Big Fish","player_choice":"Donut","floor":3.0,"gold_loss":0.0,"damage_taken":0.0},{"cards_removed":["Strike_P"],"damage_healed":0.0,"max_hp_gain":0.0,"max_hp_loss":0.0,"gold_gain":0.0,"event_name":"Golden Wing","player_choice":"Card Removal","floor":5.0,"gold_loss":0.0,"damage_taken":7.0},{"damage_healed":0.0,"max_hp_gain":0.0,"max_hp_loss":7.0,"gold_gain":0.0,"event_name":"Golden Idol","player_choice":"Lose Max HP","floor":12.0,"gold_loss":0.0,"damage_taken":0.0,"relics_obtained":["Golden Idol"]},{"cards_removed":["Strike_P"],"damage_healed":0,"gold_gain":0,"player_choice":"Gave Gold","damage_taken":0,"max_hp_gain":0,"max_hp_loss":0,"event_name":"Beggar","floor":19,"gold_loss":75},{"damage_healed":0,"gold_gain":0,"player_choice":"Joined the Cult","damage_taken":6,"max_hp_gain":0,"max_hp_loss":0,"event_name":"Nest","floor":21,"gold_loss":0,"cards_obtained":["RitualDagger"]}],"is_beta":false,"boss_relics":[{"not_picked":["Busted Crown","HolyWater"],"picked":"SlaversCollar"}],"items_purged_floors":[],"is_endless":false,"potions_floor_spawned":[2,4,7,13,14],"killed_by":"3 Cultists","ascension_level":15}