{"gold_per_floor":[117,129,140,140,159,159,193,70,95,111,111,141,169,182,182,257,257,275,287,287,39,39],"floor_reached":22,"playtime":1334,"items_purged":["Strike_P","Strike_P"],"score":431,"play_id":"4cc9ced5-7b93-4cf4-b6d5-d761171d36d5","local_time":"20210825223122","is_ascension_mode":true,"campfire_choices":[{"floor":6,"key":"REST"},{"floor":11,"key":"REST"},{"data":"ConjureBlade","floor":15,"key":"SMITH"}],"neow_cost":"NONE","seed_source_timestamp":40543083915500,"circlet_count":0,"master_deck":["AscendersBane","Strike_P","Strike_P+1","Defend_P","Defend_P","Defend_P","Defend_P+1","Eruption+1","Vigilance","ConjureBlade+1","CutThroughFate","WheelKick","FlurryOfBlows+1","EmptyBody","EmptyFist","InnerPeace","Wireheading","EmptyMind","ThirdEye","LessonLearned","Nirvana","ThirdEye","JustLucky","Nirvana"],"special_seed":0,"relics":["PureWater","Smiling Mask","Whetstone","Boot","Yang","VioletLotus","DollysMirror"],"potions_floor_usage":[16,18,19,19],"damage_taken":[{"damage":7,"enemies":"Jaw Worm","floor":1,"turns":2},{"damage":0,"enemies":"Small Slimes","floor":2,"turns":3},{"damage":0,"enemies":"Cultist","floor":3,"turns":2},{"damage":8,"enemies":"Large Slime","floor":5,"turns":5},{"damage":27,"enemies":"3 Sentries","floor":7,"turns":7},{"damage":0,"enemies":"2 Fungi Beasts","floor":10,"turns":4},{"damage":15,"enemies":"Lagavulin","floor":13,"turns":7},{"damage":0,"enemies":"Looter","floor":14,"turns":3},{"damage":0,"enemies":"Hexaghost","floor":16,"turns":8},{"damage":24,"enemies":"Chosen","floor":18,"turns":8},{"damage":2,"enemies":"3 Byrds","floor":19,"turns":6},{"damage":75,"enemies":"Snecko","floor":22,"turns":8}],"seed_played":"2554500005660543136","potions_obtained":[{"floor":2,"key":"Swift Potion"},{"floor":5,"key":"Dexterity Potion"},{"floor":16,"key":"LiquidMemories"},{"floor":18,"key":"EssenceOfSteel"}],"is_trial":false,"path_per_floor":["M","M","M","?","M","R","E","$","T","M","R","?","E","M","R","B",null,"M","M","?","$","M"],"character_chosen":"WATCHER","items_purchased":["InnerPeace","JustLucky","DollysMirror"],"campfire_rested":2,"item_purchase_floors":[8,21,21],"current_hp_per_floor":[54,54,54,28,20,40,13,13,13,13,33,33,18,18,18,18,56,32,30,44,44,0],"gold":39,"neow_bonus":"ONE_RANDOM_RARE_CARD","is_prod":false,"is_daily":false,"chose_seed":false,"campfire_upgraded":1,"win_rate":0,"timestamp":1629945082,"path_taken":["M","M","M","?","M","R","E","$","T","M","R","?","E","M","R","BOSS","M","M","?","$","M"],"build_version":"2020-12-22","purchased_purges":2,"victory":false,"max_hp_per_floor":[68,68,68,68,68,68,68,68,68,68,68,68,68,68,68,68,68,68,68,68,68,68],"card_choices":[{"not_picked":["WaveOfTheHand","EmptyBody"],"picked":"CutThroughFate","floor":1},{"not_picked":["PathToVictory","CrushJoints"],"picked":"WheelKick","floor":2},{"not_picked":["EmptyMind","Evaluate"],"picked":"FlurryOfBlows","floor":3},{"not_picked":["FlyingSleeves","Crescendo"],"picked":"EmptyBody","floor":5},{"not_picked":["Crescendo","FollowUp"],"picked":"EmptyFist","floor":7},{"not_picked":["Establishment","CutThroughFate"],"picked":"Wireheading","floor":10},{"not_picked":["Crescendo","WheelKick"],"picked":"EmptyMind","floor":13},{"not_picked":["EmptyFist","CarveReality"],"picked":"ThirdEye","floor":14},{"not_picked":["Brilliance","Vault"],"picked":"LessonLearned","floor":16},{"not_picked":["EmptyBody","Indignation"],"picked":"Nirvana","floor":18},{"not_picked":["Collect+1","Perseverance"],"picked":"ThirdEye","floor":19}],"player_experience":745097,"relics_obtained":[{"floor":7,"key":"Whetstone"},{"floor":9,"key":"Boot"},{"floor":13,"key":"Yang"}],"event_choices":[{"damage_healed":0,"gold_gain":0,"player_choice":"Success","damage_taken":26,"relics_obtained":["Smiling Mask"],"max_hp_gain":0,"max_hp_loss":0,"event_name":"Scrap Ooze","floor":4,"gold_loss":0},{"damage_healed":0,"gold_gain":30,"player_choice":"Searched \u00271\u0027 times","damage_taken":0,"max_hp_gain":0,"max_hp_loss":0,"event_name":"Dead Adventurer","floor":12,"gold_loss":0},{"damage_healed":14,"gold_gain":0,"player_choice":"Heal","damage_taken":0,"max_hp_gain":0,"max_hp_loss":0,"event_name":"The Library","floor":20,"gold_loss":0}],"is_beta":false,"boss_relics":[{"not_picked":["HolyWater","Snecko Eye"],"picked":"VioletLotus"}],"items_purged_floors":[8,21],"is_endless":false,"potions_floor_spawned":[2,5,10,16,18],"killed_by":"Snecko","ascension_level":15}