{"gold_per_floor":[117,127,139,158,158,158,191,202,251,251,274,294,311,344,344,416,416,427,342,267,278,278,308,308,326,351,351,10,25,25,25,25,100,100,113,138,138,157,175,203,203,230,230,249,282,295,322,339,339,339],"floor_reached":51,"playtime":4393,"items_purged":["Strike_P+1"],"score":1443,"play_id":"e30dccc1-e4a5-4309-9339-837be702a3e3","local_time":"20210824161318","is_ascension_mode":true,"campfire_choices":[{"data":"Ragnarok","floor":6,"key":"SMITH"},{"data":"Eruption","floor":10,"key":"SMITH"},{"data":"Adaptation","floor":15,"key":"SMITH"},{"data":"Vigilance","floor":24,"key":"SMITH"},{"data":"LikeWater","floor":27,"key":"SMITH"},{"data":"Protect","floor":30,"key":"SMITH"},{"data":"ClearTheMind","floor":32,"key":"SMITH"},{"data":"TalkToTheHand","floor":41,"key":"SMITH"},{"data":"EmptyMind","floor":49,"key":"SMITH"}],"neow_cost":"TEN_PERCENT_HP_LOSS","seed_source_timestamp":1170491601698900,"circlet_count":0,"master_deck":["AscendersBane","Defend_P+1","Defend_P+1","Defend_P+1","Eruption+1","Vigilance+1","Ragnarok+1","EmptyFist+1","Protect+1","FlurryOfBlows+1","CutThroughFate+1","FlurryOfBlows+1","LikeWater+1","Vault+1","ClearTheMind+1","LessonLearned+1","Wireheading+1","JustLucky+1","Weave+1","EmptyBody+1","Swivel+1","ClearTheMind+1","DevaForm+1","MasterReality+1","Conclude+1","Blasphemy+1","LikeWater+1","TalkToTheHand+1","InnerPeace+1","CrushJoints+1","ThirdEye+1","WreathOfFlame+1","EmptyMind+1","MentalFortress+1"],"relics":["PureWater","Eternal Feather","Bag of Marbles","Odd Mushroom","Blue Candle","Runic Pyramid","Omamori","Ancient Tea Set","Dream Catcher","Vajra","Astrolabe","Bird Faced Urn","Orichalcum","Bag of Preparation","Du-Vu Doll","Question Card"],"potions_floor_usage":[7,8,16,23,23,40],"damage_taken":[{"damage":0,"enemies":"2 Louse","floor":1,"turns":2},{"damage":2,"enemies":"Jaw Worm","floor":2,"turns":3},{"damage":0,"enemies":"Cultist","floor":3,"turns":2},{"damage":0,"enemies":"Exordium Wildlife","floor":4,"turns":3},{"damage":20,"enemies":"3 Sentries","floor":7,"turns":7},{"damage":0,"enemies":"Looter","floor":8,"turns":1},{"damage":9,"enemies":"The Mushroom Lair","floor":11,"turns":3},{"damage":1,"enemies":"Red Slaver","floor":12,"turns":4},{"damage":8,"enemies":"Large Slime","floor":13,"turns":5},{"damage":15,"enemies":"Lagavulin","floor":14,"turns":7},{"damage":0,"enemies":"Slime Boss","floor":16,"turns":4},{"damage":7,"enemies":"Chosen","floor":18,"turns":5},{"damage":0,"enemies":"Spheric Guardian","floor":21,"turns":3},{"damage":16,"enemies":"Book of Stabbing","floor":23,"turns":6},{"damage":15,"enemies":"Chosen and Byrds","floor":25,"turns":6},{"damage":0,"enemies":"Shelled Parasite and Fungi","floor":29,"turns":2},{"damage":22,"enemies":"Automaton","floor":33,"turns":11},{"damage":0,"enemies":"3 Shapes","floor":35,"turns":5},{"damage":2,"enemies":"Mind Bloom Boss Battle","floor":36,"turns":8},{"damage":30,"enemies":"3 Darklings","floor":38,"turns":6},{"damage":5,"enemies":"Transient","floor":39,"turns":6},{"damage":7,"enemies":"Reptomancer","floor":40,"turns":5},{"damage":0,"enemies":"Nemesis","floor":42,"turns":4},{"damage":4,"enemies":"Maw","floor":44,"turns":6},{"damage":8,"enemies":"Reptomancer","floor":45,"turns":6},{"damage":5,"enemies":"Sphere and 2 Shapes","floor":46,"turns":2},{"damage":0,"enemies":"Giant Head","floor":47,"turns":8},{"damage":4,"enemies":"Spire Growth","floor":48,"turns":6},{"damage":48,"enemies":"Awakened One","floor":50,"turns":13}],"seed_played":"7405546127308652623","potions_obtained":[{"floor":4,"key":"AttackPotion"},{"floor":7,"key":"FearPotion"},{"floor":8,"key":"Energy Potion"},{"floor":12,"key":"SteroidPotion"},{"floor":18,"key":"StancePotion"},{"floor":29,"key":"AttackPotion"},{"floor":42,"key":"Fire Potion"}],"is_trial":false,"path_per_floor":["M","M","M","M","?","R","E","M","T","R","?","M","M","E","R","B",null,"M","?","?","M","?","E","R","M","T","R","$","M","R","$","R","B",null,"M","?","?","M","M","E","R","E","T","M","E","M","E","M","R","B",null],"character_chosen":"WATCHER","items_purchased":["Swivel","Vajra","StancePotion"],"campfire_rested":0,"item_purchase_floors":[28,28,28],"current_hp_per_floor":[61,59,59,59,64,64,44,44,44,53,44,43,35,20,32,32,58,51,51,51,51,51,35,47,32,32,47,47,47,62,62,67,45,62,62,60,60,40,41,38,53,59,59,65,60,55,65,65,67,29],"gold":339,"neow_bonus":"THREE_RARE_CARDS","is_prod":false,"is_daily":false,"chose_seed":false,"campfire_upgraded":9,"win_rate":0,"timestamp":1629835998,"path_taken":["M","M","M","M","?","R","E","M","T","R","?","M","M","E","R","BOSS","M","?","?","M","?","E","R","M","T","R","$","M","R","$","R","BOSS","M","?","?","M","?","E","R","E","T","M","E","M","E","M","R","BOSS"],"build_version":"2020-12-22","purchased_purges":1,"victory":true,"max_hp_per_floor":[62,62,62,62,67,67,67,67,67,67,67,67,67,67,67,67,67,67,67,67,67,67,67,67,67,67,67,67,67,67,67,67,67,67,67,67,67,67,67,67,67,67,67,67,67,67,67,67,67,67],"card_choices":[{"not_picked":["ConjureBlade","Wish"],"picked":"Ragnarok","floor":0},{"not_picked":["Prostrate","Swivel"],"picked":"EmptyFist","floor":1},{"not_picked":["Indignation","FlyingSleeves"],"picked":"Protect","floor":2},{"not_picked":["Study","BowlingBash"],"picked":"FlurryOfBlows","floor":3},{"not_picked":["JustLucky","BattleHymn"],"picked":"CutThroughFate","floor":4},{"not_picked":["Pray","CarveReality"],"picked":"FlurryOfBlows","floor":7},{"not_picked":["ClearTheMind","Prostrate"],"picked":"LikeWater","floor":8},{"not_picked":["JustLucky","CarveReality"],"picked":"Vault","floor":11},{"not_picked":["Collect","CrushJoints"],"picked":"ClearTheMind","floor":12},{"not_picked":["FlyingSleeves","Crescendo","Nirvana"],"picked":"SKIP","floor":13},{"not_picked":["FollowUp","Halt"],"picked":"Adaptation","floor":14},{"not_picked":["MasterReality","Alpha"],"picked":"LessonLearned","floor":16},{"not_picked":["InnerPeace","CutThroughFate"],"picked":"Wireheading+1","floor":18},{"not_picked":["CutThroughFate","EmptyFist"],"picked":"JustLucky","floor":21},{"not_picked":["WheelKick","LessonLearned"],"picked":"Weave","floor":23},{"not_picked":["SashWhip","CrushJoints"],"picked":"EmptyBody","floor":25},{"not_picked":["EmptyFist","CarveReality"],"picked":"ClearTheMind+1","floor":29},{"not_picked":["Devotion","Blasphemy"],"picked":"DevaForm","floor":33},{"not_picked":["EmptyBody+1","FlyingSleeves"],"picked":"LikeWater","floor":35},{"not_picked":["Crescendo","Collect+1","JustLucky"],"picked":"SKIP","floor":38},{"not_picked":["ClearTheMind","WaveOfTheHand","PathToVictory"],"picked":"SKIP","floor":39},{"not_picked":["Perseverance","Prostrate+1"],"picked":"TalkToTheHand","floor":40},{"not_picked":["Meditate+1","ThirdEye"],"picked":"InnerPeace","floor":42},{"not_picked":["PathToVictory","Evaluate+1"],"picked":"CrushJoints+1","floor":44},{"not_picked":["Prostrate","CrushJoints"],"picked":"ThirdEye+1","floor":45},{"not_picked":["CutThroughFate","WindmillStrike"],"picked":"WreathOfFlame+1","floor":46},{"not_picked":["ThirdEye","FearNoEvil"],"picked":"EmptyMind","floor":47},{"not_picked":["SashWhip","ReachHeaven","SpiritShield"],"picked":"MentalFortress+1","floor":48}],"player_experience":715769,"relics_obtained":[{"floor":7,"key":"Eternal Feather"},{"floor":9,"key":"Bag of Marbles"},{"floor":11,"key":"Odd Mushroom"},{"floor":14,"key":"Blue Candle"},{"floor":23,"key":"Ancient Tea Set"},{"floor":26,"key":"Dream Catcher"},{"floor":36,"key":"Bird Faced Urn"},{"floor":40,"key":"Orichalcum"},{"floor":42,"key":"Bag of Preparation"},{"floor":45,"key":"Du-Vu Doll"},{"floor":47,"key":"Question Card"}],"event_choices":[{"damage_healed":0,"gold_gain":0,"player_choice":"Donut","damage_taken":0,"max_hp_gain":5,"max_hp_loss":0,"event_name":"Big Fish","floor":5,"gold_loss":0},{"damage_healed":0,"gold_gain":0,"player_choice":"Fought Mushrooms","damage_taken":0,"max_hp_gain":0,"max_hp_loss":0,"event_name":"Mushrooms","floor":11,"gold_loss":0},{"damage_healed":0,"gold_gain":0,"player_choice":"Obtained Relic","damage_taken":0,"relics_obtained":["Omamori"],"max_hp_gain":0,"max_hp_loss":0,"event_name":"Addict","floor":19,"gold_loss":85},{"cards_removed":["Strike_P"],"damage_healed":0,"gold_gain":0,"player_choice":"Gave Gold","damage_taken":0,"max_hp_gain":0,"max_hp_loss":0,"event_name":"Beggar","floor":20,"gold_loss":75},{"damage_healed":0,"gold_gain":0,"player_choice":"Simplicity","damage_taken":0,"max_hp_gain":0,"max_hp_loss":0,"event_name":"Back to Basics","floor":22,"gold_loss":0,"cards_upgraded":["Strike_P","Strike_P","Strike_P","Defend_P","Defend_P","Defend_P","Defend_P"]},{"damage_healed":0,"gold_gain":0,"player_choice":"Fight","damage_taken":0,"max_hp_gain":0,"max_hp_loss":0,"event_name":"MindBloom","floor":36,"gold_loss":0},{"cards_removed":["Adaptation"],"damage_healed":0,"gold_gain":0,"player_choice":"Removed Power","damage_taken":0,"max_hp_gain":0,"max_hp_loss":0,"event_name":"Falling","floor":37,"gold_loss":0}],"is_beta":false,"boss_relics":[{"not_picked":["Coffee Dripper","Snecko Eye"],"picked":"Runic Pyramid"},{"not_picked":["Pandora\u0027s Box","Philosopher\u0027s Stone"],"picked":"Astrolabe"}],"items_purged_floors":[28],"is_endless":false,"potions_floor_spawned":[4,7,8,12,13,18,21,29,35,39,42,44,45],"ascension_level":14}