{"gold_per_floor":[112,37,48,65,80,80,94,128,128,160,160,160,179,213,213,284,284,301,65,83,110,110,143,160,195,195,230,242,273,293,308,308,386,386,404,37,57,77,77,77,104,64,91,121,138,152,165,178,178,178],"floor_reached":51,"playtime":8551,"items_purged":["Strike_P","Strike_P","WindmillStrike"],"score":1510,"play_id":"3af1141c-19c9-469c-ba84-06e2a6049db0","local_time":"20210827111725","is_ascension_mode":true,"campfire_choices":[{"data":"Brilliance","floor":6.0,"key":"SMITH"},{"floor":11.0,"key":"REST"},{"data":"ConjureBlade","floor":15.0,"key":"SMITH"},{"data":"ThirdEye","floor":32,"key":"SMITH"},{"floor":40,"key":"REST"},{"floor":49,"key":"REST"}],"neow_cost":"NONE","seed_source_timestamp":165637172467100,"circlet_count":0,"master_deck":["AscendersBane","Defend_P","Defend_P+1","Defend_P","Defend_P","Eruption+1","Vigilance","ConjureBlade+1","Tantrum","CutThroughFate+1","Brilliance+1","Halt","EmptyMind","MentalFortress","WheelKick","InnerPeace","Omniscience","Consecrate+1","Protect+1","DeusExMachina","Halt+1","EmptyBody","ThirdEye+1","ClearTheMind+1","LessonLearned","Meditate+1","Wireheading","CrushJoints+1"],"special_seed":0,"relics":["PureWater","Potion Belt","Nunchaku","The Courier","Runic Pyramid","Anchor","Red Mask","TungstenRod","Orichalcum","PreservedInsect","Mummified Hand","Lantern","Busted Crown","ClockworkSouvenir","Happy Flower","Bottled Flame","MealTicket","Shuriken"],"potions_floor_usage":[25,27,29,29,29,33,33,33,33,33,37,41,41,50,50,50],"damage_taken":[{"damage":2.0,"enemies":"Small Slimes","floor":1.0,"turns":4.0},{"damage":4.0,"enemies":"Jaw Worm","floor":3.0,"turns":3.0},{"damage":2.0,"enemies":"Cultist","floor":4.0,"turns":3.0},{"damage":0.0,"enemies":"Lots of Slimes","floor":5.0,"turns":2.0},{"damage":4.0,"enemies":"Exordium Thugs","floor":7.0,"turns":4.0},{"damage":15.0,"enemies":"Lagavulin","floor":8.0,"turns":4.0},{"damage":9.0,"enemies":"3 Sentries","floor":10.0,"turns":8.0},{"damage":12.0,"enemies":"3 Louse","floor":13.0,"turns":3.0},{"damage":0.0,"enemies":"Lagavulin","floor":14.0,"turns":4.0},{"damage":7.0,"enemies":"Slime Boss","floor":16.0,"turns":8.0},{"damage":12.0,"enemies":"Chosen","floor":18.0,"turns":2.0},{"damage":2.0,"enemies":"Shell Parasite","floor":20.0,"turns":4.0},{"damage":3.0,"enemies":"Masked Bandits","floor":21.0,"turns":3.0},{"damage":0.0,"enemies":"Gremlin Leader","floor":23.0,"turns":4.0},{"damage":0,"enemies":"Cultist and Chosen","floor":24,"turns":3},{"damage":16,"enemies":"Book of Stabbing","floor":25,"turns":6},{"damage":2,"enemies":"Slavers","floor":27,"turns":4},{"damage":1,"enemies":"Snake Plant","floor":28,"turns":3},{"damage":0,"enemies":"Gremlin Leader","floor":29,"turns":4},{"damage":0,"enemies":"Centurion and Healer","floor":30,"turns":4},{"damage":0,"enemies":"Snecko","floor":31,"turns":4},{"damage":19,"enemies":"Automaton","floor":33,"turns":8},{"damage":0,"enemies":"3 Shapes","floor":35,"turns":4},{"damage":11,"enemies":"3 Darklings","floor":37,"turns":4},{"damage":0,"enemies":"Transient","floor":38,"turns":5},{"damage":19,"enemies":"Nemesis","floor":41,"turns":5},{"damage":0,"enemies":"Giant Head","floor":44,"turns":6},{"damage":0,"enemies":"4 Shapes","floor":45,"turns":5},{"damage":8,"enemies":"Maw","floor":46,"turns":5},{"damage":0,"enemies":"Transient","floor":47,"turns":5},{"damage":0,"enemies":"Spire Growth","floor":48,"turns":3},{"damage":27,"enemies":"Time Eater","floor":50,"turns":7}],"seed_played":"-3492686836748114882","potions_obtained":[{"floor":5.0,"key":"LiquidMemories"},{"floor":8.0,"key":"Explosive Potion"},{"floor":10.0,"key":"Weak Potion"},{"floor":14.0,"key":"Energy Potion"},{"floor":21.0,"key":"GamblersBrew"},{"floor":23.0,"key":"ColorlessPotion"},{"floor":24,"key":"SkillPotion"},{"floor":27,"key":"Fire Potion"},{"floor":30,"key":"Explosive Potion"},{"floor":31,"key":"EntropicBrew"},{"floor":35,"key":"Block Potion"},{"floor":37,"key":"Weak Potion"},{"floor":38,"key":"Energy Potion"},{"floor":41,"key":"GamblersBrew"},{"floor":42,"key":"DuplicationPotion"},{"floor":42,"key":"ColorlessPotion"},{"floor":48,"key":"SkillPotion"}],"is_trial":false,"path_per_floor":["M","$","M","M","M","R","M","E","T","E","R","?","M","E","R","B",null,"M","$","M","?","?","E","M","E","T","E","M","E","M","M","R","B",null,"M","$","M","M","?","R","E","?","T","E","M","M","M","M","R","B",null],"character_chosen":"WATCHER","items_purchased":["Anchor","Block Potion","ClockworkSouvenir","Happy Flower","Wireheading"],"campfire_rested":3,"item_purchase_floors":[19,19,36,36,36],"current_hp_per_floor":[59,59,55,53,53,53,49,34,34,25,45,45,33,33,33,26,58,46,46,44,41,41,41,41,25,25,23,22,22,22,22,22,18,56,56,56,45,45,36,56,37,37,37,37,37,29,29,29,49,22],"gold":178,"neow_bonus":"ONE_RANDOM_RARE_CARD","is_prod":false,"is_daily":false,"chose_seed":false,"campfire_upgraded":3,"win_rate":0,"timestamp":1630077445,"path_taken":["M","$","M","M","M","R","M","E","T","E","R","?","M","E","R","BOSS","M","$","M","?","?","E","M","E","T","E","M","E","M","M","R","BOSS","M","$","M","M","?","R","E","?","T","E","M","?","M","M","R","BOSS"],"build_version":"2020-12-22","purchased_purges":3,"victory":true,"max_hp_per_floor":[68,68,68,68,68,68,68,68,68,68,68,68,68,68,68,68,68,68,68,68,68,68,68,68,68,68,68,68,68,68,68,68,68,68,68,68,68,68,68,68,68,68,68,68,68,68,68,68,68,68],"card_choices":[{"not_picked":["FlurryOfBlows","EmptyBody"],"picked":"Tantrum","floor":1.0},{"not_picked":["CrushJoints","Halt"],"picked":"CutThroughFate","floor":3.0},{"not_picked":["Crescendo","CrushJoints"],"picked":"Brilliance","floor":4.0},{"not_picked":["ThirdEye","Protect"],"picked":"Halt","floor":5.0},{"not_picked":["Protect","BowlingBash"],"picked":"EmptyMind","floor":7.0},{"not_picked":["Evaluate","DeusExMachina"],"picked":"MentalFortress","floor":8.0},{"not_picked":["DeceiveReality","Halt"],"picked":"WheelKick","floor":10.0},{"not_picked":["ClearTheMind","FlyingSleeves"],"picked":"InnerPeace","floor":13.0},{"not_picked":["Prostrate","Indignation","Crescendo"],"picked":"SKIP","floor":14.0},{"not_picked":["Judgement","SpiritShield"],"picked":"Omniscience","floor":16.0},{"not_picked":["Protect","Study"],"picked":"Consecrate+1","floor":18.0},{"not_picked":["LikeWater","Weave","BattleHymn"],"picked":"SKIP","floor":20.0},{"not_picked":["WheelKick","FlurryOfBlows"],"picked":"Protect","floor":21.0},{"not_picked":["EmptyBody","Perseverance"],"picked":"Halt+1","floor":23.0},{"not_picked":["EmptyBody","WaveOfTheHand","Indignation"],"picked":"SKIP","floor":24},{"not_picked":["PathToVictory","Crescendo","Prostrate"],"picked":"SKIP","floor":25},{"not_picked":["EmptyFist","FlyingSleeves"],"picked":"EmptyBody","floor":27},{"not_picked":["PathToVictory","EmptyFist"],"picked":"ThirdEye","floor":28},{"not_picked":["WaveOfTheHand+1","Halt","Pray"],"picked":"SKIP","floor":29},{"not_picked":["Protect","TalkToTheHand"],"picked":"ClearTheMind","floor":30},{"not_picked":["EmptyFist+1","Crescendo","FollowUp"],"picked":"SKIP","floor":31},{"not_picked":["Establishment","Judgement"],"picked":"LessonLearned","floor":33},{"not_picked":[],"picked":"Meditate","floor":35},{"not_picked":["Tantrum"],"picked":"SKIP","floor":37},{"not_picked":["FlyingSleeves"],"picked":"SKIP","floor":38},{"not_picked":["BattleHymn"],"picked":"SKIP","floor":41},{"not_picked":["Collect"],"picked":"SKIP","floor":44},{"not_picked":[],"picked":"CrushJoints+1","floor":45},{"not_picked":["FlyingSleeves"],"picked":"SKIP","floor":46},{"not_picked":["FlyingSleeves+1"],"picked":"SKIP","floor":47},{"not_picked":["Crescendo+1"],"picked":"SKIP","floor":48}],"player_experience":755728,"relics_obtained":[{"floor":9.0,"key":"Potion Belt"},{"floor":10.0,"key":"Nunchaku"},{"floor":14.0,"key":"The Courier"},{"floor":21.0,"key":"Red Mask"},{"floor":23.0,"key":"TungstenRod"},{"floor":25,"key":"Orichalcum"},{"floor":26,"key":"PreservedInsect"},{"floor":27,"key":"Mummified Hand"},{"floor":29,"key":"Lantern"},{"floor":41,"key":"Bottled Flame"},{"floor":43,"key":"MealTicket"},{"floor":44,"key":"Shuriken"}],"event_choices":[{"damage_healed":0.0,"max_hp_gain":0.0,"max_hp_loss":0.0,"gold_gain":0.0,"event_name":"Living Wall","player_choice":"Grow","floor":12.0,"gold_loss":0.0,"damage_taken":0.0,"cards_upgraded":["Eruption"]},{"damage_healed":0.0,"max_hp_gain":0.0,"max_hp_loss":0.0,"gold_gain":0.0,"event_name":"Masked Bandits","player_choice":"Fought Bandits","floor":21.0,"gold_loss":0.0,"damage_taken":0.0},{"damage_healed":0.0,"max_hp_gain":0.0,"max_hp_loss":0.0,"gold_gain":0.0,"cards_transformed":["Strike_P","Strike_P"],"event_name":"Drug Dealer","player_choice":"Became Test Subject","floor":22.0,"gold_loss":0.0,"damage_taken":0.0,"cards_obtained":["WindmillStrike","DeusExMachina"]},{"damage_healed":0,"gold_gain":0,"player_choice":"Memory 3","damage_taken":10,"max_hp_gain":0,"max_hp_loss":0,"event_name":"SensoryStone","floor":39,"gold_loss":0},{"damage_healed":0,"gold_gain":0,"player_choice":"Bought 3 Potions","damage_taken":0,"max_hp_gain":0,"max_hp_loss":0,"event_name":"The Woman in Blue","floor":42,"gold_loss":0}],"is_beta":false,"boss_relics":[{"not_picked":["Philosopher\u0027s Stone","Black Star"],"picked":"Runic Pyramid"},{"not_picked":["Calling Bell","Tiny House"],"picked":"Busted Crown"}],"items_purged_floors":[2,19,36],"is_endless":false,"potions_floor_spawned":[5,8,10,14,21,23,24,27,30,31,35,37,38,41,48],"ascension_level":15}