{"gold_per_floor":[112,23,38,54,71,105,105,123,148,174,188,188,215,230,230,304,304,322,322,340,95,115,144,163,198,224,237,262,11,11,29,29,104,104,117,136,36,54,71,71,100,153,153,187,202,214,214,244,244,244,244,244,105,139,139],"floor_reached":56,"playtime":4626,"items_purged":["Strike_P","Defend_P"],"score":2744,"play_id":"7cefa6c2-106b-48da-a016-cf67210d8e42","local_time":"20210829231027","is_ascension_mode":true,"campfire_choices":[{"data":"Eruption","floor":7.0,"key":"SMITH"},{"data":"Wallop","floor":12.0,"key":"SMITH"},{"data":"Wireheading","floor":15.0,"key":"SMITH"},{"data":"MentalFortress","floor":30,"key":"SMITH"},{"data":"Adaptation","floor":32,"key":"SMITH"},{"data":"LikeWater","floor":40,"key":"SMITH"},{"data":"MentalFortress","floor":47,"key":"SMITH"},{"floor":49,"key":"RECALL"},{"data":"EmptyMind","floor":52,"key":"SMITH"}],"neow_cost":"NONE","seed_source_timestamp":385124121933400,"circlet_count":0,"master_deck":["AscendersBane","Defend_P","Defend_P","Eruption+1","Vigilance+1","Meditate+1","EmptyFist+1","Indignation+1","InnerPeace","Wireheading+1","EmptyBody+1","Wallop+1","WheelKick","Halt+1","EmptyBody+1","Brilliance","FlurryOfBlows+1","FlurryOfBlows+1","Sanctity+1","MentalFortress+1","EmptyMind","ThirdEye","Scrawl+1","Adaptation+1","MentalFortress+1","LessonLearned","Prostrate+1","ClearTheMind+1","Consecrate+1","LikeWater+1","EmptyMind+1","Sanctity+1","TalkToTheHand+1","Vault"],"special_seed":0,"relics":["PureWater","TeardropLocket","Blood Vial","Bag of Marbles","Vajra","Calipers","Coffee Dripper","Toy Ornithopter","Strawberry","Bronze Scales","Anchor","ClockworkSouvenir","Astrolabe","Ornamental Fan","Bird Faced Urn","StrikeDummy","Thread and Needle","Centennial Puzzle"],"potions_floor_usage":[28,35,38,44,55,55],"damage_taken":[{"damage":2.0,"enemies":"Jaw Worm","floor":1.0,"turns":3.0},{"damage":0.0,"enemies":"Cultist","floor":3.0,"turns":2.0},{"damage":0.0,"enemies":"Small Slimes","floor":4.0,"turns":1.0},{"damage":1.0,"enemies":"Looter","floor":5.0,"turns":3.0},{"damage":24.0,"enemies":"3 Sentries","floor":6.0,"turns":8.0},{"damage":1.0,"enemies":"Exordium Wildlife","floor":8.0,"turns":2.0},{"damage":0.0,"enemies":"Lagavulin","floor":10.0,"turns":1.0},{"damage":10.0,"enemies":"Exordium Thugs","floor":11.0,"turns":4.0},{"damage":10.0,"enemies":"3 Sentries","floor":13.0,"turns":4.0},{"damage":0.0,"enemies":"Blue Slaver","floor":14.0,"turns":2.0},{"damage":3.0,"enemies":"The Guardian","floor":16.0,"turns":10.0},{"damage":0.0,"enemies":"Shell Parasite","floor":18.0,"turns":1.0},{"damage":0.0,"enemies":"Chosen","floor":20.0,"turns":2.0},{"damage":0.0,"enemies":"3 Cultists","floor":22.0,"turns":3.0},{"damage":0,"enemies":"Gremlin Leader","floor":23,"turns":5},{"damage":0,"enemies":"Chosen and Byrds","floor":24,"turns":2},{"damage":1,"enemies":"Book of Stabbing","floor":25,"turns":5},{"damage":0,"enemies":"Snecko","floor":27,"turns":7},{"damage":5,"enemies":"Slavers","floor":28,"turns":5},{"damage":0,"enemies":"Centurion and Healer","floor":31,"turns":3},{"damage":0,"enemies":"Automaton","floor":33,"turns":12},{"damage":0,"enemies":"3 Darklings","floor":35,"turns":5},{"damage":0,"enemies":"3 Shapes","floor":36,"turns":4},{"damage":0,"enemies":"Spire Growth","floor":38,"turns":6},{"damage":0,"enemies":"4 Shapes","floor":39,"turns":3},{"damage":0,"enemies":"Reptomancer","floor":41,"turns":5},{"damage":0,"enemies":"2 Orb Walkers","floor":42,"turns":5},{"damage":0,"enemies":"Giant Head","floor":44,"turns":6},{"damage":36,"enemies":"Jaw Worm Horde","floor":45,"turns":3},{"damage":0,"enemies":"Transient","floor":46,"turns":6},{"damage":0,"enemies":"Reptomancer","floor":48,"turns":6},{"damage":0,"enemies":"Donu and Deca","floor":50,"turns":10},{"damage":12,"enemies":"Shield and Spear","floor":54,"turns":8},{"damage":0,"enemies":"The Heart","floor":55,"turns":10}],"seed_played":"-4905391407778565253","potions_obtained":[{"floor":1.0,"key":"BlessingOfTheForge"},{"floor":5.0,"key":"AttackPotion"},{"floor":6.0,"key":"SteroidPotion"},{"floor":11.0,"key":"Weak Potion"},{"floor":13.0,"key":"Block Potion"},{"floor":28,"key":"Weak Potion"},{"floor":33,"key":"Fruit Juice"},{"floor":35,"key":"SkillPotion"},{"floor":36,"key":"Swift Potion"},{"floor":38,"key":"BottledMiracle"}],"is_trial":false,"path_per_floor":["M","?","M","M","M","E","R","M","T","E","M","R","E","M","R","B",null,"M","?","M","$","M","E","M","E","T","M","E","$","R","M","R","B",null,"M","M","$","M","M","R","E","?","T","E","M","M","R","E","R","B",null,"R","$","E","B",null],"character_chosen":"WATCHER","items_purchased":["MentalFortress","EmptyMind","ClockworkSouvenir","LiquidMemories","LiquidMemories","PowerPotion"],"campfire_rested":0,"item_purchase_floors":[21,21,29,29,53,53],"current_hp_per_floor":[59,59,59,59,58,34,34,35,35,37,29,29,21,23,23,22,57,59,59,61,61,63,65,67,74,74,75,70,70,70,72,72,74,75,80,80,80,80,80,80,80,80,80,80,44,56,56,68,68,80,80,80,80,72,80],"gold":139,"neow_bonus":"TRANSFORM_CARD","is_prod":false,"is_daily":false,"chose_seed":false,"campfire_upgraded":8,"win_rate":0,"timestamp":1630293027,"path_taken":["M","?","M","M","M","E","R","M","T","E","M","R","E","M","R","BOSS","M","?","M","$","M","E","M","E","T","M","E","$","R","M","R","BOSS","M","M","$","M","M","R","E","?","T","E","M","M","R","E","R","BOSS","R","$","E","BOSS"],"build_version":"2020-12-22","purchased_purges":2,"victory":true,"max_hp_per_floor":[68,68,68,68,68,68,68,68,68,68,68,68,68,68,68,68,68,68,68,68,68,68,68,68,75,75,75,75,75,75,75,75,75,75,80,80,80,80,80,80,80,80,80,80,80,80,80,80,80,80,80,80,80,80,80],"card_choices":[{"not_picked":["Crescendo","Evaluate"],"picked":"EmptyFist","floor":1.0},{"not_picked":["SignatureMove","PathToVictory"],"picked":"Indignation","floor":3.0},{"not_picked":["CrushJoints","DeceiveReality"],"picked":"InnerPeace","floor":4.0},{"not_picked":["Prostrate","Perseverance"],"picked":"Wireheading","floor":5.0},{"not_picked":["SashWhip","JustLucky"],"picked":"EmptyBody","floor":6.0},{"not_picked":["Crescendo","JustLucky"],"picked":"Wallop","floor":8.0},{"not_picked":["DeceiveReality","MentalFortress"],"picked":"WheelKick","floor":10.0},{"not_picked":["Indignation","Perseverance"],"picked":"Halt","floor":11.0},{"not_picked":["CarveReality","WindmillStrike"],"picked":"EmptyBody","floor":13.0},{"not_picked":["Indignation","Nirvana","Wallop"],"picked":"SKIP","floor":14.0},{"not_picked":["Alpha","ConjureBlade"],"picked":"Brilliance","floor":16.0},{"not_picked":["Evaluate","Swivel"],"picked":"FlurryOfBlows","floor":18.0},{"not_picked":["FollowUp","CrushJoints"],"picked":"Sanctity+1","floor":20.0},{"not_picked":["Omniscience","FlyingSleeves"],"picked":"ThirdEye","floor":22.0},{"not_picked":["CrushJoints","Wireheading","EmptyFist"],"picked":"SKIP","floor":23},{"not_picked":["Sanctity","WreathOfFlame","FlyingSleeves"],"picked":"SKIP","floor":24},{"not_picked":["FlurryOfBlows","Crescendo"],"picked":"Scrawl","floor":25},{"not_picked":["BattleHymn","Halt"],"picked":"Adaptation","floor":27},{"not_picked":["EmptyBody","ForeignInfluence","FlurryOfBlows"],"picked":"SKIP","floor":28},{"not_picked":["CutThroughFate","SignatureMove"],"picked":"MentalFortress","floor":31},{"not_picked":["DeusExMachina","Brilliance"],"picked":"LessonLearned","floor":33},{"not_picked":["JustLucky","PathToVictory"],"picked":"LikeWater","floor":35},{"not_picked":["Conclude","Wireheading","FlyingSleeves+1"],"picked":"SKIP","floor":36},{"not_picked":["BowlingBash","Prostrate"],"picked":"EmptyMind","floor":38},{"not_picked":["ClearTheMind","SandsOfTime"],"picked":"Sanctity+1","floor":39},{"not_picked":["SashWhip","Alpha","Vengeance"],"picked":"SKIP","floor":41},{"not_picked":["Wish","Indignation"],"picked":"TalkToTheHand","floor":44},{"not_picked":["ClearTheMind","Protect","Consecrate"],"picked":"SKIP","floor":45},{"not_picked":["ReachHeaven","JustLucky","ForeignInfluence"],"picked":"SKIP","floor":46},{"not_picked":["FlyingSleeves","Adaptation","Crescendo"],"picked":"SKIP","floor":48},{"not_picked":["Halt+1","Prostrate"],"picked":"Vault","floor":54}],"player_experience":775041,"relics_obtained":[{"floor":6.0,"key":"Blood Vial"},{"floor":9.0,"key":"Bag of Marbles"},{"floor":10.0,"key":"Vajra"},{"floor":13.0,"key":"Calipers"},{"floor":23,"key":"Toy Ornithopter"},{"floor":25,"key":"Strawberry"},{"floor":26,"key":"Bronze Scales"},{"floor":28,"key":"Anchor"},{"floor":41,"key":"Ornamental Fan"},{"floor":42,"key":"Bird Faced Urn"},{"floor":44,"key":"StrikeDummy"},{"floor":48,"key":"Thread and Needle"},{"floor":54,"key":"Centennial Puzzle"}],"event_choices":[{"damage_healed":0.0,"max_hp_gain":0.0,"max_hp_loss":0.0,"gold_gain":0.0,"event_name":"WeMeetAgain","player_choice":"Paid Gold","floor":2.0,"gold_loss":89.0,"damage_taken":0.0,"relics_obtained":["TeardropLocket"]},{"damage_healed":0.0,"max_hp_gain":0.0,"max_hp_loss":0.0,"gold_gain":0.0,"event_name":"The Library","player_choice":"Read","floor":19.0,"gold_loss":0.0,"damage_taken":0.0,"cards_obtained":["FlurryOfBlows"]},{"damage_healed":0,"gold_gain":0,"player_choice":"Fight","damage_taken":0,"max_hp_gain":0,"max_hp_loss":0,"event_name":"Mysterious Sphere","floor":42,"gold_loss":0}],"is_beta":false,"boss_relics":[{"not_picked":["Tiny House","Runic Dome"],"picked":"Coffee Dripper"},{"not_picked":["Velvet Choker","VioletLotus"],"picked":"Astrolabe"}],"items_purged_floors":[21,37],"is_endless":false,"potions_floor_spawned":[1,5,6,11,13,16,20,27,28,31,33,35,36,38,41],"ascension_level":17}