{"gold_per_floor":[110,123,137,147,147,147,166,195,195,213,246,258,258,285,285,360,360,379,100,135,145,145,175,175,218,241,250,271,312,321,355,364,451,451,471,482,504,159,172,172],"floor_reached":40,"playtime":3341,"items_purged":["Strike_P","Strike_P"],"score":952,"play_id":"7e5b5349-1920-48ad-9b02-c731315d0cd9","local_time":"20210904112908","is_ascension_mode":true,"campfire_choices":[{"floor":6,"key":"REST"},{"floor":13,"key":"REST"},{"floor":15,"key":"REST"},{"floor":27,"key":"REST"},{"floor":30,"key":"REST"},{"floor":32,"key":"REST"}],"neow_cost":"NONE","seed_source_timestamp":155059958368300,"circlet_count":0,"master_deck":["AscendersBane","Strike_P+1","Defend_P+1","Defend_P","Defend_P+1","Defend_P+1","Eruption+1","Vigilance+1","CutThroughFate+1","Wallop","SashWhip","EmptyFist+1","FearNoEvil","InnerPeace+1","TalkToTheHand+1","Evaluate+1","LessonLearned+1","LikeWater+1","Evaluate+1","Indignation","Perseverance+1","Protect+1","FollowUp","Wireheading","EmptyMind","Evaluate+1","CutThroughFate","SpiritShield+1","TalkToTheHand","Tantrum"],"relics":["Fusion Hammer","Lizard Tail","Pear","Smiling Mask","Incense Burner","Runic Dome","Anchor","Red Mask","War Paint","CeramicFish","Dream Catcher","Du-Vu Doll","PreservedInsect","Runic Pyramid","Art of War"],"potions_floor_usage":[7,11,18,23,25,25,29,37],"damage_taken":[{"damage":0,"enemies":"Jaw Worm","floor":1,"turns":3},{"damage":0,"enemies":"Small Slimes","floor":2,"turns":5},{"damage":1,"enemies":"2 Louse","floor":3,"turns":3},{"damage":5,"enemies":"Gremlin Gang","floor":4,"turns":4},{"damage":9,"enemies":"Red Slaver","floor":7,"turns":2},{"damage":8,"enemies":"Gremlin Nob","floor":8,"turns":3},{"damage":6,"enemies":"Looter","floor":10,"turns":2},{"damage":10,"enemies":"3 Sentries","floor":11,"turns":5},{"damage":3,"enemies":"2 Fungi Beasts","floor":12,"turns":3},{"damage":13,"enemies":"Lagavulin","floor":14,"turns":5},{"damage":29,"enemies":"Slime Boss","floor":16,"turns":8},{"damage":8,"enemies":"2 Thieves","floor":18,"turns":2},{"damage":20,"enemies":"Masked Bandits","floor":20,"turns":6},{"damage":0,"enemies":"Shell Parasite","floor":21,"turns":7},{"damage":19,"enemies":"Book of Stabbing","floor":23,"turns":7},{"damage":13,"enemies":"Gremlin Leader","floor":25,"turns":7},{"damage":0,"enemies":"3 Cultists","floor":28,"turns":7},{"damage":14,"enemies":"Slavers","floor":29,"turns":7},{"damage":18,"enemies":"Book of Stabbing","floor":31,"turns":7},{"damage":49,"enemies":"Automaton","floor":33,"turns":12},{"damage":0,"enemies":"3 Shapes","floor":35,"turns":7},{"damage":11,"enemies":"Orb Walker","floor":36,"turns":4},{"damage":6,"enemies":"Jaw Worm Horde","floor":37,"turns":4},{"damage":11,"enemies":"Spire Growth","floor":39,"turns":7},{"damage":50,"enemies":"Reptomancer","floor":40,"turns":3}],"seed_played":"1752338862813879393","potions_obtained":[{"floor":3,"key":"ColorlessPotion"},{"floor":4,"key":"DuplicationPotion"},{"floor":7,"key":"BottledMiracle"},{"floor":14,"key":"PowerPotion"},{"floor":23,"key":"DuplicationPotion"},{"floor":28,"key":"Block Potion"},{"floor":33,"key":"Energy Potion"},{"floor":35,"key":"DistilledChaos"},{"floor":37,"key":"BlessingOfTheForge"}],"is_trial":false,"path_per_floor":["M","M","M","M","?","R","M","E","T","M","E","M","R","E","R","B",null,"M","$","?","M","?","E","?","E","T","R","M","E","R","E","R","B",null,"M","M","M","$","M","E"],"character_chosen":"WATCHER","items_purchased":["Anchor","Explosive Potion","Tantrum","SteroidPotion","Art of War"],"campfire_rested":6,"item_purchase_floors":[19,19,38,38,38],"current_hp_per_floor":[61,61,60,55,35,55,46,38,48,42,32,29,52,39,62,33,67,59,59,39,39,39,20,20,7,7,30,30,16,39,21,44,39,68,68,57,51,51,40,0],"gold":172,"neow_bonus":"BOSS_RELIC","is_prod":false,"is_daily":false,"chose_seed":false,"campfire_upgraded":0,"win_rate":0,"timestamp":1630769348,"path_taken":["M","M","M","M","?","R","M","E","T","M","E","M","R","E","R","BOSS","M","$","?","M","?","E","?","E","T","R","M","E","R","E","R","BOSS","M","?","M","$","M","E"],"build_version":"2020-12-22","purchased_purges":2,"victory":false,"max_hp_per_floor":[68,68,68,68,68,68,68,68,78,78,78,78,78,78,78,78,78,78,78,78,78,78,78,78,78,78,78,78,78,78,78,78,78,78,78,78,78,78,78,78],"card_choices":[{"not_picked":["Prostrate","Wallop"],"picked":"CutThroughFate","floor":1},{"not_picked":["MentalFortress","CrushJoints"],"picked":"Wallop","floor":2},{"not_picked":["EmptyBody","ThirdEye"],"picked":"SashWhip","floor":3},{"not_picked":["Perseverance","Consecrate"],"picked":"EmptyFist","floor":4},{"not_picked":["Evaluate","Prostrate"],"picked":"FearNoEvil","floor":7},{"not_picked":["CrushJoints","Crescendo"],"picked":"InnerPeace","floor":8},{"not_picked":["Collect","SignatureMove"],"picked":"TalkToTheHand","floor":10},{"not_picked":["ReachHeaven","MasterReality"],"picked":"Evaluate","floor":11},{"not_picked":["ForeignInfluence","FearNoEvil","BowlingBash"],"picked":"SKIP","floor":12},{"not_picked":["BowlingBash","Fasting2","Nirvana"],"picked":"SKIP","floor":14},{"not_picked":["Vault","Brilliance"],"picked":"LessonLearned","floor":16},{"not_picked":["EmptyBody","SashWhip"],"picked":"LikeWater","floor":18},{"not_picked":["DeceiveReality","PathToVictory"],"picked":"Evaluate","floor":21},{"not_picked":["FlyingSleeves","Devotion"],"picked":"Indignation","floor":23},{"not_picked":["Vengeance","Pray"],"picked":"Perseverance+1","floor":25},{"not_picked":["Halt","Indignation"],"picked":"Protect","floor":27},{"not_picked":["EmptyBody","CrushJoints"],"picked":"FollowUp","floor":28},{"not_picked":["Evaluate","Nirvana"],"picked":"Wireheading","floor":29},{"not_picked":["PathToVictory","SandsOfTime"],"picked":"EmptyMind","floor":30},{"not_picked":["Study","SashWhip"],"picked":"Evaluate+1","floor":31},{"not_picked":["Evaluate","JustLucky"],"picked":"CutThroughFate","floor":32},{"not_picked":["Ragnarok","Wish"],"picked":"SpiritShield","floor":33},{"not_picked":["EmptyFist","ThirdEye","Indignation"],"picked":"SKIP","floor":35},{"not_picked":["Prostrate","CrushJoints","Indignation"],"picked":"SKIP","floor":36},{"not_picked":["ForeignInfluence","Indignation"],"picked":"TalkToTheHand","floor":37},{"not_picked":["ThirdEye","PathToVictory","Halt"],"picked":"SKIP","floor":39}],"player_experience":809132,"relics_obtained":[{"floor":8,"key":"Lizard Tail"},{"floor":9,"key":"Pear"},{"floor":11,"key":"Smiling Mask"},{"floor":14,"key":"Incense Burner"},{"floor":20,"key":"Red Mask"},{"floor":23,"key":"War Paint"},{"floor":25,"key":"CeramicFish"},{"floor":26,"key":"Dream Catcher"},{"floor":29,"key":"Du-Vu Doll"},{"floor":31,"key":"PreservedInsect"}],"event_choices":[{"damage_healed":0,"gold_gain":0,"player_choice":"Entered Light","damage_taken":20,"max_hp_gain":0,"max_hp_loss":0,"event_name":"Shining Light","floor":5,"gold_loss":0,"cards_upgraded":["CutThroughFate","Strike_P"]},{"damage_healed":0,"gold_gain":0,"player_choice":"Fought Bandits","damage_taken":0,"max_hp_gain":0,"max_hp_loss":0,"event_name":"Masked Bandits","floor":20,"gold_loss":0},{"damage_healed":0,"gold_gain":0,"player_choice":"Ignored","damage_taken":0,"max_hp_gain":0,"max_hp_loss":0,"event_name":"The Mausoleum","floor":22,"gold_loss":0},{"cards_removed":["Strike_P"],"damage_healed":0,"gold_gain":0,"player_choice":"Offered Basic","damage_taken":0,"max_hp_gain":0,"max_hp_loss":0,"event_name":"Bonfire Elementals","floor":24,"gold_loss":0}],"is_beta":false,"boss_relics":[{"not_picked":["Sozu","Coffee Dripper"],"picked":"Runic Dome"},{"not_picked":["Philosopher\u0027s Stone","SacredBark"],"picked":"Runic Pyramid"}],"items_purged_floors":[19,38],"is_endless":false,"potions_floor_spawned":[3,4,7,8,14,16,21,23,28,33,35,36,37],"killed_by":"Reptomancer","ascension_level":19}