{"gold_per_floor":[109,122,136,152,24,57,57,87,87,87,103,83,83,114,114,114],"floor_reached":16,"playtime":587,"items_purged":["Strike_P"],"score":234,"play_id":"7be08435-b8c1-43b5-adac-d9a3f5333cf7","local_time":"20210905095631","is_ascension_mode":true,"campfire_choices":[{"data":"Bandage Up","floor":10,"key":"SMITH"},{"data":"ThirdEye","floor":13,"key":"SMITH"},{"data":"Vigilance","floor":15,"key":"SMITH"}],"neow_cost":"NONE","seed_source_timestamp":238656638115900,"circlet_count":0,"master_deck":["AscendersBane","Strike_P","Strike_P","Defend_P","Defend_P","Defend_P","Defend_P","Eruption","Vigilance+1","Bandage Up+1","CrushJoints","Conclude","FearNoEvil","Indignation","FlurryOfBlows","FlurryOfBlows","CutThroughFate","ThirdEye+1","Weave"],"relics":["PureWater","Potion Belt","Bag of Marbles","Question Card"],"potions_floor_usage":[6,10,14,16,16],"damage_taken":[{"damage":7,"enemies":"Small Slimes","floor":1,"turns":4},{"damage":0,"enemies":"Jaw Worm","floor":2,"turns":3},{"damage":1,"enemies":"Cultist","floor":3,"turns":3},{"damage":6,"enemies":"Blue Slaver","floor":4,"turns":3},{"damage":25,"enemies":"3 Sentries","floor":6,"turns":5},{"damage":16,"enemies":"Gremlin Nob","floor":8,"turns":3},{"damage":1,"enemies":"2 Fungi Beasts","floor":11,"turns":2},{"damage":6,"enemies":"Lagavulin","floor":14,"turns":4},{"damage":32,"enemies":"The Guardian","floor":16,"turns":7}],"seed_played":"-6912502907859223840","potions_obtained":[{"floor":3,"key":"DistilledChaos"},{"floor":8,"key":"EntropicBrew"},{"floor":11,"key":"Fire Potion"},{"floor":14,"key":"Swift Potion"}],"is_trial":false,"path_per_floor":["M","M","M","M","$","E","?","E","T","R","M","?","R","E","R","B"],"character_chosen":"WATCHER","items_purchased":["FlurryOfBlows"],"campfire_rested":0,"item_purchase_floors":[5],"current_hp_per_floor":[58,62,65,62,62,41,34,18,18,18,23,23,23,23,23,0],"gold":114,"neow_bonus":"RANDOM_COLORLESS","is_prod":false,"is_daily":false,"chose_seed":false,"campfire_upgraded":3,"win_rate":0,"timestamp":1630850191,"path_taken":["M","M","M","M","$","E","?","E","T","R","M","?","R","E","R","BOSS"],"build_version":"2020-12-22","purchased_purges":1,"victory":false,"max_hp_per_floor":[68,68,68,68,68,68,68,68,68,68,68,68,68,68,68,68],"card_choices":[{"not_picked":["Blind","Dark Shackles"],"picked":"Bandage Up","floor":0},{"not_picked":["Swivel","Protect"],"picked":"CrushJoints","floor":1},{"not_picked":["Crescendo","FlurryOfBlows"],"picked":"Conclude","floor":2},{"not_picked":["EmptyBody","Scrawl"],"picked":"FearNoEvil","floor":3},{"not_picked":["WindmillStrike","Halt"],"picked":"Indignation","floor":4},{"not_picked":["PathToVictory","SpiritShield"],"picked":"FlurryOfBlows","floor":6},{"not_picked":["FearNoEvil","Worship"],"picked":"CutThroughFate","floor":8},{"not_picked":["SandsOfTime","Worship"],"picked":"ThirdEye","floor":11},{"not_picked":["Worship","CarveReality"],"picked":"Weave","floor":14}],"player_experience":816612,"relics_obtained":[{"floor":8,"key":"Potion Belt"},{"floor":9,"key":"Bag of Marbles"},{"floor":14,"key":"Question Card"}],"event_choices":[{"cards_removed":["Strike_P"],"damage_healed":0,"gold_gain":0,"player_choice":"Card Removal","damage_taken":7,"max_hp_gain":0,"max_hp_loss":0,"event_name":"Golden Wing","floor":7,"gold_loss":0},{"damage_healed":0,"gold_gain":0,"player_choice":"Bought 1 Potion","damage_taken":0,"max_hp_gain":0,"max_hp_loss":0,"event_name":"The Woman in Blue","floor":12,"gold_loss":0}],"is_beta":false,"boss_relics":[],"items_purged_floors":[5],"is_endless":false,"potions_floor_spawned":[3,8,11,14],"killed_by":"The Guardian","ascension_level":19}