{"gold_per_floor":[99,99,99,99,99,99,99,99,99,99,79,79,79,79,79,79,79,79,79,79,79,79,79,79,79,79,79,79,79,79,79,79,79,79,79,79,79,79,79,79,79,79,79,79,79,79,79,79,79,79],"floor_reached":50,"playtime":2323,"items_purged":[],"score":1351,"play_id":"38f648b3-b474-4d42-acc1-a32e9f5730c9","local_time":"20210902161515","is_ascension_mode":true,"campfire_choices":[{"data":"Eruption","floor":6,"key":"SMITH"},{"data":"Conclude","floor":12,"key":"SMITH"},{"floor":15,"key":"REST"},{"floor":23,"key":"REST"},{"data":"Judgement","floor":27,"key":"SMITH"},{"floor":29,"key":"REST"},{"data":"Devotion","floor":32,"key":"SMITH"},{"data":"Apotheosis","floor":41,"key":"SMITH"},{"floor":49,"key":"REST"}],"neow_cost":"NONE","seed_source_timestamp":449667518300,"circlet_count":0,"master_deck":["AscendersBane","Eruption+1","Vigilance","CutThroughFate","FlurryOfBlows","EmptyFist","CrushJoints","Conclude+1","Protect","Crescendo","Brilliance","Devotion+1","Judgement+1","Indignation","Vault","Wireheading","Swivel","PathToVictory","FearNoEvil","FlurryOfBlows","ClearTheMind","Devotion","InnerPeace","Crescendo+1","Blasphemy","RitualDagger","Brilliance","CutThroughFate","EmptyBody","Apotheosis+1","EmptyBody+1","ThirdEye+1","TalkToTheHand+1","MentalFortress"],"relics":["Ectoplasm","Golden Idol","CaptainsWheel","Ginger","CloakClasp","Pandora\u0027s Box","Boot","Runic Pyramid","Toxic Egg 2","Ornamental Fan","Letter Opener","Sundial"],"potions_floor_usage":[7,8,21,25,33,33,47,48],"damage_taken":[{"damage":0,"enemies":"Jaw Worm","floor":1,"turns":5},{"damage":2,"enemies":"Small Slimes","floor":2,"turns":3},{"damage":3,"enemies":"Cultist","floor":4,"turns":4},{"damage":7,"enemies":"3 Louse","floor":7,"turns":3},{"damage":12,"enemies":"Gremlin Nob","floor":8,"turns":3},{"damage":0,"enemies":"Exordium Thugs","floor":10,"turns":2},{"damage":1,"enemies":"Looter","floor":11,"turns":2},{"damage":0,"enemies":"Gremlin Gang","floor":13,"turns":2},{"damage":8,"enemies":"Lagavulin","floor":14,"turns":4},{"damage":0,"enemies":"Slime Boss","floor":16,"turns":4},{"damage":25,"enemies":"Shell Parasite","floor":18,"turns":3},{"damage":11,"enemies":"3 Byrds","floor":21,"turns":4},{"damage":1,"enemies":"Cultist and Chosen","floor":22,"turns":4},{"damage":0,"enemies":"Centurion and Healer","floor":24,"turns":4},{"damage":17,"enemies":"Book of Stabbing","floor":25,"turns":5},{"damage":18,"enemies":"Shelled Parasite and Fungi","floor":28,"turns":2},{"damage":0,"enemies":"Sentry and Sphere","floor":31,"turns":2},{"damage":11,"enemies":"Collector","floor":33,"turns":7},{"damage":8,"enemies":"3 Shapes","floor":35,"turns":3},{"damage":14,"enemies":"3 Darklings","floor":38,"turns":3},{"damage":0,"enemies":"Giant Head","floor":40,"turns":4},{"damage":3,"enemies":"Reptomancer","floor":42,"turns":4},{"damage":5,"enemies":"Spire Growth","floor":44,"turns":4},{"damage":0,"enemies":"Giant Head","floor":45,"turns":6},{"damage":0,"enemies":"Jaw Worm Horde","floor":46,"turns":5},{"damage":7,"enemies":"Transient","floor":47,"turns":7},{"damage":0,"enemies":"Writhing Mass","floor":48,"turns":4},{"damage":38,"enemies":"Time Eater","floor":50,"turns":2}],"seed_played":"-1700367612274972086","potions_obtained":[{"floor":1,"key":"GamblersBrew"},{"floor":2,"key":"Weak Potion"},{"floor":8,"key":"SpeedPotion"},{"floor":18,"key":"Dexterity Potion"},{"floor":20,"key":"AttackPotion"},{"floor":20,"key":"GamblersBrew"},{"floor":21,"key":"ColorlessPotion"},{"floor":31,"key":"GamblersBrew"},{"floor":33,"key":"GamblersBrew"},{"floor":40,"key":"SkillPotion"},{"floor":48,"key":"BlessingOfTheForge"}],"is_trial":false,"path_per_floor":["M","M","?","M","?","R","M","E","T","M","M","R","M","E","R","B",null,"M","?","?","M","M","R","M","E","T","R","M","R","?","M","R","B",null,"M","?","?","M","?","E","R","E","T","M","E","M","M","M","R","B"],"character_chosen":"WATCHER","items_purchased":[],"campfire_rested":4,"item_purchase_floors":[],"current_hp_per_floor":[61,59,52,49,49,49,42,30,30,30,29,29,29,21,39,39,56,31,31,31,20,19,37,37,20,20,20,2,20,14,14,14,3,47,39,39,48,34,34,34,34,31,31,26,26,26,19,19,33,0],"gold":79,"neow_bonus":"BOSS_RELIC","is_prod":false,"is_daily":false,"chose_seed":false,"campfire_upgraded":5,"win_rate":0,"timestamp":1630613715,"path_taken":["M","M","?","M","?","R","M","E","T","M","M","R","M","E","R","BOSS","M","?","?","?","M","R","M","E","T","R","M","R","?","M","R","BOSS","M","?","?","M","?","E","R","E","T","M","E","M","?","?","R","BOSS"],"build_version":"2020-12-22","purchased_purges":0,"victory":false,"max_hp_per_floor":[68,68,68,68,62,62,62,62,62,62,62,62,62,62,62,62,62,62,62,62,62,62,62,62,62,62,62,62,62,62,62,62,62,62,62,59,48,48,48,48,48,48,48,48,48,48,48,48,48,48],"card_choices":[{"not_picked":["Pray","Collect"],"picked":"CutThroughFate","floor":1},{"not_picked":["Prostrate","SignatureMove","PathToVictory"],"picked":"SKIP","floor":2},{"not_picked":["Crescendo","BattleHymn"],"picked":"FlurryOfBlows","floor":4},{"not_picked":["Protect","PathToVictory"],"picked":"EmptyFist","floor":7},{"not_picked":["Perseverance","Fasting2"],"picked":"CrushJoints","floor":8},{"not_picked":["EmptyBody","SpiritShield"],"picked":"Conclude","floor":10},{"not_picked":["BowlingBash","SashWhip"],"picked":"Protect","floor":11},{"not_picked":["Fasting2","FlyingSleeves"],"picked":"Crescendo","floor":13},{"not_picked":["Evaluate","EmptyFist"],"picked":"Brilliance","floor":14},{"not_picked":["Ragnarok","SpiritShield"],"picked":"Devotion","floor":16},{"not_picked":["BowlingBash","FlyingSleeves+1"],"picked":"FlurryOfBlows","floor":18},{"not_picked":["FollowUp","Conclude"],"picked":"ClearTheMind","floor":21},{"not_picked":["WheelKick","FlurryOfBlows"],"picked":"Devotion","floor":22},{"not_picked":["Nirvana","Halt+1"],"picked":"InnerPeace","floor":24},{"not_picked":["FollowUp","PathToVictory"],"picked":"Crescendo+1","floor":25},{"not_picked":["Crescendo","SashWhip"],"picked":"Blasphemy","floor":28},{"not_picked":["Halt","SashWhip","FlyingSleeves+1"],"picked":"SKIP","floor":31},{"not_picked":["Devotion","ConjureBlade"],"picked":"Brilliance","floor":33},{"not_picked":["ClearTheMind","Consecrate"],"picked":"CutThroughFate","floor":35},{"not_picked":["FlurryOfBlows","FollowUp+1"],"picked":"EmptyBody","floor":38},{"not_picked":["Mayhem","Jack Of All Trades"],"picked":"Apotheosis","floor":39},{"not_picked":["Evaluate+1","Perseverance+1"],"picked":"EmptyBody+1","floor":40},{"not_picked":["Consecrate+1","CrushJoints","SashWhip+1"],"picked":"SKIP","floor":42},{"not_picked":["Halt+1","BattleHymn"],"picked":"ThirdEye+1","floor":44},{"not_picked":["Collect+1","Vengeance+1"],"picked":"TalkToTheHand+1","floor":45},{"not_picked":["Perseverance+1","FlurryOfBlows+1","Consecrate+1"],"picked":"SKIP","floor":46},{"not_picked":["CrushJoints","FlurryOfBlows+1","WheelKick+1"],"picked":"SKIP","floor":47},{"not_picked":["JustLucky","Halt+1"],"picked":"MentalFortress","floor":48}],"player_experience":796242,"relics_obtained":[{"floor":8,"key":"CaptainsWheel"},{"floor":9,"key":"Ginger"},{"floor":14,"key":"CloakClasp"},{"floor":25,"key":"Boot"},{"floor":40,"key":"Toxic Egg 2"},{"floor":42,"key":"Ornamental Fan"},{"floor":43,"key":"Letter Opener"},{"floor":45,"key":"Sundial"}],"event_choices":[{"cards_removed":["Strike_P"],"damage_healed":0,"gold_gain":0,"player_choice":"Card Removal","damage_taken":7,"max_hp_gain":0,"max_hp_loss":0,"event_name":"Golden Wing","floor":3,"gold_loss":0},{"damage_healed":0,"gold_gain":0,"player_choice":"Lose Max HP","damage_taken":0,"relics_obtained":["Golden Idol"],"max_hp_gain":0,"max_hp_loss":6,"event_name":"Golden Idol","floor":5,"gold_loss":0},{"damage_healed":0,"gold_gain":0,"player_choice":"Ignored","damage_taken":0,"max_hp_gain":0,"max_hp_loss":0,"event_name":"Cursed Tome","floor":19,"gold_loss":0},{"damage_healed":0,"gold_gain":0,"player_choice":"Got Potions","damage_taken":0,"max_hp_gain":0,"max_hp_loss":0,"event_name":"Lab","floor":20,"gold_loss":0},{"damage_healed":0,"gold_gain":0,"player_choice":"Joined the Cult","damage_taken":6,"max_hp_gain":0,"max_hp_loss":0,"event_name":"Nest","floor":30,"gold_loss":0,"cards_obtained":["RitualDagger"]},{"damage_healed":0,"gold_gain":0,"player_choice":"Max HP","damage_taken":0,"max_hp_gain":0,"max_hp_loss":3,"event_name":"Winding Halls","floor":36,"gold_loss":0},{"damage_healed":48,"gold_gain":0,"player_choice":"Heal","damage_taken":0,"max_hp_gain":0,"max_hp_loss":11,"event_name":"The Moai Head","floor":37,"gold_loss":0},{"damage_healed":0,"gold_gain":0,"player_choice":"Memory 1","damage_taken":0,"max_hp_gain":0,"max_hp_loss":0,"event_name":"SensoryStone","floor":39,"gold_loss":0}],"is_beta":false,"boss_relics":[{"not_picked":["Tiny House","Velvet Choker"],"picked":"Pandora\u0027s Box"},{"not_picked":["Snecko Eye","Astrolabe"],"picked":"Runic Pyramid"}],"items_purged_floors":[],"is_endless":false,"potions_floor_spawned":[1,2,8,18,21,31,33,40,45,48],"killed_by":"Time Eater","ascension_level":19}