{"gold_per_floor":[113,126,142,217,236,236,266,266,346,373,57,69,69,87,87,158,158,171,190,190,12,23,23,37,68,68,68],"floor_reached":27,"playtime":1254,"items_purged":["Strike_P","Strike_P"],"score":478,"play_id":"8155c1c4-4766-4008-979d-2e7893fcd1b0","local_time":"20210904211956","is_ascension_mode":true,"campfire_choices":[{"data":"Eruption","floor":6,"key":"SMITH"},{"floor":8,"key":"REST"},{"data":"ThirdEye","floor":15,"key":"SMITH"},{"floor":23,"key":"REST"}],"neow_cost":"NONE","seed_source_timestamp":192594099075400,"circlet_count":0,"master_deck":["AscendersBane","Strike_P","Strike_P","Defend_P","Defend_P","Defend_P","Defend_P","Eruption+1","Vigilance","FollowUp","BowlingBash","SashWhip","ThirdEye+1","Judgement","FearNoEvil","Wireheading","EmptyBody","Consecrate","Devotion","MentalFortress","Evaluate","TalkToTheHand","DeceiveReality","EmptyFist"],"relics":["HolyWater","Vajra","Calipers","Mummified Hand","Happy Flower","Lee\u0027s Waffle","Oddly Smooth Stone","Anchor"],"potions_floor_usage":[16,22,24,25],"damage_taken":[{"damage":5,"enemies":"Small Slimes","floor":1,"turns":4},{"damage":3,"enemies":"2 Louse","floor":2,"turns":2},{"damage":0,"enemies":"Cultist","floor":3,"turns":2},{"damage":12,"enemies":"Exordium Thugs","floor":5,"turns":3},{"damage":10,"enemies":"3 Sentries","floor":7,"turns":5},{"damage":15,"enemies":"Gremlin Nob","floor":10,"turns":3},{"damage":4,"enemies":"Exordium Wildlife","floor":12,"turns":4},{"damage":3,"enemies":"Blue Slaver","floor":14,"turns":3},{"damage":36,"enemies":"Hexaghost","floor":16,"turns":6},{"damage":38,"enemies":"Shell Parasite","floor":18,"turns":6},{"damage":21,"enemies":"3 Byrds","floor":19,"turns":5},{"damage":0,"enemies":"Sentry and Sphere","floor":22,"turns":4},{"damage":7,"enemies":"Snake Plant","floor":24,"turns":7},{"damage":11,"enemies":"Gremlin Leader","floor":25,"turns":7},{"damage":17,"enemies":"Slavers","floor":27,"turns":1}],"seed_played":"5832996142861922028","potions_obtained":[{"floor":7,"key":"Ambrosia"},{"floor":10,"key":"SmokeBomb"},{"floor":14,"key":"FearPotion"},{"floor":16,"key":"SteroidPotion"},{"floor":20,"key":"Block Potion"},{"floor":22,"key":"Weak Potion"}],"is_trial":false,"path_per_floor":["M","M","M","?","M","R","E","R","T","E","$","M","?","M","R","B",null,"M","M","?","$","M","R","M","E","T","E"],"character_chosen":"WATCHER","items_purchased":["Lee\u0027s Waffle","Wireheading","TalkToTheHand"],"campfire_rested":2,"item_purchase_floors":[11,11,21],"current_hp_per_floor":[56,53,53,42,30,30,20,40,40,25,75,71,76,73,73,37,69,31,10,10,10,10,34,27,16,16,0],"gold":68,"neow_bonus":"RANDOM_COMMON_RELIC","is_prod":false,"is_daily":false,"chose_seed":false,"campfire_upgraded":2,"win_rate":0,"timestamp":1630804796,"path_taken":["M","M","M","?","M","R","E","R","T","E","$","M","?","M","R","BOSS","M","M","?","$","M","R","?","E","T","E"],"build_version":"2020-12-22","purchased_purges":2,"victory":false,"max_hp_per_floor":[68,68,68,68,68,68,68,68,68,68,75,75,80,80,80,80,80,80,80,80,80,80,80,80,80,80,80],"card_choices":[{"not_picked":["JustLucky","Pray"],"picked":"FollowUp","floor":1},{"not_picked":["Perseverance","Study"],"picked":"BowlingBash","floor":2},{"not_picked":["Protect","CrushJoints"],"picked":"SashWhip","floor":3},{"not_picked":["FollowUp","Crescendo"],"picked":"ThirdEye","floor":5},{"not_picked":["Perseverance","Crescendo"],"picked":"Judgement","floor":7},{"not_picked":["Halt","Nirvana"],"picked":"FearNoEvil","floor":10},{"not_picked":["Weave","EmptyFist"],"picked":"EmptyBody","floor":12},{"not_picked":["BowlingBash","JustLucky"],"picked":"Consecrate","floor":14},{"not_picked":["Judgement","Establishment"],"picked":"Devotion","floor":16},{"not_picked":["Vengeance","Evaluate"],"picked":"MentalFortress","floor":18},{"not_picked":["Crescendo","SashWhip"],"picked":"Evaluate","floor":19},{"not_picked":["Halt","ForeignInfluence"],"picked":"DeceiveReality","floor":22},{"not_picked":["SashWhip","Evaluate"],"picked":"EmptyFist","floor":24},{"not_picked":["Study","FollowUp","Alpha"],"picked":"SKIP","floor":25}],"player_experience":812473,"relics_obtained":[{"floor":7,"key":"Calipers"},{"floor":9,"key":"Mummified Hand"},{"floor":10,"key":"Happy Flower"},{"floor":25,"key":"Oddly Smooth Stone"},{"floor":26,"key":"Anchor"}],"event_choices":[{"damage_healed":0,"gold_gain":75,"player_choice":"Gather Gold","damage_taken":11,"max_hp_gain":0,"max_hp_loss":0,"event_name":"World of Goop","floor":4,"gold_loss":0},{"damage_healed":0,"gold_gain":0,"player_choice":"Donut","damage_taken":0,"max_hp_gain":5,"max_hp_loss":0,"event_name":"Big Fish","floor":13,"gold_loss":0},{"damage_healed":0,"gold_gain":0,"player_choice":"Got Potions","damage_taken":0,"max_hp_gain":0,"max_hp_loss":0,"event_name":"Lab","floor":20,"gold_loss":0}],"is_beta":false,"boss_relics":[{"not_picked":["Snecko Eye","Black Star"],"picked":"HolyWater"}],"items_purged_floors":[11,21],"is_endless":false,"potions_floor_spawned":[7,10,14,16,18,22],"killed_by":"Slavers","ascension_level":19}