{"gold_per_floor":[112,124,144,159,175,175,210,210,261,291,308,321,339,364,364,443,443,453,293,293,10,10,35,49,49,75,75,103,103,103,123,123,123],"floor_reached":33,"playtime":1613,"items_purged":["Strike_P"],"score":678,"play_id":"7bac79a0-aaf1-4ec8-975c-16e36f3ef603","local_time":"20210901155236","is_ascension_mode":true,"campfire_choices":[{"data":"EmptyFist","floor":6.0,"key":"SMITH"},{"data":"Scrawl","floor":8.0,"key":"SMITH"},{"data":"Crescendo","floor":15.0,"key":"SMITH"},{"data":"Adaptation","floor":25.0,"key":"SMITH"},{"data":"Sanctity","floor":29.0,"key":"SMITH"},{"data":"Protect","floor":32,"key":"SMITH"}],"neow_cost":"NONE","seed_source_timestamp":621067535680900,"circlet_count":0,"master_deck":["AscendersBane","Strike_P+1","Strike_P","Strike_P+1","Defend_P","Defend_P","Defend_P","Defend_P","Eruption+1","Vigilance+1","EmptyFist+1","Meditate","JustLucky","Scrawl+1","Sanctity+1","Conclude","JustLucky+1","Meditate","FlurryOfBlows","CarveReality","Crescendo+1","LessonLearned+1","CutThroughFate","LikeWater+1","TalkToTheHand","Adaptation+1","Wallop","EmptyBody","Protect+1"],"special_seed":0,"relics":["PureWater","Whetstone","Bottled Lightning","Bag of Preparation","TeardropLocket","Damaru","Philosopher\u0027s Stone","Toolbox","Centennial Puzzle"],"potions_floor_usage":[33,33],"damage_taken":[{"damage":1.0,"enemies":"Cultist","floor":1.0,"turns":3.0},{"damage":0.0,"enemies":"2 Louse","floor":2.0,"turns":1.0},{"damage":2.0,"enemies":"Jaw Worm","floor":3.0,"turns":2.0},{"damage":0.0,"enemies":"Large Slime","floor":4.0,"turns":2.0},{"damage":13.0,"enemies":"Exordium Thugs","floor":5.0,"turns":6.0},{"damage":0.0,"enemies":"Gremlin Nob","floor":7.0,"turns":2.0},{"damage":10.0,"enemies":"Lagavulin","floor":10.0,"turns":3.0},{"damage":0.0,"enemies":"2 Fungi Beasts","floor":11.0,"turns":2.0},{"damage":0.0,"enemies":"Looter","floor":12.0,"turns":1.0},{"damage":0.0,"enemies":"Large Slime","floor":13.0,"turns":2.0},{"damage":0.0,"enemies":"Gremlin Nob","floor":14.0,"turns":2.0},{"damage":17.0,"enemies":"The Guardian","floor":16.0,"turns":9.0},{"damage":11.0,"enemies":"2 Thieves","floor":18.0,"turns":3.0},{"damage":7.0,"enemies":"Slavers","floor":23.0,"turns":4.0},{"damage":0.0,"enemies":"Chosen","floor":24.0,"turns":3.0},{"damage":8.0,"enemies":"Gremlin Leader","floor":28.0,"turns":5.0},{"damage":5,"enemies":"Snake Plant","floor":31,"turns":2},{"damage":57,"enemies":"Champ","floor":33,"turns":11}],"seed_played":"-4684881832152541435","potions_obtained":[{"floor":4.0,"key":"SkillPotion"},{"floor":5.0,"key":"Fire Potion"},{"floor":11.0,"key":"FearPotion"},{"floor":13.0,"key":"Swift Potion"},{"floor":16.0,"key":"DuplicationPotion"},{"floor":18.0,"key":"StancePotion"},{"floor":31,"key":"Regen Potion"}],"is_trial":false,"path_per_floor":["M","M","M","M","M","R","E","R","T","E","M","M","M","E","R","B",null,"M","$","?","$","?","E","M","R","T","$","E","R","?","M","R","B"],"character_chosen":"WATCHER","items_purchased":["LikeWater","TalkToTheHand","Adaptation","Toolbox"],"campfire_rested":0,"item_purchase_floors":[19,21,21,21],"current_hp_per_floor":[60,60,58,58,45,45,45,45,45,35,35,35,35,35,35,18,56,45,45,45,45,45,38,38,38,38,38,30,30,30,25,25,0],"gold":123,"neow_bonus":"RANDOM_COMMON_RELIC","is_prod":false,"is_daily":false,"chose_seed":false,"campfire_upgraded":6,"win_rate":0,"timestamp":1630525956,"path_taken":["M","M","M","?","M","R","E","R","T","E","M","M","M","E","R","BOSS","M","?","?","$","?","E","M","R","T","$","E","R","?","M","R","BOSS"],"build_version":"2020-12-22","purchased_purges":1,"victory":false,"max_hp_per_floor":[68,68,68,68,68,68,68,68,68,68,68,68,68,68,68,68,68,68,68,68,68,68,68,68,68,68,68,68,68,68,68,68,68],"card_choices":[{"not_picked":["Halt","ForeignInfluence"],"picked":"EmptyFist","floor":1.0},{"not_picked":["EmptyBody","CarveReality"],"picked":"Meditate","floor":2.0},{"not_picked":["Study","ClearTheMind"],"picked":"JustLucky","floor":3.0},{"not_picked":["Prostrate","JustLucky"],"picked":"Scrawl","floor":4.0},{"not_picked":["Crescendo","Meditate"],"picked":"Sanctity","floor":5.0},{"not_picked":["Evaluate","Crescendo"],"picked":"Conclude","floor":7.0},{"not_picked":["ClearTheMind","Vengeance"],"picked":"JustLucky","floor":10.0},{"not_picked":["Omniscience","PathToVictory"],"picked":"Meditate","floor":11.0},{"not_picked":["MentalFortress","EmptyFist"],"picked":"FlurryOfBlows","floor":12.0},{"not_picked":["PathToVictory","Collect"],"picked":"CarveReality","floor":13.0},{"not_picked":["Weave","ConjureBlade","Crescendo"],"picked":"SKIP","floor":14.0},{"not_picked":["Weave","ConjureBlade"],"picked":"Crescendo","floor":14.0},{"not_picked":["Alpha","Blasphemy"],"picked":"LessonLearned","floor":16.0},{"not_picked":["SignatureMove","PathToVictory"],"picked":"CutThroughFate","floor":18.0},{"not_picked":["ClearTheMind","Nirvana"],"picked":"Wallop","floor":23.0},{"not_picked":["Sanctity","DevaForm"],"picked":"EmptyBody","floor":24.0},{"not_picked":["Halt","Consecrate","ReachHeaven"],"picked":"SKIP","floor":28.0},{"not_picked":["JustLucky","EmptyFist"],"picked":"Protect","floor":31}],"player_experience":786648,"relics_obtained":[{"floor":7.0,"key":"Bottled Lightning"},{"floor":9.0,"key":"Bag of Preparation"},{"floor":10.0,"key":"TeardropLocket"},{"floor":14.0,"key":"Damaru"},{"floor":26.0,"key":"Centennial Puzzle"}],"event_choices":[{"damage_healed":0.0,"max_hp_gain":0.0,"max_hp_loss":0.0,"gold_gain":0.0,"event_name":"Ghosts","player_choice":"Ignored","floor":20.0,"gold_loss":0.0,"damage_taken":0.0},{"damage_healed":0.0,"max_hp_gain":0.0,"max_hp_loss":0.0,"gold_gain":0.0,"event_name":"The Mausoleum","player_choice":"Ignored","floor":22.0,"gold_loss":0.0,"damage_taken":0.0},{"damage_healed":0.0,"max_hp_gain":0.0,"max_hp_loss":0.0,"gold_gain":0.0,"event_name":"Accursed Blacksmith","player_choice":"Forge","floor":30.0,"gold_loss":0.0,"damage_taken":0.0,"cards_upgraded":["Vigilance"]}],"is_beta":false,"boss_relics":[{"not_picked":["Velvet Choker","Ectoplasm"],"picked":"Philosopher\u0027s Stone"}],"items_purged_floors":[19],"is_endless":false,"potions_floor_spawned":[4,5,11,13,16,18,31],"killed_by":"Champ","ascension_level":18}