{"gold_per_floor":[113,132,150,170,182,212,212,237,309,337,365,92,125,138,138,212,212,226,151,18,18,29,62,82,113,113,130,19,19,19],"floor_reached":30,"playtime":1925,"items_purged":["Strike_P"],"score":555,"play_id":"1f516e45-12e0-40e0-95cb-18eca5e5335c","local_time":"20210829204337","is_ascension_mode":true,"campfire_choices":[{"data":"Conclude","floor":7.0,"key":"SMITH"},{"floor":15.0,"key":"REST"}],"neow_cost":"NONE","seed_source_timestamp":379020986409000,"circlet_count":0,"master_deck":["AscendersBane","Eruption","Vigilance","FollowUp","Conclude+1","CrushJoints","CutThroughFate","ThirdEye","TalkToTheHand","Evaluate","EmptyFist+1","MentalFortress","Tantrum+1","Protect","JustLucky+1","Omniscience","Wireheading","Conclude+1","Wallop+1","Halt","FlurryOfBlows+1","BattleHymn","SashWhip+1","Adaptation","CutThroughFate+1","FlurryOfBlows+1","ClearTheMind","Tantrum+1"],"special_seed":0,"relics":["PureWater","Orichalcum","Art of War","Unceasing Top","Molten Egg 2","Odd Mushroom","Ginger","Nunchaku","Pandora\u0027s Box","Toy Ornithopter","Mango","Turnip"],"potions_floor_usage":[23,27,27],"damage_taken":[{"damage":2.0,"enemies":"Small Slimes","floor":1.0,"turns":5.0},{"damage":0.0,"enemies":"Jaw Worm","floor":2.0,"turns":4.0},{"damage":0.0,"enemies":"2 Louse","floor":3.0,"turns":1.0},{"damage":0.0,"enemies":"Lots of Slimes","floor":4.0,"turns":1.0},{"damage":2.0,"enemies":"2 Fungi Beasts","floor":5.0,"turns":3.0},{"damage":29.0,"enemies":"Lagavulin","floor":6.0,"turns":5.0},{"damage":11.0,"enemies":"Gremlin Nob","floor":8.0,"turns":3.0},{"damage":6.0,"enemies":"The Mushroom Lair","floor":10.0,"turns":3.0},{"damage":4.0,"enemies":"Lagavulin","floor":11.0,"turns":5.0},{"damage":12.0,"enemies":"3 Sentries","floor":13.0,"turns":3.0},{"damage":2.0,"enemies":"Exordium Thugs","floor":14.0,"turns":3.0},{"damage":7.0,"enemies":"The Guardian","floor":16.0,"turns":10.0},{"damage":12.0,"enemies":"3 Byrds","floor":18.0,"turns":4.0},{"damage":3,"enemies":"Shell Parasite","floor":22,"turns":3},{"damage":4,"enemies":"Book of Stabbing","floor":23,"turns":4},{"damage":0,"enemies":"3 Cultists","floor":24,"turns":2},{"damage":6,"enemies":"Gremlin Leader","floor":25,"turns":3},{"damage":9,"enemies":"Snake Plant","floor":27,"turns":3},{"damage":46,"enemies":"Slavers","floor":30,"turns":3}],"seed_played":"-2415458279629146275","potions_obtained":[{"floor":3.0,"key":"StancePotion"},{"floor":4.0,"key":"Regen Potion"},{"floor":13.0,"key":"Block Potion"},{"floor":18.0,"key":"StancePotion"},{"floor":23,"key":"SkillPotion"},{"floor":24,"key":"Energy Potion"}],"is_trial":false,"path_per_floor":["M","M","M","M","M","E","R","E","T","?","E","$","E","M","R","B",null,"M","?","$","?","M","E","M","E","T","M","$","?","E"],"character_chosen":"WATCHER","items_purchased":["Tantrum+1","AttackPotion","Swift Potion","Adaptation","CutThroughFate+1","CultistPotion"],"campfire_rested":1,"item_purchase_floors":[12,12,12,20,20,28],"current_hp_per_floor":[59,59,59,59,57,28,28,26,26,20,16,16,4,2,22,15,55,43,43,43,43,40,36,36,44,44,45,45,45,0],"gold":19,"neow_bonus":"RANDOM_COMMON_RELIC","is_prod":false,"is_daily":false,"chose_seed":false,"campfire_upgraded":1,"win_rate":0,"timestamp":1630284217,"path_taken":["M","M","M","M","M","E","R","E","T","?","E","$","E","M","R","BOSS","M","?","$","?","M","E","M","E","T","M","$","?","E"],"build_version":"2020-12-22","purchased_purges":1,"victory":false,"max_hp_per_floor":[68,68,68,68,68,68,68,68,68,68,68,68,68,68,68,68,68,68,68,68,68,68,68,68,82,82,82,82,82,82],"card_choices":[{"not_picked":["PathToVictory","FlyingSleeves"],"picked":"FollowUp","floor":1.0},{"not_picked":["JustLucky","FlyingSleeves"],"picked":"Conclude","floor":2.0},{"not_picked":["Evaluate","FlyingSleeves"],"picked":"CrushJoints","floor":3.0},{"not_picked":["Devotion","ClearTheMind"],"picked":"CutThroughFate","floor":4.0},{"not_picked":["SandsOfTime","Prostrate"],"picked":"ThirdEye","floor":5.0},{"not_picked":["ThirdEye","Evaluate"],"picked":"TalkToTheHand","floor":6.0},{"not_picked":["ReachHeaven","JustLucky"],"picked":"Evaluate","floor":8.0},{"not_picked":["Vengeance","PathToVictory"],"picked":"EmptyFist+1","floor":10.0},{"not_picked":["EmptyFist+1","MasterReality"],"picked":"MentalFortress","floor":11.0},{"not_picked":["BowlingBash+1","Consecrate+1"],"picked":"Protect","floor":13.0},{"not_picked":["Swivel","PathToVictory"],"picked":"JustLucky+1","floor":14.0},{"not_picked":["Devotion","SpiritShield"],"picked":"Omniscience","floor":16.0},{"not_picked":["PathToVictory","ThirdEye"],"picked":"SashWhip+1","floor":18.0},{"not_picked":["Protect","PathToVictory"],"picked":"FlurryOfBlows+1","floor":22},{"not_picked":["Prostrate","EmptyBody"],"picked":"ClearTheMind","floor":23},{"not_picked":["Prostrate","BattleHymn"],"picked":"Tantrum+1","floor":24},{"not_picked":["Worship","MasterReality","WaveOfTheHand"],"picked":"SKIP","floor":25},{"not_picked":["PathToVictory","EmptyFist+1","FollowUp+1"],"picked":"SKIP","floor":27}],"player_experience":773116,"relics_obtained":[{"floor":6.0,"key":"Art of War"},{"floor":8.0,"key":"Unceasing Top"},{"floor":9.0,"key":"Molten Egg 2"},{"floor":10.0,"key":"Odd Mushroom"},{"floor":11.0,"key":"Ginger"},{"floor":13.0,"key":"Nunchaku"},{"floor":23,"key":"Toy Ornithopter"},{"floor":25,"key":"Mango"},{"floor":26,"key":"Turnip"}],"event_choices":[{"damage_healed":0.0,"max_hp_gain":0.0,"max_hp_loss":0.0,"gold_gain":0.0,"event_name":"Mushrooms","player_choice":"Fought Mushrooms","floor":10.0,"gold_loss":0.0,"damage_taken":0.0},{"cards_removed":["Prostrate"],"damage_healed":0.0,"max_hp_gain":0.0,"max_hp_loss":0.0,"gold_gain":0.0,"event_name":"Beggar","player_choice":"Gave Gold","floor":19.0,"gold_loss":75.0,"damage_taken":0.0},{"damage_healed":0,"gold_gain":0,"player_choice":"Ignored","damage_taken":0,"max_hp_gain":0,"max_hp_loss":0,"event_name":"Cursed Tome","floor":21,"gold_loss":0},{"damage_healed":0,"gold_gain":0,"player_choice":"Ignored","damage_taken":0,"max_hp_gain":0,"max_hp_loss":0,"event_name":"Ghosts","floor":29,"gold_loss":0}],"is_beta":false,"boss_relics":[{"not_picked":["Busted Crown","Philosopher\u0027s Stone"],"picked":"Pandora\u0027s Box"}],"items_purged_floors":[12],"is_endless":false,"potions_floor_spawned":[3,4,5,13,14,18,23,24],"killed_by":"Slavers","ascension_level":17}