{"gold_per_floor":[119,133,133,151,170,170,195,195,222,237,250,278,278,312,312,391,391,376,191,211,223,223,223,253,287,337,337,353,384,394,394,394,471,471,489,499,499,513,199,230,230,261,261,279,279,290,321,3,3,3],"floor_reached":51,"playtime":4394,"items_purged":["Strike_P","Strike_P","Defend_P"],"score":1525,"play_id":"3e210ba3-d949-4524-a942-ce4cd3737d02","local_time":"20210828192505","is_ascension_mode":true,"campfire_choices":[{"data":"SandsOfTime","floor":6.0,"key":"SMITH"},{"data":"Eruption","floor":13.0,"key":"SMITH"},{"data":"Vigilance","floor":15.0,"key":"SMITH"},{"data":"BowlingBash","floor":23.0,"key":"SMITH"},{"data":"MentalFortress","floor":27.0,"key":"SMITH"},{"data":"LikeWater","floor":32,"key":"SMITH"},{"data":"Meditate","floor":41,"key":"SMITH"},{"data":"Establishment","floor":49,"key":"SMITH"}],"neow_cost":"NONE","seed_source_timestamp":285476086106200,"circlet_count":0,"master_deck":["AscendersBane","Strike_P+1","Defend_P","Defend_P","Defend_P","Eruption+1","Vigilance+1","SashWhip","InnerPeace","SandsOfTime+1","Consecrate","ClearTheMind","FlurryOfBlows","Protect","Establishment+1","EmptyFist+1","MentalFortress+1","BowlingBash+1","Vault","Wireheading","ThirdEye","LikeWater+1","MentalFortress","Meditate+1","Scrawl","Crescendo+1","CutThroughFate+1","EmptyMind","Wireheading","InnerPeace","MentalFortress","EmptyBody"],"special_seed":0,"relics":["PureWater","Art of War","Anchor","Regal Pillow","Blood Vial","Coffee Dripper","Red Mask","Whetstone","Bag of Preparation","Thread and Needle","Letter Opener","SlaversCollar","StrikeDummy","InkBottle","Potion Belt"],"potions_floor_usage":[33,33,40,42,50,50],"damage_taken":[{"damage":1.0,"enemies":"Small Slimes","floor":1.0,"turns":6.0},{"damage":1.0,"enemies":"2 Louse","floor":2.0,"turns":3.0},{"damage":5.0,"enemies":"Cultist","floor":4.0,"turns":6.0},{"damage":13.0,"enemies":"Blue Slaver","floor":5.0,"turns":5.0},{"damage":15.0,"enemies":"3 Sentries","floor":7.0,"turns":8.0},{"damage":0.0,"enemies":"Looter","floor":10.0,"turns":2.0},{"damage":0.0,"enemies":"2 Fungi Beasts","floor":11.0,"turns":2.0},{"damage":0.0,"enemies":"Lagavulin","floor":12.0,"turns":4.0},{"damage":7.0,"enemies":"3 Sentries","floor":14.0,"turns":6.0},{"damage":35.0,"enemies":"Hexaghost","floor":16.0,"turns":11.0},{"damage":12.0,"enemies":"2 Thieves","floor":18.0,"turns":4.0},{"damage":0.0,"enemies":"3 Byrds","floor":20.0,"turns":4.0},{"damage":2.0,"enemies":"Centurion and Healer","floor":21.0,"turns":6.0},{"damage":19.0,"enemies":"Masked Bandits","floor":24.0,"turns":6.0},{"damage":21.0,"enemies":"Book of Stabbing","floor":25.0,"turns":8.0},{"damage":0.0,"enemies":"Snecko","floor":28.0,"turns":4.0},{"damage":5.0,"enemies":"Slavers","floor":29.0,"turns":5.0},{"damage":0,"enemies":"Snake Plant","floor":30,"turns":4},{"damage":18,"enemies":"Collector","floor":33,"turns":10},{"damage":5,"enemies":"Orb Walker","floor":35,"turns":3},{"damage":0,"enemies":"3 Shapes","floor":36,"turns":7},{"damage":0,"enemies":"Spire Growth","floor":38,"turns":6},{"damage":12,"enemies":"Reptomancer","floor":40,"turns":7},{"damage":7,"enemies":"Giant Head","floor":42,"turns":8},{"damage":0,"enemies":"Transient","floor":44,"turns":6},{"damage":0,"enemies":"Writhing Mass","floor":46,"turns":7},{"damage":12,"enemies":"Nemesis","floor":47,"turns":8},{"damage":0,"enemies":"Awakened One","floor":50,"turns":11}],"seed_played":"4009910035362973989","potions_obtained":[{"floor":0.0,"key":"ColorlessPotion"},{"floor":0.0,"key":"EntropicBrew"},{"floor":2.0,"key":"SkillPotion"},{"floor":7.0,"key":"Explosive Potion"},{"floor":14.0,"key":"SpeedPotion"},{"floor":20.0,"key":"Fire Potion"},{"floor":21.0,"key":"ColorlessPotion"},{"floor":25.0,"key":"FearPotion"},{"floor":30,"key":"Regen Potion"},{"floor":42,"key":"Fruit Juice"},{"floor":44,"key":"GamblersBrew"}],"is_trial":false,"path_per_floor":["M","M","?","M","M","R","E","?","T","M","M","E","R","E","R","B",null,"M","$","M","M","?","R","?","E","T","R","M","E","M","T","R","B",null,"M","M","?","M","$","E","R","E","T","M","?","M","E","$","R","B",null],"character_chosen":"WATCHER","items_purchased":["MentalFortress","BowlingBash","PowerPotion","StancePotion","Wireheading","MentalFortress","SkillPotion","EmptyBody"],"campfire_rested":0,"item_purchase_floors":[19,19,39,39,39,48,48,48],"current_hp_per_floor":[60,59,59,54,41,41,26,68,68,68,68,68,68,61,61,28,58,48,48,50,50,50,50,33,14,14,14,16,13,15,15,15,14,55,52,54,54,56,56,46,46,46,46,48,38,40,30,30,30,32],"gold":3,"neow_bonus":"THREE_SMALL_POTIONS","is_prod":false,"is_daily":false,"chose_seed":false,"campfire_upgraded":8,"win_rate":0,"timestamp":1630193105,"path_taken":["M","M","?","M","M","R","E","?","T","M","M","E","R","E","R","BOSS","M","$","M","M","?","R","?","E","T","R","M","E","M","?","R","BOSS","M","M","?","M","$","E","R","E","T","M","?","M","E","$","R","BOSS"],"build_version":"2020-12-22","purchased_purges":3,"victory":true,"max_hp_per_floor":[68,68,68,68,68,68,68,68,68,68,68,68,68,68,68,68,68,68,68,68,68,68,68,68,68,68,68,68,68,68,68,68,68,68,68,68,65,65,65,65,65,70,70,70,70,70,70,70,70,70],"card_choices":[{"not_picked":["Crescendo","Swivel"],"picked":"SashWhip","floor":1.0},{"not_picked":["WaveOfTheHand","DeusExMachina","Study"],"picked":"SKIP","floor":2.0},{"not_picked":["Evaluate","ThirdEye"],"picked":"InnerPeace","floor":4.0},{"not_picked":["Halt","ReachHeaven"],"picked":"SandsOfTime","floor":5.0},{"not_picked":["Worship","Judgement"],"picked":"Consecrate","floor":7.0},{"not_picked":["Perseverance","BowlingBash"],"picked":"ClearTheMind","floor":10.0},{"not_picked":["Evaluate","Halt"],"picked":"FlurryOfBlows","floor":11.0},{"not_picked":["DeceiveReality","EmptyBody"],"picked":"Protect","floor":12.0},{"not_picked":["CrushJoints","SashWhip","Consecrate"],"picked":"SKIP","floor":14.0},{"not_picked":["MasterReality","Devotion"],"picked":"Establishment","floor":16.0},{"not_picked":["ThirdEye","DeceiveReality"],"picked":"EmptyFist","floor":18.0},{"not_picked":["Prostrate","ThirdEye+1"],"picked":"Vault","floor":20.0},{"not_picked":["ClearTheMind","Swivel"],"picked":"Wireheading","floor":21.0},{"not_picked":["Protect","Crescendo"],"picked":"ThirdEye","floor":24.0},{"not_picked":["CrushJoints","Prostrate","Wireheading"],"picked":"SKIP","floor":25.0},{"not_picked":["WaveOfTheHand","Wallop"],"picked":"LikeWater","floor":28.0},{"not_picked":["Wallop","ThirdEye"],"picked":"MentalFortress","floor":29.0},{"not_picked":["SashWhip","FollowUp+1"],"picked":"Meditate","floor":30},{"not_picked":["LessonLearned","Vault"],"picked":"Scrawl","floor":33},{"not_picked":["WaveOfTheHand","InnerPeace"],"picked":"Crescendo+1","floor":35},{"not_picked":["Conclude","BowlingBash+1"],"picked":"CutThroughFate+1","floor":36},{"not_picked":["FlyingSleeves+1","Prostrate"],"picked":"EmptyMind","floor":38},{"not_picked":["Halt","Devotion","Wireheading"],"picked":"SKIP","floor":40},{"not_picked":["Halt+1","ClearTheMind","Consecrate"],"picked":"SKIP","floor":42},{"not_picked":["CrushJoints","Collect+1"],"picked":"InnerPeace","floor":44},{"not_picked":["SashWhip","ReachHeaven+1","Collect"],"picked":"SKIP","floor":46},{"not_picked":["Evaluate","Pray+1","FollowUp"],"picked":"SKIP","floor":47}],"player_experience":768722,"relics_obtained":[{"floor":7.0,"key":"Art of War"},{"floor":9.0,"key":"Anchor"},{"floor":12.0,"key":"Regal Pillow"},{"floor":14.0,"key":"Blood Vial"},{"floor":24.0,"key":"Red Mask"},{"floor":25.0,"key":"Whetstone"},{"floor":26.0,"key":"Bag of Preparation"},{"floor":29.0,"key":"Thread and Needle"},{"floor":31,"key":"Letter Opener"},{"floor":40,"key":"StrikeDummy"},{"floor":42,"key":"InkBottle"},{"floor":47,"key":"Potion Belt"}],"event_choices":[{"damage_healed":0.0,"max_hp_gain":0.0,"max_hp_loss":0.0,"gold_gain":0.0,"cards_transformed":["Strike_P"],"event_name":"Living Wall","player_choice":"Change","floor":3.0,"gold_loss":0.0,"damage_taken":0.0,"cards_obtained":["Worship"]},{"cards_removed":["Worship"],"damage_healed":42.0,"max_hp_gain":0.0,"max_hp_loss":0.0,"gold_gain":0.0,"event_name":"Bonfire Elementals","player_choice":"Offered Uncommon","floor":8.0,"gold_loss":0.0,"damage_taken":0.0},{"damage_healed":0.0,"max_hp_gain":0.0,"max_hp_loss":0.0,"gold_gain":0.0,"event_name":"Vampires","player_choice":"Ignored","floor":22.0,"gold_loss":0.0,"damage_taken":0.0},{"damage_healed":0.0,"max_hp_gain":0.0,"max_hp_loss":0.0,"gold_gain":0.0,"event_name":"Masked Bandits","player_choice":"Fought Bandits","floor":24.0,"gold_loss":0.0,"damage_taken":0.0},{"damage_healed":0,"gold_gain":0,"player_choice":"Max HP","damage_taken":0,"max_hp_gain":0,"max_hp_loss":3,"event_name":"Winding Halls","floor":37,"gold_loss":0},{"damage_healed":0,"gold_gain":0,"player_choice":"Memory 3","damage_taken":10,"max_hp_gain":0,"max_hp_loss":0,"event_name":"SensoryStone","floor":45,"gold_loss":0}],"is_beta":false,"boss_relics":[{"not_picked":["Runic Pyramid","SacredBark"],"picked":"Coffee Dripper"},{"not_picked":["Velvet Choker","Calling Bell"],"picked":"SlaversCollar"}],"items_purged_floors":[19,39,48],"is_endless":false,"potions_floor_spawned":[2,4,7,10,14,20,21,25,30,42,44],"ascension_level":16}