{"gold_per_floor":[111,59,79,99,113,113,148,63,109,34,69,69,100,175,175,246,246,264,297,36,36,36,36,67,79,91,122,134],"floor_reached":28,"playtime":2356,"items_purged":["Strike_P","Strike_P"],"score":540,"play_id":"a134ae76-0854-4e5d-9458-f19dd8f762d0","local_time":"20210920182146","is_ascension_mode":true,"campfire_choices":[{"data":"Tantrum","floor":6,"key":"SMITH"},{"floor":15,"key":"REST"},{"floor":23,"key":"REST"},{"data":"TalkToTheHand","floor":25,"key":"SMITH"}],"neow_cost":"NONE","seed_source_timestamp":317655657330000,"circlet_count":0,"master_deck":["AscendersBane","Strike_P+1","Strike_P","Defend_P","Defend_P","Defend_P","Defend_P","Eruption+1","Vigilance","Tantrum+1","TalkToTheHand+1","CrushJoints","FlurryOfBlows","CutThroughFate+1","MentalFortress","Omniscience","Omniscience"],"relics":["PureWater","Letter Opener","Toy Ornithopter","Regal Pillow","Centennial Puzzle","Torii","Runic Dome","Red Mask","Whetstone","MawBank","Pear"],"potions_floor_usage":[7,16,24],"damage_taken":[{"damage":3,"enemies":"2 Louse","floor":1,"turns":3},{"damage":0,"enemies":"Cultist","floor":3,"turns":2},{"damage":0,"enemies":"Small Slimes","floor":4,"turns":3},{"damage":1,"enemies":"2 Fungi Beasts","floor":5,"turns":4},{"damage":16,"enemies":"Lagavulin","floor":7,"turns":3},{"damage":21,"enemies":"3 Sentries","floor":11,"turns":4},{"damage":0,"enemies":"Gremlin Nob","floor":13,"turns":3},{"damage":26,"enemies":"The Guardian","floor":16,"turns":8},{"damage":23,"enemies":"3 Byrds","floor":18,"turns":4},{"damage":18,"enemies":"Masked Bandits","floor":19,"turns":3},{"damage":7,"enemies":"Book of Stabbing","floor":24,"turns":4},{"damage":0,"enemies":"Shell Parasite","floor":27,"turns":3},{"damage":70,"enemies":"Gremlin Leader","floor":28,"turns":4}],"seed_played":"6922246149550928735","potions_obtained":[{"floor":3,"key":"PowerPotion"},{"floor":4,"key":"Weak Potion"},{"floor":11,"key":"Dexterity Potion"}],"is_trial":false,"path_per_floor":["M","?","M","M","M","R","E","$","T","$","E","?","E","?","R","B",null,"M","?","$","?","?","R","E","R","T","M","E"],"character_chosen":"WATCHER","items_purchased":["MentalFortress","Whetstone"],"campfire_rested":2,"item_purchase_floors":[8,20],"current_hp_per_floor":[58,58,58,58,57,57,41,41,41,41,20,20,20,9,44,23,57,34,16,16,16,16,51,49,49,59,59,0],"gold":134,"neow_bonus":"UPGRADE_CARD","is_prod":false,"is_daily":false,"chose_seed":false,"campfire_upgraded":2,"win_rate":0,"timestamp":1632176506,"path_taken":["M","?","?","M","M","R","E","$","T","$","E","?","E","?","R","BOSS","M","?","$","?","?","R","E","R","T","?","E"],"build_version":"2020-12-22","purchased_purges":2,"victory":false,"max_hp_per_floor":[68,68,68,68,68,68,68,68,68,68,68,68,68,68,68,68,68,68,68,68,68,68,68,68,68,78,78,78],"card_choices":[{"not_picked":["JustLucky","Halt"],"picked":"Tantrum","floor":1},{"not_picked":["Prostrate","JustLucky"],"picked":"TalkToTheHand","floor":3},{"not_picked":["ReachHeaven","Protect"],"picked":"CrushJoints","floor":4},{"not_picked":["Perseverance","BowlingBash"],"picked":"FlurryOfBlows","floor":5},{"not_picked":["Weave","Halt"],"picked":"CutThroughFate","floor":7},{"not_picked":["JustLucky","MasterReality","Swivel"],"picked":"SKIP","floor":11},{"not_picked":["Weave","Indignation","Sanctity"],"picked":"SKIP","floor":13},{"not_picked":["DeusExMachina","SpiritShield"],"picked":"Omniscience","floor":16},{"not_picked":["Indignation+1","Consecrate+1","BowlingBash"],"picked":"SKIP","floor":18},{"not_picked":["Protect","Evaluate","FlurryOfBlows"],"picked":"SKIP","floor":24},{"not_picked":["Protect","Evaluate","FlurryOfBlows"],"picked":"SKIP","floor":24},{"not_picked":["BattleHymn","ConjureBlade","WheelKick"],"picked":"SKIP","floor":27}],"player_experience":900206,"relics_obtained":[{"floor":7,"key":"Toy Ornithopter"},{"floor":9,"key":"Regal Pillow"},{"floor":11,"key":"Centennial Puzzle"},{"floor":13,"key":"Torii"},{"floor":19,"key":"Red Mask"},{"floor":24,"key":"MawBank"},{"floor":26,"key":"Pear"}],"event_choices":[{"damage_healed":0,"gold_gain":0,"player_choice":"Paid Gold","damage_taken":0,"relics_obtained":["Letter Opener"],"max_hp_gain":0,"max_hp_loss":0,"event_name":"WeMeetAgain","floor":2,"gold_loss":52},{"damage_healed":0,"gold_gain":0,"player_choice":"Ignored","damage_taken":0,"max_hp_gain":0,"max_hp_loss":0,"event_name":"Shining Light","floor":12,"gold_loss":0},{"damage_healed":0,"gold_gain":75,"player_choice":"Gather Gold","damage_taken":11,"max_hp_gain":0,"max_hp_loss":0,"event_name":"World of Goop","floor":14,"gold_loss":0},{"damage_healed":0,"gold_gain":0,"player_choice":"Fought Bandits","damage_taken":0,"max_hp_gain":0,"max_hp_loss":0,"event_name":"Masked Bandits","floor":19,"gold_loss":0},{"damage_healed":0,"gold_gain":0,"player_choice":"Ignored","damage_taken":0,"max_hp_gain":0,"max_hp_loss":0,"event_name":"Cursed Tome","floor":21,"gold_loss":0},{"damage_healed":0,"gold_gain":0,"player_choice":"Copied","damage_taken":0,"max_hp_gain":0,"max_hp_loss":0,"event_name":"Duplicator","floor":22,"gold_loss":0,"cards_obtained":["Omniscience"]}],"is_beta":false,"boss_relics":[{"not_picked":["Black Star","Velvet Choker"],"picked":"Runic Dome"}],"items_purged_floors":[10,20],"is_endless":false,"potions_floor_spawned":[3,4,11,13],"killed_by":"Gremlin Leader","ascension_level":19}