{"gold_per_floor":[111,111,161,177,189,189,218,232,257,182,215,215,246,246,246,320,320,337,124,141,176,176],"floor_reached":22,"playtime":991,"items_purged":["Defend_P","Strike_P"],"score":419,"play_id":"33a37217-126d-4a1f-ab40-5d1a3b0349a1","local_time":"20210920174217","is_ascension_mode":true,"campfire_choices":[{"data":"CrushJoints","floor":6,"key":"SMITH"},{"data":"EmptyFist","floor":12,"key":"SMITH"},{"data":"TalkToTheHand","floor":15,"key":"SMITH"}],"neow_cost":"NONE","seed_source_timestamp":316652292684700,"circlet_count":0,"master_deck":["AscendersBane","Strike_P","Strike_P","Strike_P","Defend_P","Defend_P","Defend_P","Eruption+1","Vigilance","CrushJoints+1","InnerPeace","TalkToTheHand+1","EmptyMind","EmptyFist+1","Evaluate","Omniscience"],"relics":["PureWater","Ancient Tea Set","MealTicket","Strawberry","Bag of Marbles","Pear","Runic Pyramid","Membership Card","Red Mask"],"potions_floor_usage":[13,16,21,21,22],"damage_taken":[{"damage":8,"enemies":"Small Slimes","floor":1,"turns":5},{"damage":1,"enemies":"2 Louse","floor":4,"turns":3},{"damage":0,"enemies":"Cultist","floor":5,"turns":4},{"damage":11,"enemies":"Lagavulin","floor":7,"turns":6},{"damage":4,"enemies":"Blue Slaver","floor":8,"turns":4},{"damage":12,"enemies":"Gremlin Nob","floor":11,"turns":3},{"damage":10,"enemies":"Lagavulin","floor":13,"turns":5},{"damage":12,"enemies":"Hexaghost","floor":16,"turns":6},{"damage":16,"enemies":"Shell Parasite","floor":18,"turns":3},{"damage":5,"enemies":"Chosen","floor":20,"turns":5},{"damage":18,"enemies":"Masked Bandits","floor":21,"turns":4},{"damage":80,"enemies":"Snecko","floor":22,"turns":8}],"seed_played":"-7353518368749306656","potions_obtained":[{"floor":4,"key":"SkillPotion"},{"floor":5,"key":"EssenceOfSteel"},{"floor":11,"key":"Strength Potion"},{"floor":16,"key":"ColorlessPotion"},{"floor":18,"key":"SpeedPotion"},{"floor":21,"key":"SpeedPotion"}],"is_trial":false,"path_per_floor":["M","?","?","M","M","R","E","M","T","$","E","R","E","?","R","B",null,"M","$","M","?","M"],"character_chosen":"WATCHER","items_purchased":["Membership Card"],"campfire_rested":0,"item_purchase_floors":[19],"current_hp_per_floor":[53,58,51,50,50,50,39,35,35,50,45,45,35,34,34,22,73,57,72,67,49,0],"gold":176,"neow_bonus":"UPGRADE_CARD","is_prod":false,"is_daily":false,"chose_seed":false,"campfire_upgraded":3,"win_rate":0,"timestamp":1632174137,"path_taken":["M","?","?","M","M","R","E","?","T","$","E","R","E","?","R","BOSS","M","$","M","?","M"],"build_version":"2020-12-22","purchased_purges":2,"victory":false,"max_hp_per_floor":[68,73,73,73,73,73,73,73,73,73,80,80,80,90,90,90,90,90,90,90,90,90],"card_choices":[{"not_picked":["JustLucky","Halt"],"picked":"CrushJoints","floor":1},{"not_picked":["Protect","SashWhip"],"picked":"InnerPeace","floor":4},{"not_picked":["FlurryOfBlows","ForeignInfluence"],"picked":"TalkToTheHand","floor":5},{"not_picked":["FlyingSleeves","Perseverance"],"picked":"EmptyMind","floor":7},{"not_picked":["EmptyBody","WreathOfFlame"],"picked":"EmptyFist","floor":8},{"not_picked":["Protect","WaveOfTheHand","FearNoEvil"],"picked":"SKIP","floor":11},{"not_picked":["FollowUp","Perseverance"],"picked":"Evaluate","floor":13},{"not_picked":["SpiritShield","Blasphemy"],"picked":"Omniscience","floor":16},{"not_picked":["BowlingBash","Consecrate","ClearTheMind"],"picked":"SKIP","floor":18},{"not_picked":["ThirdEye+1","Wireheading","EmptyBody+1"],"picked":"SKIP","floor":20}],"player_experience":899215,"relics_obtained":[{"floor":7,"key":"Ancient Tea Set"},{"floor":9,"key":"MealTicket"},{"floor":11,"key":"Strawberry"},{"floor":13,"key":"Bag of Marbles"},{"floor":21,"key":"Red Mask"}],"event_choices":[{"damage_healed":0,"gold_gain":0,"player_choice":"Donut","damage_taken":0,"max_hp_gain":5,"max_hp_loss":0,"event_name":"Big Fish","floor":2,"gold_loss":0},{"damage_healed":0,"gold_gain":50,"player_choice":"Touch","damage_taken":7,"max_hp_gain":0,"max_hp_loss":0,"event_name":"FaceTrader","floor":3,"gold_loss":0},{"damage_healed":0,"gold_gain":0,"player_choice":"Success","damage_taken":11,"relics_obtained":["Pear"],"max_hp_gain":0,"max_hp_loss":0,"event_name":"Scrap Ooze","floor":14,"gold_loss":0},{"damage_healed":0,"gold_gain":0,"player_choice":"Fought Bandits","damage_taken":0,"max_hp_gain":0,"max_hp_loss":0,"event_name":"Masked Bandits","floor":21,"gold_loss":0}],"is_beta":false,"boss_relics":[{"not_picked":["HolyWater","Velvet Choker"],"picked":"Runic Pyramid"}],"items_purged_floors":[10,19],"is_endless":false,"potions_floor_spawned":[4,5,11,16,18,21],"killed_by":"Snecko","ascension_level":19}