{"gold_per_floor":[110,110,130,147,72,72,101,115,115,150,163,163,195,208,208,280,280,290,306,286,302,321,321,347,347,427,103,103,103,121,121],"floor_reached":31,"playtime":1306,"items_purged":["Strike_P"],"score":604,"play_id":"ceb12242-8b58-48b5-b7ab-23996965fafd","local_time":"20211008180129","is_ascension_mode":true,"campfire_choices":[{"data":"Judgement","floor":6,"key":"SMITH"},{"data":"EmptyFist","floor":12,"key":"SMITH"},{"data":"Eruption","floor":15,"key":"SMITH"},{"data":"ThirdEye","floor":23,"key":"SMITH"},{"floor":25,"key":"REST"},{"data":"SignatureMove","floor":29,"key":"SMITH"}],"neow_cost":"NONE","seed_source_timestamp":440359439197900,"circlet_count":0,"master_deck":["AscendersBane","Strike_P","Strike_P+1","Defend_P","Defend_P","Defend_P+1","Defend_P","Eruption+1","Vigilance","Judgement+1","FollowUp","Conclude","Indignation+1","EmptyFist+1","MentalFortress","Protect","EmptyBody","EmptyMind","LessonLearned+1","ThirdEye+1","Wireheading","SignatureMove+1","Wireheading","MentalFortress"],"relics":["PureWater","Bag of Preparation","Toy Ornithopter","Matryoshka","Sundial","Velvet Choker","Anchor","Singing Bowl","Eternal Feather","PrismaticShard"],"potions_floor_usage":[24],"damage_taken":[{"damage":2,"enemies":"Jaw Worm","floor":1,"turns":4},{"damage":0,"enemies":"2 Louse","floor":3,"turns":2},{"damage":0,"enemies":"Cultist","floor":4,"turns":2},{"damage":0,"enemies":"Gremlin Nob","floor":7,"turns":2},{"damage":0,"enemies":"Looter","floor":8,"turns":2},{"damage":4,"enemies":"3 Sentries","floor":10,"turns":5},{"damage":0,"enemies":"Red Slaver","floor":11,"turns":1},{"damage":5,"enemies":"Lagavulin","floor":13,"turns":7},{"damage":0,"enemies":"Exordium Thugs","floor":14,"turns":4},{"damage":8,"enemies":"The Guardian","floor":16,"turns":9},{"damage":14,"enemies":"3 Byrds","floor":18,"turns":5},{"damage":5,"enemies":"Chosen","floor":19,"turns":3},{"damage":0,"enemies":"3 Cultists","floor":21,"turns":4},{"damage":0,"enemies":"Snecko","floor":22,"turns":2},{"damage":41,"enemies":"Book of Stabbing","floor":24,"turns":4},{"damage":27,"enemies":"Shelled Parasite and Fungi","floor":30,"turns":8},{"damage":14,"enemies":"Snake Plant","floor":31,"turns":3}],"seed_played":"-7527771894155325214","potions_obtained":[{"floor":7,"key":"LiquidMemories"},{"floor":10,"key":"BottledMiracle"},{"floor":20,"key":"Dexterity Potion"},{"floor":24,"key":"DuplicationPotion"}],"is_trial":false,"path_per_floor":["M","?","M","M","?","R","E","M","T","E","M","R","E","M","R","B",null,"M","M","?","M","M","R","E","R","T","$","?","R","M","M"],"character_chosen":"WATCHER","items_purchased":["PrismaticShard","Wireheading"],"campfire_rested":1,"item_purchase_floors":[27,27],"current_hp_per_floor":[59,39,39,39,39,39,39,39,39,35,35,35,30,30,30,22,57,43,38,38,38,38,38,2,22,22,22,22,34,9,0],"gold":121,"neow_bonus":"ONE_RANDOM_RARE_CARD","is_prod":false,"is_daily":false,"chose_seed":false,"campfire_upgraded":5,"win_rate":0,"timestamp":1633730489,"path_taken":["M","?","M","M","?","R","E","M","T","E","M","R","E","M","R","BOSS","M","M","?","M","?","R","E","R","T","$","?","R","M","?"],"build_version":"2020-12-22","purchased_purges":1,"victory":false,"max_hp_per_floor":[68,68,68,68,68,68,68,68,68,68,68,68,68,68,68,68,68,68,68,68,68,68,68,68,68,68,68,68,68,70,70],"card_choices":[{"not_picked":["EmptyBody","Evaluate"],"picked":"FollowUp","floor":1},{"not_picked":["Consecrate","ClearTheMind"],"picked":"Conclude","floor":3},{"not_picked":["Halt","Prostrate"],"picked":"Indignation","floor":4},{"not_picked":["CrushJoints","Wireheading"],"picked":"EmptyFist","floor":7},{"not_picked":["SpiritShield","Indignation"],"picked":"MentalFortress","floor":8},{"not_picked":["ForeignInfluence","DeceiveReality"],"picked":"Protect","floor":10},{"not_picked":["Evaluate","Indignation"],"picked":"EmptyBody","floor":11},{"not_picked":["Weave","Sanctity","Collect"],"picked":"SKIP","floor":13},{"not_picked":["Prostrate","SpiritShield"],"picked":"EmptyMind","floor":14},{"not_picked":["Establishment","Ragnarok"],"picked":"LessonLearned","floor":16},{"not_picked":["Sanctity","Protect"],"picked":"ThirdEye","floor":18},{"not_picked":["Evaluate","Fasting2"],"picked":"Wireheading","floor":19},{"not_picked":["ForeignInfluence","LikeWater"],"picked":"SignatureMove","floor":21},{"not_picked":["Wallop","Worship","WindmillStrike+1"],"picked":"SKIP","floor":22},{"not_picked":["Weave","EmptyBody","WreathOfFlame"],"picked":"SKIP","floor":24},{"not_picked":["Coolheaded","Warcry","SpiritShield"],"picked":"Singing Bowl","floor":30}],"player_experience":958812,"relics_obtained":[{"floor":7,"key":"Bag of Preparation"},{"floor":9,"key":"Toy Ornithopter"},{"floor":10,"key":"Matryoshka"},{"floor":13,"key":"Sundial"},{"floor":24,"key":"Anchor"},{"floor":26,"key":"Singing Bowl"},{"floor":26,"key":"Eternal Feather"}],"event_choices":[{"damage_healed":0,"gold_gain":0,"player_choice":"Entered Light","damage_taken":20,"max_hp_gain":0,"max_hp_loss":0,"event_name":"Shining Light","floor":2,"gold_loss":0,"cards_upgraded":["Strike_P","Defend_P"]},{"cards_removed":["Strike_P"],"damage_healed":0,"gold_gain":0,"player_choice":"Card Removal","damage_taken":0,"max_hp_gain":0,"max_hp_loss":0,"event_name":"The Cleric","floor":5,"gold_loss":75},{"damage_healed":0,"gold_gain":0,"player_choice":"Bought 1 Potion","damage_taken":0,"max_hp_gain":0,"max_hp_loss":0,"event_name":"The Woman in Blue","floor":20,"gold_loss":0},{"damage_healed":0,"gold_gain":0,"player_choice":"Copied","damage_taken":0,"max_hp_gain":0,"max_hp_loss":0,"event_name":"Duplicator","floor":28,"gold_loss":0,"cards_obtained":["MentalFortress"]}],"is_beta":false,"boss_relics":[{"not_picked":["SacredBark","Philosopher\u0027s Stone"],"picked":"Velvet Choker"}],"items_purged_floors":[27],"is_endless":false,"potions_floor_spawned":[7,10,14,16,18,21,24],"killed_by":"Snake Plant","ascension_level":20}