{"gold_per_floor":[117,117,117,136,156,156,200,200,227,227,270,270,306,325,325,421,421,442,463,34,34,34,61,61,90,90,90,107,107,107,123,123,123],"floor_reached":33,"playtime":1329,"items_purged":["Strike_P"],"score":752,"play_id":"8abe4ef1-a745-4ca5-ab42-207d1a05c688","local_time":"20211010135249","is_ascension_mode":true,"campfire_choices":[{"data":"EmptyFist","floor":6,"key":"SMITH"},{"data":"CutThroughFate","floor":10,"key":"SMITH"},{"data":"BowlingBash","floor":12,"key":"SMITH"},{"data":"Vigilance","floor":15,"key":"SMITH"},{"data":"Vault","floor":24,"key":"SMITH"},{"data":"MentalFortress","floor":30,"key":"SMITH"},{"data":"EmptyMind","floor":32,"key":"SMITH"}],"neow_cost":"NONE","seed_source_timestamp":598215259084100,"circlet_count":0,"master_deck":["AscendersBane","Defend_P","Defend_P","Defend_P","Defend_P","Eruption+1","Vigilance+1","BowlingBash+1","EmptyFist+1","Consecrate","CutThroughFate+1","Wireheading","MentalFortress+1","Vault+1","JustLucky","Indignation","EmptyMind+1","FlurryOfBlows","EmptyBody","Omniscience+1","FollowUp+1"],"relics":["PureWater","Bloody Idol","Potion Belt","Meat on the Bone","Omamori","Oddly Smooth Stone","Art of War","Empty Cage","Bag of Preparation","Yang","Turnip","Toy Ornithopter"],"potions_floor_usage":[7,13,19,23,25,25,31],"damage_taken":[{"damage":0,"enemies":"Jaw Worm","floor":1,"turns":3},{"damage":4,"enemies":"2 Louse","floor":4,"turns":4},{"damage":5,"enemies":"Small Slimes","floor":5,"turns":3},{"damage":0,"enemies":"Gremlin Nob","floor":7,"turns":2},{"damage":12,"enemies":"Lagavulin","floor":11,"turns":5},{"damage":0,"enemies":"Gremlin Nob","floor":13,"turns":2},{"damage":1,"enemies":"Gremlin Gang","floor":14,"turns":2},{"damage":29,"enemies":"The Guardian","floor":16,"turns":14},{"damage":5,"enemies":"2 Thieves","floor":18,"turns":3},{"damage":18,"enemies":"Spheric Guardian","floor":19,"turns":5},{"damage":0,"enemies":"Gremlin Leader","floor":23,"turns":7},{"damage":23,"enemies":"Book of Stabbing","floor":25,"turns":7},{"damage":0,"enemies":"Snecko","floor":28,"turns":5},{"damage":24,"enemies":"Snake Plant","floor":31,"turns":5},{"damage":70,"enemies":"Automaton","floor":33,"turns":7}],"seed_played":"-1018884768806860261","potions_obtained":[{"floor":4,"key":"Swift Potion"},{"floor":5,"key":"DistilledChaos"},{"floor":11,"key":"Explosive Potion"},{"floor":16,"key":"SneckoOil"},{"floor":28,"key":"SpeedPotion"},{"floor":31,"key":"Dexterity Potion"}],"is_trial":false,"path_per_floor":["M","?","?","M","M","R","E","?","T","R","E","R","E","M","R","B",null,"M","M","$","?","?","E","R","E","T","?","M","?","R","M","R","B"],"character_chosen":"WATCHER","items_purchased":["Bag of Preparation","EmptyMind","Block Potion","Swift Potion"],"campfire_rested":0,"item_purchase_floors":[20,20,20,20],"current_hp_per_floor":[61,61,56,52,47,47,47,40,40,40,40,40,40,39,39,22,52,47,41,41,41,41,46,46,40,40,40,45,45,45,43,43,0],"gold":123,"neow_bonus":"UPGRADE_CARD","is_prod":false,"is_daily":false,"chose_seed":false,"campfire_upgraded":7,"win_rate":0,"timestamp":1633888369,"path_taken":["M","?","?","M","M","R","E","?","T","R","E","R","E","M","R","BOSS","M","M","$","?","?","E","R","E","T","?","M","?","R","M","R","BOSS"],"build_version":"2020-12-22","purchased_purges":1,"victory":false,"max_hp_per_floor":[68,62,62,62,62,62,62,62,62,62,62,62,62,62,62,62,62,62,62,62,62,62,62,62,62,62,62,62,62,62,62,62,62],"card_choices":[{"not_picked":["Fasting2","Worship"],"picked":"BowlingBash","floor":1},{"not_picked":["Halt","FollowUp"],"picked":"EmptyFist","floor":4},{"not_picked":["Evaluate","Weave"],"picked":"Consecrate","floor":5},{"not_picked":["Halt","ReachHeaven"],"picked":"CutThroughFate","floor":7},{"not_picked":["DevaForm","Collect","Study"],"picked":"SKIP","floor":11},{"not_picked":["CutThroughFate","EmptyBody"],"picked":"Wireheading","floor":13},{"not_picked":["SignatureMove","LikeWater"],"picked":"MentalFortress","floor":14},{"not_picked":["DevaForm","Brilliance"],"picked":"Vault","floor":16},{"not_picked":["CrushJoints","CarveReality"],"picked":"JustLucky","floor":18},{"not_picked":["ReachHeaven","Protect"],"picked":"Indignation","floor":19},{"not_picked":["Consecrate","Halt"],"picked":"FlurryOfBlows","floor":23},{"not_picked":["JustLucky","Wireheading"],"picked":"EmptyBody","floor":25},{"not_picked":["JustLucky+1","Wireheading","FollowUp"],"picked":"SKIP","floor":28},{"not_picked":["Perseverance","CrushJoints"],"picked":"FollowUp+1","floor":31}],"player_experience":963967,"relics_obtained":[{"floor":7,"key":"Meat on the Bone"},{"floor":9,"key":"Omamori"},{"floor":11,"key":"Oddly Smooth Stone"},{"floor":13,"key":"Art of War"},{"floor":23,"key":"Yang"},{"floor":25,"key":"Turnip"},{"floor":26,"key":"Toy Ornithopter"}],"event_choices":[{"damage_healed":0,"gold_gain":0,"player_choice":"Lose Max HP","damage_taken":0,"relics_obtained":["Golden Idol"],"max_hp_gain":0,"max_hp_loss":6,"event_name":"Golden Idol","floor":2,"gold_loss":0},{"damage_healed":0,"gold_gain":0,"player_choice":"Success","damage_taken":5,"relics_obtained":["Potion Belt"],"max_hp_gain":0,"max_hp_loss":0,"event_name":"Scrap Ooze","floor":3,"gold_loss":0},{"cards_removed":["Strike_P"],"damage_healed":0,"gold_gain":0,"player_choice":"Card Removal","damage_taken":7,"max_hp_gain":0,"max_hp_loss":0,"event_name":"Golden Wing","floor":8,"gold_loss":0},{"damage_healed":0,"gold_gain":0,"player_choice":"Ignored","damage_taken":0,"max_hp_gain":0,"max_hp_loss":0,"event_name":"Vampires","floor":21,"gold_loss":0},{"damage_healed":0,"gold_gain":0,"player_choice":"Gave Idol","damage_taken":0,"relics_obtained":["Bloody Idol"],"max_hp_gain":0,"max_hp_loss":0,"event_name":"Forgotten Altar","floor":22,"relics_lost":["Golden Idol"],"gold_loss":0},{"damage_healed":0,"gold_gain":0,"player_choice":"Read","damage_taken":0,"max_hp_gain":0,"max_hp_loss":0,"event_name":"The Library","floor":27,"gold_loss":0,"cards_obtained":["Omniscience"]},{"damage_healed":0,"gold_gain":0,"player_choice":"Upgraded","damage_taken":0,"max_hp_gain":0,"max_hp_loss":0,"event_name":"Upgrade Shrine","floor":29,"gold_loss":0,"cards_upgraded":["Omniscience"]}],"is_beta":false,"boss_relics":[{"not_picked":["Cursed Key","Philosopher\u0027s Stone"],"picked":"Empty Cage"}],"items_purged_floors":[20],"is_endless":false,"potions_floor_spawned":[4,5,11,16,28,31],"killed_by":"Automaton","ascension_level":20}