{"gold_per_floor":[119,131,181,193,212,212,229,255,255,255,255,281,298,311,311,387,387,399,418,418,436,476,476,28,28,51,51,84,101,101,112,112,186,186,230,271,321,341,16,78,78,78,152,152,152,222,5,5,5,35,35],"floor_reached":51,"playtime":4693,"items_purged":["Defend_P"],"score":1497,"play_id":"a1ce3ccb-d4d1-4ea2-9c90-abc08ba3bd45","local_time":"20211008173934","is_ascension_mode":true,"campfire_choices":[{"data":"Conclude","floor":6,"key":"SMITH"},{"data":"CutThroughFate","floor":10,"key":"SMITH"},{"data":"Tantrum","floor":15,"key":"SMITH"},{"floor":23,"key":"REST"},{"floor":25,"key":"REST"},{"data":"Vault","floor":27,"key":"SMITH"},{"data":"CutThroughFate","floor":30,"key":"SMITH"},{"data":"Wireheading","floor":32,"key":"SMITH"},{"floor":41,"key":"REST"},{"floor":45,"key":"RECALL"},{"floor":49,"key":"REST"}],"neow_cost":"NONE","seed_source_timestamp":435656894904300,"circlet_count":0,"master_deck":["AscendersBane","Defend_P","Defend_P+1","Eruption+1","Vigilance","FollowUp","Tantrum+1","FlurryOfBlows","Wireheading+1","CutThroughFate+1","Tantrum","Evaluate","Halt","Protect+1","Vault+1","Establishment+1","Wish+1","Collect+1","CutThroughFate+1","ClearTheMind+1","InnerPeace","DeceiveReality","LessonLearned+1","EmptyBody+1","Vault+1","Omniscience","Halt+1","TalkToTheHand","FearNoEvil","MasterReality","Doubt","CutThroughFate+1","WreathOfFlame","Flash of Steel","Forethought"],"relics":["PureWater","Lizard Tail","Turnip","Thread and Needle","Astrolabe","Pantograph","Lantern","Vajra","Question Card","Fusion Hammer","Membership Card","Gambling Chip","Yang","Pen Nib"],"potions_floor_usage":[8,13,16,16,28,33,37,40,50],"damage_taken":[{"damage":1,"enemies":"Small Slimes","floor":1,"turns":3},{"damage":2,"enemies":"Cultist","floor":2,"turns":3},{"damage":2,"enemies":"Jaw Worm","floor":4,"turns":4},{"damage":4,"enemies":"Red Slaver","floor":5,"turns":3},{"damage":4,"enemies":"Looter","floor":7,"turns":3},{"damage":0,"enemies":"Gremlin Nob","floor":8,"turns":2},{"damage":0,"enemies":"Lagavulin","floor":12,"turns":4},{"damage":4,"enemies":"3 Louse","floor":13,"turns":2},{"damage":3,"enemies":"Large Slime","floor":14,"turns":3},{"damage":9,"enemies":"Hexaghost","floor":16,"turns":9},{"damage":21,"enemies":"Spheric Guardian","floor":18,"turns":4},{"damage":15,"enemies":"Chosen","floor":19,"turns":4},{"damage":0,"enemies":"Sentry and Sphere","floor":21,"turns":6},{"damage":19,"enemies":"Snake Plant","floor":22,"turns":6},{"damage":24,"enemies":"Gremlin Leader","floor":28,"turns":6},{"damage":0,"enemies":"Snecko","floor":29,"turns":3},{"damage":6,"enemies":"Chosen and Byrds","floor":31,"turns":6},{"damage":15,"enemies":"Champ","floor":33,"turns":12},{"damage":15,"enemies":"Orb Walker","floor":35,"turns":7},{"damage":17,"enemies":"3 Darklings","floor":36,"turns":8},{"damage":24,"enemies":"Writhing Mass","floor":37,"turns":11},{"damage":0,"enemies":"4 Shapes","floor":38,"turns":7},{"damage":0,"enemies":"Giant Head","floor":40,"turns":6},{"damage":4,"enemies":"Transient","floor":46,"turns":7},{"damage":62,"enemies":"Donu and Deca","floor":50,"turns":13},{"damage":79,"enemies":"Time Eater","floor":51,"turns":7}],"seed_played":"-2105724556651330851","potions_obtained":[{"floor":2,"key":"Fire Potion"},{"floor":12,"key":"SkillPotion"},{"floor":13,"key":"GamblersBrew"},{"floor":14,"key":"SteroidPotion"},{"floor":19,"key":"BlessingOfTheForge"},{"floor":22,"key":"DistilledChaos"},{"floor":28,"key":"SteroidPotion"},{"floor":29,"key":"Ambrosia"},{"floor":33,"key":"DuplicationPotion"},{"floor":46,"key":"BottledMiracle"}],"is_trial":false,"path_per_floor":["M","M","?","M","M","R","M","E","T","R","?","E","M","M","R","B",null,"M","M","?","M","M","R","$","R","T","R","E","M","R","M","R","B",null,"M","M","M","M","$","E","R","?","T","?","R","M","$","?","R","B","B"],"character_chosen":"WATCHER","items_purchased":["Pantograph","Lantern","Membership Card","Gambling Chip","SteroidPotion","Pen Nib","WreathOfFlame","SkillPotion"],"campfire_rested":4,"item_purchase_floors":[24,24,39,39,47,47,47,47],"current_hp_per_floor":[60,58,52,50,46,46,42,42,42,42,42,42,38,35,35,26,58,37,22,22,22,3,23,23,43,43,43,19,19,19,13,13,23,57,42,25,1,1,1,1,21,21,21,68,68,64,64,54,68,6,0],"gold":35,"neow_bonus":"REMOVE_CARD","is_prod":false,"is_daily":false,"chose_seed":false,"campfire_upgraded":6,"win_rate":0,"timestamp":1633729174,"path_taken":["M","M","?","M","?","R","M","E","T","R","?","E","M","M","R","BOSS","M","M","?","?","M","R","$","R","T","R","E","M","R","M","R","BOSS","M","M","M","M","$","E","R","?","T","?","R","M","$","?","R","BOSS","BOSS"],"build_version":"2020-12-22","purchased_purges":1,"victory":false,"max_hp_per_floor":[68,68,68,68,68,68,68,68,68,68,68,68,68,68,68,68,68,68,68,68,68,68,68,68,68,68,68,68,68,68,68,68,68,68,68,68,68,68,68,68,68,68,68,68,68,68,68,68,68,68,68],"card_choices":[{"not_picked":["ForeignInfluence","Consecrate"],"picked":"FollowUp","floor":1},{"not_picked":["SignatureMove","WindmillStrike"],"picked":"Tantrum","floor":2},{"not_picked":["ClearTheMind","CarveReality"],"picked":"Conclude","floor":4},{"not_picked":["CrushJoints","PathToVictory"],"picked":"FlurryOfBlows","floor":5},{"not_picked":["FollowUp","Consecrate"],"picked":"Wireheading","floor":7},{"not_picked":["DeceiveReality","ClearTheMind"],"picked":"CutThroughFate","floor":8},{"not_picked":["CarveReality","ConjureBlade"],"picked":"Evaluate","floor":12},{"not_picked":["Consecrate","WindmillStrike"],"picked":"Halt","floor":13},{"not_picked":["SashWhip","Swivel"],"picked":"Protect","floor":14},{"not_picked":["Brilliance","MasterReality"],"picked":"Vault","floor":16},{"not_picked":["JustLucky","FlurryOfBlows"],"picked":"CutThroughFate","floor":18},{"not_picked":["Halt","CrushJoints"],"picked":"ClearTheMind+1","floor":19},{"not_picked":["ReachHeaven+1","Evaluate"],"picked":"InnerPeace","floor":21},{"not_picked":["Pray+1","PathToVictory"],"picked":"DeceiveReality","floor":22},{"not_picked":["ThirdEye","Perseverance"],"picked":"LessonLearned","floor":28},{"not_picked":["Weave","FlyingSleeves","FollowUp+1"],"picked":"EmptyBody","floor":29},{"not_picked":["Worship","Sanctity","Nirvana"],"picked":"Vault","floor":31},{"not_picked":["Blasphemy","Ragnarok","DevaForm"],"picked":"Omniscience","floor":33},{"not_picked":["Consecrate","FlyingSleeves+1","EmptyFist"],"picked":"Halt+1","floor":35},{"not_picked":["Halt+1","Indignation+1","EmptyFist"],"picked":"TalkToTheHand","floor":36},{"not_picked":["ClearTheMind","Crescendo","Evaluate","JustLucky"],"picked":"SKIP","floor":37},{"not_picked":["Wireheading","SashWhip+1","Protect"],"picked":"FearNoEvil","floor":38},{"not_picked":["Weave","EmptyBody","WreathOfFlame"],"picked":"MasterReality","floor":40},{"not_picked":["BowlingBash","PathToVictory","ClearTheMind"],"picked":"CutThroughFate+1","floor":46},{"not_picked":["Trip","Sadistic Nature","Apotheosis"],"picked":"Flash of Steel","floor":48},{"not_picked":["Metamorphosis","Enlightenment","Deep Breath"],"picked":"Forethought","floor":48}],"player_experience":954119,"relics_obtained":[{"floor":8,"key":"Lizard Tail"},{"floor":9,"key":"Turnip"},{"floor":12,"key":"Thread and Needle"},{"floor":26,"key":"Vajra"},{"floor":28,"key":"Question Card"},{"floor":40,"key":"Yang"}],"event_choices":[{"damage_healed":0,"gold_gain":50,"player_choice":"Touch","damage_taken":6,"max_hp_gain":0,"max_hp_loss":0,"event_name":"FaceTrader","floor":3,"gold_loss":0},{"damage_healed":0,"gold_gain":0,"cards_transformed":["Strike_P"],"player_choice":"Change","damage_taken":0,"max_hp_gain":0,"max_hp_loss":0,"event_name":"Living Wall","floor":11,"gold_loss":0,"cards_obtained":["Tantrum"]},{"damage_healed":0,"gold_gain":0,"player_choice":"Forge","damage_taken":0,"max_hp_gain":0,"max_hp_loss":0,"event_name":"Accursed Blacksmith","floor":20,"gold_loss":0,"cards_upgraded":["Protect"]},{"cards_removed":["Conclude"],"damage_healed":0,"gold_gain":0,"player_choice":"Removed Attack","damage_taken":0,"max_hp_gain":0,"max_hp_loss":0,"event_name":"Falling","floor":42,"gold_loss":0},{"damage_healed":47,"gold_gain":0,"player_choice":"Heal","damage_taken":0,"max_hp_gain":0,"max_hp_loss":0,"event_name":"MindBloom","floor":44,"gold_loss":0,"cards_obtained":["Doubt"]},{"damage_healed":0,"gold_gain":0,"player_choice":"Memory 3","damage_taken":10,"max_hp_gain":0,"max_hp_loss":0,"event_name":"SensoryStone","floor":48,"gold_loss":0}],"is_beta":false,"boss_relics":[{"not_picked":["Philosopher\u0027s Stone","Busted Crown"],"picked":"Astrolabe"},{"not_picked":["Velvet Choker","Calling Bell"],"picked":"Fusion Hammer"}],"items_purged_floors":[47],"is_endless":false,"potions_floor_spawned":[2,12,13,14,19,22,28,29,33,35,46],"killed_by":"Time Eater","ascension_level":20}