{"gold_per_floor":[14,24,24,24,37,68,68,101,101,101,133,133,151,161,161,237,237,256,267,317,82,101,101,101,101,101,119,119,132,159,191,191,267,267,285,255,268,91,101,127,153,153,180,193,204,204,231,242,242,242],"floor_reached":50,"playtime":2740,"items_purged":["Defend_P","Strike_P"],"score":1234,"play_id":"48b939ce-ad6a-40a4-873b-9a4dd92660d4","local_time":"20211226215813","is_ascension_mode":true,"campfire_choices":[{"data":"1","floor":10.0,"key":"LIFT"},{"floor":12.0,"key":"REST"},{"data":"EmptyFist","floor":15.0,"key":"SMITH"},{"floor":23.0,"key":"REST"},{"data":"2","floor":25.0,"key":"LIFT"},{"floor":32.0,"key":"REST"},{"data":"Meditate","floor":42,"key":"SMITH"},{"floor":49,"key":"RECALL"}],"neow_cost":"NO_GOLD","seed_source_timestamp":554840054769400,"circlet_count":0,"master_deck":["AscendersBane","Strike_P","Strike_P","Strike_P+1","Defend_P+1","Eruption+1","Vigilance+1","InnerPeace","CutThroughFate","Meditate+1","Conclude","EmptyFist+1","Halt+1","TalkToTheHand","FlurryOfBlows","FearNoEvil","TalkToTheHand+1","Tantrum","Adaptation","MentalFortress"],"special_seed":0,"relics":["PureWater","WingedGreaves","Girya","Unceasing Top","VioletLotus","War Paint","Question Card","Happy Flower","Lizard Tail","Philosopher\u0027s Stone","Bronze Scales","Art of War","Centennial Puzzle","Smiling Mask"],"potions_floor_usage":[],"damage_taken":[{"damage":7.0,"enemies":"Jaw Worm","floor":1.0,"turns":3.0},{"damage":0.0,"enemies":"2 Louse","floor":2.0,"turns":2.0},{"damage":0.0,"enemies":"Cultist","floor":5.0,"turns":3.0},{"damage":3.0,"enemies":"Gremlin Nob","floor":6.0,"turns":3.0},{"damage":7.0,"enemies":"3 Sentries","floor":8.0,"turns":6.0},{"damage":16.0,"enemies":"Gremlin Nob","floor":11.0,"turns":3.0},{"damage":0.0,"enemies":"2 Fungi Beasts","floor":13.0,"turns":2.0},{"damage":6.0,"enemies":"Looter","floor":14.0,"turns":3.0},{"damage":11.0,"enemies":"Hexaghost","floor":16.0,"turns":7.0},{"damage":31.0,"enemies":"3 Byrds","floor":18.0,"turns":4.0},{"damage":11.0,"enemies":"Spheric Guardian","floor":19.0,"turns":3.0},{"damage":8.0,"enemies":"Snecko","floor":22.0,"turns":3.0},{"damage":0.0,"enemies":"3 Cultists","floor":27.0,"turns":4.0},{"damage":63.0,"enemies":"Shelled Parasite and Fungi","floor":29.0,"turns":2.0},{"damage":14.0,"enemies":"Book of Stabbing","floor":30.0,"turns":2.0},{"damage":5.0,"enemies":"Slavers","floor":31.0,"turns":3.0},{"damage":49.0,"enemies":"Collector","floor":33.0,"turns":8.0},{"damage":0.0,"enemies":"Orb Walker","floor":35.0,"turns":2.0},{"damage":0.0,"enemies":"3 Shapes","floor":37.0,"turns":2.0},{"damage":0.0,"enemies":"Transient","floor":39.0,"turns":6.0},{"damage":6.0,"enemies":"Nemesis","floor":40.0,"turns":5.0},{"damage":10,"enemies":"Giant Head","floor":41,"turns":6},{"damage":0,"enemies":"Jaw Worm Horde","floor":44,"turns":3},{"damage":10,"enemies":"Sphere and 2 Shapes","floor":45,"turns":4},{"damage":22,"enemies":"Reptomancer","floor":47,"turns":4},{"damage":0,"enemies":"Transient","floor":48,"turns":6},{"damage":10,"enemies":"Time Eater","floor":50,"turns":1}],"seed_played":"-649894968917399043","potions_obtained":[{"floor":1.0,"key":"Explosive Potion"},{"floor":6.0,"key":"FairyPotion"},{"floor":11.0,"key":"DistilledChaos"},{"floor":13.0,"key":"Swift Potion"},{"floor":22.0,"key":"SpeedPotion"},{"floor":30.0,"key":"SkillPotion"},{"floor":31.0,"key":"ColorlessPotion"},{"floor":35.0,"key":"Fire Potion"},{"floor":36.0,"key":"Strength Potion"}],"is_trial":false,"path_per_floor":["M","M","?","?","M","E","$","E","T","R","E","R","M","M","R","B",null,"M","M","?","$","M","R","?","R","T","M","?","M","E","E","R","B",null,"M","?","M","$","M","E","E","R","T","M","M","?","E","M","R","B"],"character_chosen":"WATCHER","items_purchased":["War Paint","Tantrum"],"campfire_rested":3,"item_purchase_floors":[21,38],"current_hp_per_floor":[54,54,54,34,34,31,31,24,24,24,8,28,28,22,22,11,54,23,12,12,12,4,24,24,24,24,24,24,20,6,1,21,22,57,57,57,57,57,57,51,41,41,41,41,31,31,9,9,9,0],"gold":242,"neow_bonus":"REMOVE_TWO","is_prod":false,"is_daily":false,"chose_seed":false,"campfire_upgraded":2,"win_rate":0,"timestamp":1640573893,"path_taken":["M","M","?","?","M","E","?","E","T","R","E","R","M","M","R","BOSS","M","M","?","$","?","R","?","R","T","M","?","M","E","E","R","BOSS","M","?","M","?","M","E","E","R","T","M","M","?","E","M","R","BOSS"],"build_version":"2020-12-22","purchased_purges":2,"victory":false,"max_hp_per_floor":[68,68,68,68,68,68,68,68,68,68,68,68,68,68,68,68,68,68,68,68,68,68,68,68,68,68,68,68,68,68,68,68,68,68,68,68,68,68,68,68,68,68,68,68,68,65,65,65,65,65],"card_choices":[{"not_picked":["BowlingBash","SashWhip"],"picked":"InnerPeace","floor":1.0},{"not_picked":["ClearTheMind","Study","BowlingBash"],"picked":"SKIP","floor":2.0},{"not_picked":["Collect","Perseverance","JustLucky"],"picked":"SKIP","floor":5.0},{"not_picked":["CrushJoints","LessonLearned"],"picked":"CutThroughFate","floor":6.0},{"not_picked":["LikeWater","SashWhip","Pray"],"picked":"SKIP","floor":8.0},{"not_picked":["ThirdEye","Evaluate"],"picked":"Meditate","floor":11.0},{"not_picked":["Fasting2","FlyingSleeves"],"picked":"Conclude","floor":13.0},{"not_picked":["FollowUp","ThirdEye"],"picked":"EmptyFist","floor":14.0},{"not_picked":["FollowUp","FlyingSleeves"],"picked":"Halt","floor":18.0},{"not_picked":["JustLucky","Protect"],"picked":"TalkToTheHand","floor":19.0},{"not_picked":["Brilliance","ForeignInfluence+1","Prostrate"],"picked":"SKIP","floor":22.0},{"not_picked":["JustLucky","PathToVictory","FollowUp","Perseverance"],"picked":"SKIP","floor":27.0},{"not_picked":["ForeignInfluence","Protect","FlurryOfBlows"],"picked":"FearNoEvil","floor":29.0},{"not_picked":["BowlingBash","BattleHymn","Protect"],"picked":"TalkToTheHand+1","floor":30.0},{"not_picked":["FollowUp","FlurryOfBlows","CarveReality","Vengeance"],"picked":"SKIP","floor":31.0},{"not_picked":["ThirdEye","Prostrate","CrushJoints","Study"],"picked":"SKIP","floor":35.0},{"not_picked":["EmptyBody","ThirdEye","Wireheading+1","SandsOfTime"],"picked":"SKIP","floor":37.0},{"not_picked":["Prostrate","PathToVictory+1","SashWhip","Conclude+1"],"picked":"SKIP","floor":39.0},{"not_picked":["LessonLearned","PathToVictory","BowlingBash"],"picked":"Adaptation","floor":40.0},{"not_picked":["Evaluate+1","Worship","ForeignInfluence","Wallop"],"picked":"SKIP","floor":41},{"not_picked":["Evaluate+1","Worship","ForeignInfluence","Wallop"],"picked":"SKIP","floor":41},{"not_picked":["FlurryOfBlows","FollowUp","Tantrum","JustLucky"],"picked":"SKIP","floor":44},{"not_picked":["FearNoEvil","EmptyFist","BattleHymn"],"picked":"MentalFortress","floor":45},{"not_picked":["Tantrum","CutThroughFate","FlyingSleeves","LikeWater"],"picked":"SKIP","floor":47},{"not_picked":["Tantrum","CutThroughFate","FlyingSleeves","LikeWater"],"picked":"SKIP","floor":47},{"not_picked":["Wireheading","ThirdEye","PathToVictory","DeceiveReality"],"picked":"SKIP","floor":48}],"player_experience":975230,"relics_obtained":[{"floor":6.0,"key":"WingedGreaves"},{"floor":8.0,"key":"Girya"},{"floor":11.0,"key":"Unceasing Top"},{"floor":26.0,"key":"Question Card"},{"floor":30.0,"key":"Happy Flower"},{"floor":31.0,"key":"Lizard Tail"},{"floor":40.0,"key":"Bronze Scales"},{"floor":41,"key":"Art of War"},{"floor":43,"key":"Centennial Puzzle"},{"floor":47,"key":"Smiling Mask"}],"event_choices":[{"damage_healed":0.0,"max_hp_gain":0.0,"max_hp_loss":0.0,"gold_gain":0.0,"event_name":"Living Wall","player_choice":"Grow","floor":3.0,"gold_loss":0.0,"damage_taken":0.0,"cards_upgraded":["Eruption"]},{"damage_healed":0.0,"max_hp_gain":0.0,"max_hp_loss":0.0,"gold_gain":0.0,"event_name":"Shining Light","player_choice":"Entered Light","floor":4.0,"gold_loss":0.0,"damage_taken":20.0,"cards_upgraded":["Defend_P","Strike_P"]},{"damage_healed":0.0,"max_hp_gain":0.0,"max_hp_loss":0.0,"gold_gain":50.0,"event_name":"Golden Shrine","player_choice":"Pray","floor":20.0,"gold_loss":0.0,"damage_taken":0.0},{"damage_healed":0.0,"max_hp_gain":0.0,"max_hp_loss":0.0,"gold_gain":0.0,"event_name":"The Mausoleum","player_choice":"Ignored","floor":24.0,"gold_loss":0.0,"damage_taken":0.0},{"damage_healed":0.0,"max_hp_gain":0.0,"max_hp_loss":0.0,"gold_gain":0.0,"event_name":"The Library","player_choice":"Read","floor":28.0,"gold_loss":0.0,"damage_taken":0.0,"cards_obtained":["FlurryOfBlows"]},{"damage_healed":0.0,"max_hp_gain":0.0,"max_hp_loss":0.0,"gold_gain":0.0,"event_name":"The Woman in Blue","player_choice":"Bought 2 Potions","floor":36.0,"gold_loss":0.0,"damage_taken":0.0},{"damage_healed":0,"gold_gain":0,"player_choice":"Max HP","damage_taken":0,"max_hp_gain":0,"max_hp_loss":3,"event_name":"Winding Halls","floor":46,"gold_loss":0}],"is_beta":false,"boss_relics":[{"not_picked":["Calling Bell","SlaversCollar"],"picked":"VioletLotus"},{"not_picked":["SacredBark","HolyWater"],"picked":"Philosopher\u0027s Stone"}],"items_purged_floors":[21,38],"is_endless":false,"potions_floor_spawned":[1,6,11,13,22,30,31,35,41,44,47,48],"killed_by":"Time Eater","ascension_level":20}