{"gold_per_floor":[11,31,31,31,51,51,77,94,94,120,120,195,220,239,239,312,312,325,325,337,337,352,352,363,363,363,379,379,226,256,156,156,230,230,246,246,246,261,271,296,296,330,330,330,360,372,386,90,90,90,90,90,90,51,86,86],"floor_reached":57,"playtime":5022,"items_purged":["Strike_P","Strike_P","JustLucky+1"],"score":3185,"play_id":"92bfedb4-c100-4d97-b965-493a7b00ef8b","local_time":"20211230021812","is_ascension_mode":true,"campfire_choices":[{"data":"Adaptation","floor":6,"key":"SMITH"},{"data":"Meditate","floor":11,"key":"SMITH"},{"data":"Halt","floor":15,"key":"SMITH"},{"floor":23,"key":"REST"},{"data":"Vigilance","floor":25,"key":"SMITH"},{"data":"MentalFortress","floor":32,"key":"SMITH"},{"data":"Scrawl","floor":41,"key":"SMITH"},{"data":"Establishment","floor":44,"key":"SMITH"},{"floor":49,"key":"RECALL"},{"floor":53,"key":"REST"}],"neow_cost":"NO_GOLD","seed_source_timestamp":102342754200800,"circlet_count":0,"master_deck":["AscendersBane","Eruption+1","Vigilance+1","Halt+1","CutThroughFate","CutThroughFate","Adaptation+1","Meditate+1","Establishment+1","Vengeance","Brilliance+1","EmptyFist+1","Sanctity+1","MentalFortress+1","Scrawl+1","FearNoEvil+1","Tantrum+1","MentalFortress+1","MentalFortress"],"relics":["PureWater","StrikeDummy","Bottled Tornado","Molten Egg 2","Strawberry","Empty Cage","Lantern","PreservedInsect","Black Star","Pear","Bottled Lightning","Regal Pillow","Ginger","Pantograph","Omamori","Bag of Marbles","DollysMirror","White Beast Statue","Torii"],"potions_floor_usage":[10,14,16,16,35,56,56],"damage_taken":[{"damage":0,"enemies":"Cultist","floor":1,"turns":2},{"damage":2,"enemies":"Small Slimes","floor":2,"turns":3},{"damage":0,"enemies":"2 Louse","floor":5,"turns":2},{"damage":19,"enemies":"Lagavulin","floor":7,"turns":6},{"damage":6,"enemies":"Exordium Thugs","floor":8,"turns":2},{"damage":0,"enemies":"Gremlin Nob","floor":10,"turns":2},{"damage":3,"enemies":"Lagavulin","floor":13,"turns":3},{"damage":0,"enemies":"Exordium Wildlife","floor":14,"turns":1},{"damage":4,"enemies":"Hexaghost","floor":16,"turns":6},{"damage":16,"enemies":"3 Byrds","floor":18,"turns":4},{"damage":22,"enemies":"2 Thieves","floor":20,"turns":2},{"damage":13,"enemies":"Snake Plant","floor":22,"turns":2},{"damage":0,"enemies":"3 Cultists","floor":24,"turns":3},{"damage":0,"enemies":"Cultist and Chosen","floor":27,"turns":4},{"damage":0,"enemies":"Gremlin Leader","floor":30,"turns":3},{"damage":0,"enemies":"Champ","floor":33,"turns":5},{"damage":5,"enemies":"3 Darklings","floor":35,"turns":4},{"damage":15,"enemies":"3 Shapes","floor":38,"turns":3},{"damage":0,"enemies":"Writhing Mass","floor":39,"turns":4},{"damage":0,"enemies":"Giant Head","floor":40,"turns":4},{"damage":13,"enemies":"Nemesis","floor":42,"turns":5},{"damage":0,"enemies":"Giant Head","floor":45,"turns":3},{"damage":0,"enemies":"Maw","floor":46,"turns":3},{"damage":0,"enemies":"Jaw Worm Horde","floor":47,"turns":2},{"damage":0,"enemies":"Donu and Deca","floor":50,"turns":5},{"damage":20,"enemies":"Time Eater","floor":51,"turns":8},{"damage":0,"enemies":"Shield and Spear","floor":55,"turns":4},{"damage":50,"enemies":"The Heart","floor":56,"turns":7}],"seed_played":"-1440609205045877209","potions_obtained":[{"floor":1,"key":"Fire Potion"},{"floor":7,"key":"Swift Potion"},{"floor":10,"key":"EssenceOfSteel"},{"floor":14,"key":"SkillPotion"},{"floor":20,"key":"LiquidBronze"},{"floor":22,"key":"Ambrosia"},{"floor":38,"key":"Fire Potion"}],"is_trial":false,"path_per_floor":["M","M","?","?","M","R","E","M","T","E","R","?","E","M","R","B",null,"M","?","M","?","M","R","M","R","T","M","?","$","E","$","R","B",null,"M","?","T","M","M","E","R","E","T","R","E","M","M","$","R","B","B",null,"R","$","E","B",null],"character_chosen":"WATCHER","items_purchased":["MentalFortress","DollysMirror","MentalFortress"],"campfire_rested":2,"item_purchase_floors":[29,48,54],"current_hp_per_floor":[61,59,59,64,64,64,45,39,39,39,39,28,32,32,32,28,67,51,51,29,29,16,40,40,40,40,40,40,40,40,40,40,40,70,65,65,65,50,50,60,60,47,47,47,47,47,47,47,47,72,70,85,90,90,90,40],"gold":86,"neow_bonus":"TRANSFORM_TWO_CARDS","is_prod":false,"is_daily":false,"chose_seed":false,"campfire_upgraded":7,"win_rate":0,"timestamp":1640848692,"path_taken":["M","M","?","?","M","R","E","M","T","E","R","?","E","?","R","BOSS","M","?","M","?","M","R","M","R","T","?","?","$","E","$","R","BOSS","M","?","?","M","M","E","R","E","T","R","E","M","?","?","R","BOSS","BOSS","R","$","E","BOSS"],"build_version":"2020-12-22","purchased_purges":3,"victory":true,"max_hp_per_floor":[68,68,68,73,73,73,73,73,73,73,73,73,80,80,80,80,80,80,80,80,80,80,80,80,80,80,80,80,80,80,80,80,80,80,80,80,80,80,80,90,90,90,90,90,90,90,90,90,90,90,90,90,90,90,90,90],"card_choices":[{"not_picked":["Nirvana","Fasting2"],"picked":"CutThroughFate","floor":1},{"not_picked":["EmptyFist","WaveOfTheHand"],"picked":"Adaptation","floor":2},{"not_picked":["SandsOfTime","CutThroughFate"],"picked":"FlurryOfBlows","floor":5},{"not_picked":["Vengeance","SignatureMove","Devotion"],"picked":"SKIP","floor":7},{"not_picked":["SignatureMove","FollowUp","JustLucky"],"picked":"SKIP","floor":8},{"not_picked":["Consecrate+1","Indignation"],"picked":"Meditate","floor":10},{"not_picked":["Prostrate","FlyingSleeves+1","FollowUp+1"],"picked":"SKIP","floor":13},{"not_picked":["Pray","Vengeance","Swivel"],"picked":"SKIP","floor":14},{"not_picked":["MasterReality","SpiritShield"],"picked":"Establishment","floor":16},{"not_picked":["Evaluate","JustLucky+1"],"picked":"Vengeance","floor":18},{"not_picked":["FlurryOfBlows+1","Prostrate","BattleHymn"],"picked":"SKIP","floor":20},{"not_picked":["PathToVictory","Study"],"picked":"EmptyFist+1","floor":22},{"not_picked":["BowlingBash+1","CutThroughFate+1","Vengeance"],"picked":"SKIP","floor":24},{"not_picked":["CrushJoints+1","Alpha"],"picked":"Sanctity+1","floor":27},{"not_picked":["ClearTheMind","Meditate+1","BowlingBash+1"],"picked":"SKIP","floor":30},{"not_picked":["Alpha","Wish"],"picked":"Scrawl","floor":33},{"not_picked":["Protect","Halt","Prostrate"],"picked":"SKIP","floor":35},{"not_picked":["Consecrate+1","EmptyFist+1","Halt"],"picked":"SKIP","floor":38},{"not_picked":["CarveReality+1","Vengeance"],"picked":"FearNoEvil+1","floor":39},{"not_picked":["Consecrate+1","FlurryOfBlows+1","CarveReality+1"],"picked":"SKIP","floor":40},{"not_picked":["Pray","ThirdEye+1","SignatureMove+1"],"picked":"SKIP","floor":42},{"not_picked":["Adaptation+1","Protect"],"picked":"Tantrum+1","floor":45},{"not_picked":["SpiritShield","BowlingBash+1","ClearTheMind+1"],"picked":"SKIP","floor":46},{"not_picked":["ClearTheMind","BowlingBash+1","Establishment"],"picked":"SKIP","floor":47},{"not_picked":["SashWhip+1","BowlingBash+1","Evaluate"],"picked":"SKIP","floor":55}],"player_experience":977970,"relics_obtained":[{"floor":7,"key":"StrikeDummy"},{"floor":9,"key":"Bottled Tornado"},{"floor":10,"key":"Molten Egg 2"},{"floor":13,"key":"Strawberry"},{"floor":26,"key":"Lantern"},{"floor":30,"key":"PreservedInsect"},{"floor":40,"key":"Pear"},{"floor":40,"key":"Bottled Lightning"},{"floor":42,"key":"Regal Pillow"},{"floor":42,"key":"Ginger"},{"floor":43,"key":"Pantograph"},{"floor":45,"key":"Omamori"},{"floor":45,"key":"Bag of Marbles"},{"floor":55,"key":"White Beast Statue"},{"floor":55,"key":"Torii"}],"event_choices":[{"damage_healed":0,"gold_gain":0,"player_choice":"Grow","damage_taken":0,"max_hp_gain":0,"max_hp_loss":0,"event_name":"Living Wall","floor":3,"gold_loss":0,"cards_upgraded":["Eruption"]},{"damage_healed":0,"gold_gain":0,"player_choice":"Donut","damage_taken":0,"max_hp_gain":5,"max_hp_loss":0,"event_name":"Big Fish","floor":4,"gold_loss":0},{"damage_healed":0,"gold_gain":75,"player_choice":"Gather Gold","damage_taken":11,"max_hp_gain":0,"max_hp_loss":0,"event_name":"World of Goop","floor":12,"gold_loss":0},{"damage_healed":0,"gold_gain":0,"cards_transformed":["Strike_P","Strike_P"],"player_choice":"Became Test Subject","damage_taken":0,"max_hp_gain":0,"max_hp_loss":0,"event_name":"Drug Dealer","floor":19,"gold_loss":0,"cards_obtained":["JustLucky","Brilliance"]},{"damage_healed":0,"gold_gain":0,"player_choice":"Leave","damage_taken":0,"max_hp_gain":0,"max_hp_loss":0,"event_name":"FaceTrader","floor":21,"gold_loss":0},{"damage_healed":0,"gold_gain":0,"player_choice":"Ignored","damage_taken":0,"max_hp_gain":0,"max_hp_loss":0,"event_name":"Ghosts","floor":28,"gold_loss":0},{"cards_removed":["FlurryOfBlows"],"damage_healed":0,"gold_gain":0,"player_choice":"Removed Attack","damage_taken":0,"max_hp_gain":0,"max_hp_loss":0,"event_name":"Falling","floor":36,"gold_loss":0}],"is_beta":false,"boss_relics":[{"not_picked":["Philosopher\u0027s Stone","Runic Pyramid"],"picked":"Empty Cage"},{"not_picked":["Sozu","HolyWater"],"picked":"Black Star"}],"items_purged_floors":[29,31,48],"is_endless":false,"potions_floor_spawned":[1,7,10,13,14,20,22,30,33,38,45,47],"ascension_level":20}