{"gold_per_floor":[115,115,115,130,145,178,103,103,183,55,89,89,118,135,135,207,207,226,237,83,95,95,95,95],"floor_reached":24,"playtime":1009,"items_purged":["Defend_P","Pray+1"],"score":428,"play_id":"478075cb-b594-465e-b371-9f4255a99c2e","local_time":"20211226210958","is_ascension_mode":true,"campfire_choices":[{"data":"Eruption","floor":8.0,"key":"SMITH"},{"data":"Halt","floor":15.0,"key":"SMITH"},{"data":"EmptyFist","floor":23.0,"key":"SMITH"}],"neow_cost":"NONE","seed_source_timestamp":553704177684100,"circlet_count":0,"master_deck":["AscendersBane","Strike_P","Strike_P","Strike_P+1","Eruption+1","Vigilance","Wallop+1","EmptyFist+1","Halt+1","LikeWater+1","Adaptation+1","InnerPeace"],"special_seed":0,"relics":["PureWater","NeowsBlessing","Boot","Eternal Feather","Anchor","Yang","Bottled Flame","Astrolabe"],"potions_floor_usage":[24],"damage_taken":[{"damage":0.0,"enemies":"Jaw Worm","floor":1.0,"turns":1.0},{"damage":0.0,"enemies":"Small Slimes","floor":4.0,"turns":2.0},{"damage":0.0,"enemies":"2 Louse","floor":5.0,"turns":1.0},{"damage":8.0,"enemies":"Gremlin Nob","floor":6.0,"turns":3.0},{"damage":3.0,"enemies":"3 Sentries","floor":11.0,"turns":3.0},{"damage":8.0,"enemies":"Lagavulin","floor":13.0,"turns":5.0},{"damage":0.0,"enemies":"Looter","floor":14.0,"turns":2.0},{"damage":18.0,"enemies":"The Guardian","floor":16.0,"turns":12.0},{"damage":18.0,"enemies":"3 Byrds","floor":18.0,"turns":6.0},{"damage":19.0,"enemies":"Shell Parasite","floor":19.0,"turns":6.0},{"damage":0.0,"enemies":"Centurion and Healer","floor":21.0,"turns":5.0},{"damage":34,"enemies":"Slavers","floor":24,"turns":3}],"seed_played":"-6199530687484073062","potions_obtained":[{"floor":1.0,"key":"BlessingOfTheForge"},{"floor":4.0,"key":"Swift Potion"},{"floor":14.0,"key":"FearPotion"}],"is_trial":false,"path_per_floor":["M","?","?","M","M","E","?","R","T","$","E","T","E","M","R","B",null,"M","M","$","M","?","R","E"],"character_chosen":"WATCHER","items_purchased":["AttackPotion","Fire Potion"],"campfire_rested":0,"item_purchase_floors":[10,20],"current_hp_per_floor":[61,66,44,44,44,36,36,36,36,36,33,33,25,25,31,13,58,40,21,21,21,21,27,0],"gold":95,"neow_bonus":"THREE_ENEMY_KILL","is_prod":false,"is_daily":false,"chose_seed":false,"campfire_upgraded":3,"win_rate":0,"timestamp":1640570998,"path_taken":["M","?","?","M","M","E","?","R","T","?","E","?","E","M","R","BOSS","M","M","$","M","?","R","E"],"build_version":"2020-12-22","purchased_purges":2,"victory":false,"max_hp_per_floor":[68,73,73,73,73,73,73,73,73,73,73,73,73,73,73,73,73,73,73,73,73,73,73,73],"card_choices":[{"not_picked":["Collect","Consecrate"],"picked":"Wallop","floor":1.0},{"not_picked":["SashWhip","Wireheading"],"picked":"EmptyFist","floor":4.0},{"not_picked":["Nirvana","FlurryOfBlows","CarveReality"],"picked":"SKIP","floor":5.0},{"not_picked":["Indignation","SashWhip","Vengeance"],"picked":"SKIP","floor":6.0},{"not_picked":["EmptyFist","ThirdEye","DevaForm"],"picked":"SKIP","floor":11.0},{"not_picked":["Sanctity","JustLucky"],"picked":"Halt","floor":13.0},{"not_picked":["Perseverance","Swivel","Consecrate"],"picked":"SKIP","floor":14.0},{"not_picked":["JustLucky","BattleHymn+1","Halt"],"picked":"SKIP","floor":18.0},{"not_picked":["Swivel","WindmillStrike","Fasting2"],"picked":"SKIP","floor":19.0},{"not_picked":["EmptyBody","Prostrate","CrushJoints"],"picked":"SKIP","floor":21.0}],"player_experience":974221,"relics_obtained":[{"floor":6.0,"key":"Boot"},{"floor":9.0,"key":"Eternal Feather"},{"floor":11.0,"key":"Anchor"},{"floor":12.0,"key":"Yang"},{"floor":13.0,"key":"Bottled Flame"}],"event_choices":[{"damage_healed":0.0,"max_hp_gain":5.0,"max_hp_loss":0.0,"gold_gain":0.0,"event_name":"Big Fish","player_choice":"Donut","floor":2.0,"gold_loss":0.0,"damage_taken":0.0},{"damage_healed":0.0,"max_hp_gain":0.0,"max_hp_loss":0.0,"gold_gain":0.0,"event_name":"Shining Light","player_choice":"Entered Light","floor":3.0,"gold_loss":0.0,"damage_taken":22.0,"cards_upgraded":["Strike_P","Wallop"]},{"cards_removed":["Defend_P"],"damage_healed":0.0,"max_hp_gain":0.0,"max_hp_loss":0.0,"gold_gain":0.0,"event_name":"The Cleric","player_choice":"Card Removal","floor":7.0,"gold_loss":75.0,"damage_taken":0.0},{"damage_healed":0.0,"max_hp_gain":0.0,"max_hp_loss":0.0,"gold_gain":0.0,"event_name":"The Library","player_choice":"Read","floor":22.0,"gold_loss":0.0,"damage_taken":0.0,"cards_obtained":["InnerPeace"]}],"is_beta":false,"boss_relics":[{"not_picked":["Snecko Eye","Tiny House"],"picked":"Astrolabe"}],"items_purged_floors":[10,20],"is_endless":false,"potions_floor_spawned":[1,4,14,21],"killed_by":"Slavers","ascension_level":20}