{"gold_per_floor":[114,133,147,46,46,82,82,146,146,224,268,293,293,24,24,118,118,143,159,159,84,84,127,127,127,127,160,185,225,239,278,278,374,374,390,758,194,194,219,255,274,308,308,346,346,361,382,443,443,443,443],"floor_reached":51,"playtime":3406,"items_purged":["Defend_P","Defend_P"],"score":1997,"play_id":"badcc2a4-4b21-4d4c-8ddd-13d5ef033cde","local_time":"20211225012121","is_ascension_mode":true,"campfire_choices":[{"data":"EmptyFist","floor":7,"key":"SMITH"},{"data":"Adaptation","floor":13,"key":"SMITH"},{"data":"TalkToTheHand","floor":15,"key":"SMITH"},{"data":"MentalFortress","floor":25,"key":"SMITH"},{"data":"Scrawl","floor":32,"key":"SMITH"},{"data":"Adaptation","floor":45,"key":"SMITH"},{"floor":49,"key":"RECALL"}],"neow_cost":"NONE","seed_source_timestamp":393711321050900,"circlet_count":0,"master_deck":["AscendersBane","Eruption+1","Vigilance","TalkToTheHand+1","EmptyFist+1","Adaptation+1","Consecrate","CutThroughFate","Tantrum+1","Scrawl+1","FlurryOfBlows","Omniscience","EmptyFist+1","InnerPeace+1","CrushJoints+1","MentalFortress+1","Meditate+1","SpiritShield","ForeignInfluence","FearNoEvil","Adaptation+1","Worship"],"relics":["PureWater","NeowsBlessing","Golden Idol","Oddly Smooth Stone","Thread and Needle","Bottled Tornado","Whetstone","Eternal Feather","Potion Belt","Astrolabe","Enchiridion","FossilizedHelix","Strawberry","Centennial Puzzle","Bronze Scales","SacredBark","Old Coin","Bottled Lightning","Orrery","Unceasing Top","Ancient Tea Set","Toy Ornithopter","Regal Pillow","Mummified Hand"],"potions_floor_usage":[6,8,23,27,27,33,36,36,48],"damage_taken":[{"damage":0,"enemies":"Jaw Worm","floor":1,"turns":1},{"damage":0,"enemies":"Small Slimes","floor":2,"turns":1},{"damage":0,"enemies":"2 Louse","floor":3,"turns":1},{"damage":31,"enemies":"Gremlin Nob","floor":6,"turns":4},{"damage":4,"enemies":"Lagavulin","floor":8,"turns":5},{"damage":4,"enemies":"Lagavulin Event","floor":10,"turns":5},{"damage":0,"enemies":"3 Sentries","floor":11,"turns":5},{"damage":0,"enemies":"Looter","floor":12,"turns":1},{"damage":14,"enemies":"Hexaghost","floor":16,"turns":6},{"damage":3,"enemies":"2 Thieves","floor":18,"turns":2},{"damage":0,"enemies":"Chosen","floor":19,"turns":3},{"damage":0,"enemies":"Gremlin Leader","floor":23,"turns":4},{"damage":0,"enemies":"Slavers","floor":27,"turns":2},{"damage":0,"enemies":"Snake Plant","floor":28,"turns":3},{"damage":14,"enemies":"Book of Stabbing","floor":29,"turns":3},{"damage":0,"enemies":"Snecko","floor":30,"turns":2},{"damage":0,"enemies":"Gremlin Leader","floor":31,"turns":4},{"damage":22,"enemies":"Collector","floor":33,"turns":5},{"damage":0,"enemies":"3 Shapes","floor":35,"turns":4},{"damage":7,"enemies":"2 Orb Walkers","floor":36,"turns":4},{"damage":12,"enemies":"3 Darklings","floor":39,"turns":4},{"damage":22,"enemies":"Reptomancer","floor":40,"turns":5},{"damage":0,"enemies":"Maw","floor":41,"turns":6},{"damage":0,"enemies":"Nemesis","floor":42,"turns":7},{"damage":0,"enemies":"Giant Head","floor":44,"turns":4},{"damage":0,"enemies":"Spire Growth","floor":46,"turns":1},{"damage":0,"enemies":"3 Darklings","floor":47,"turns":2},{"damage":16,"enemies":"Nemesis","floor":48,"turns":7},{"damage":34,"enemies":"Awakened One","floor":50,"turns":7},{"damage":23,"enemies":"Time Eater","floor":51,"turns":4}],"seed_played":"-5890443929182093982","potions_obtained":[{"floor":1,"key":"ColorlessPotion"},{"floor":2,"key":"Weak Potion"},{"floor":6,"key":"Explosive Potion"},{"floor":12,"key":"CultistPotion"},{"floor":16,"key":"SkillPotion"},{"floor":19,"key":"AttackPotion"},{"floor":23,"key":"Regen Potion"},{"floor":28,"key":"Regen Potion"},{"floor":35,"key":"AttackPotion"},{"floor":39,"key":"LiquidBronze"},{"floor":44,"key":"AttackPotion"},{"floor":48,"key":"BlessingOfTheForge"}],"is_trial":false,"path_per_floor":["M","M","M","$","?","E","R","E","T","?","E","M","R","$","R","B",null,"M","M","?","?","?","E","?","R","T","E","M","E","M","E","R","B",null,"M","?","$","?","M","E","M","E","T","E","R","M","M","E","R","B","B"],"character_chosen":"WATCHER","items_purchased":["Consecrate","Potion Belt","Bottled Lightning","Orrery","PowerPotion","Adaptation"],"campfire_rested":0,"item_purchase_floors":[4,14,37,37,37,37],"current_hp_per_floor":[61,61,61,61,61,30,30,26,26,22,22,22,31,31,40,26,53,50,50,50,50,29,29,29,38,38,45,45,31,31,31,40,30,59,59,69,69,69,57,35,35,35,35,35,47,47,47,36,48,14,0],"gold":443,"neow_bonus":"THREE_ENEMY_KILL","is_prod":false,"is_daily":false,"chose_seed":false,"campfire_upgraded":6,"win_rate":0,"timestamp":1640413281,"path_taken":["M","M","M","$","?","E","R","E","T","?","E","M","R","$","R","BOSS","M","M","?","?","?","E","?","R","T","E","M","E","M","E","R","BOSS","M","?","$","?","M","E","M","E","T","E","R","M","M","E","R","BOSS","BOSS"],"build_version":"2020-12-22","purchased_purges":2,"victory":false,"max_hp_per_floor":[68,68,68,68,62,62,62,62,62,62,62,62,62,62,62,62,62,62,62,62,62,62,62,62,62,62,69,69,69,69,69,69,69,69,69,69,69,69,69,69,69,69,69,69,69,69,69,69,69,69,69],"card_choices":[{"not_picked":["Evaluate","Swivel"],"picked":"TalkToTheHand","floor":1},{"not_picked":["FollowUp","BowlingBash"],"picked":"EmptyFist","floor":2},{"not_picked":["PathToVictory","SandsOfTime"],"picked":"Adaptation","floor":3},{"not_picked":["WreathOfFlame","DeusExMachina"],"picked":"CutThroughFate","floor":6},{"not_picked":["PathToVictory","ThirdEye"],"picked":"Tantrum","floor":8},{"not_picked":["Consecrate","BowlingBash"],"picked":"Scrawl","floor":10},{"not_picked":["Evaluate","Protect"],"picked":"FollowUp","floor":11},{"not_picked":["Crescendo","Swivel"],"picked":"FlurryOfBlows","floor":12},{"not_picked":["DeusExMachina","Wish"],"picked":"Omniscience","floor":16},{"not_picked":["EmptyBody+1","Crescendo","Consecrate"],"picked":"SKIP","floor":18},{"not_picked":["SashWhip","FlurryOfBlows+1"],"picked":"MentalFortress","floor":19},{"not_picked":["Tantrum","SignatureMove"],"picked":"Meditate+1","floor":23},{"not_picked":["Pray+1","LikeWater+1","Consecrate"],"picked":"SKIP","floor":27},{"not_picked":["EmptyFist","FlyingSleeves","Crescendo"],"picked":"SKIP","floor":28},{"not_picked":["Study","BattleHymn","Wireheading"],"picked":"SKIP","floor":29},{"not_picked":["PathToVictory","CrushJoints","Crescendo"],"picked":"SKIP","floor":30},{"not_picked":["Tantrum","Consecrate","InnerPeace"],"picked":"SKIP","floor":31},{"not_picked":["FlurryOfBlows","CutThroughFate","Tantrum"],"picked":"SKIP","floor":35},{"not_picked":["PathToVictory","ThirdEye"],"picked":"Wallop+1","floor":36},{"not_picked":["EmptyFist","Alpha"],"picked":"FearNoEvil","floor":37},{"not_picked":["FlyingSleeves+1","WindmillStrike"],"picked":"Worship","floor":39},{"not_picked":["WreathOfFlame","ThirdEye","CarveReality"],"picked":"SKIP","floor":40},{"not_picked":["Vengeance","Meditate","Wallop"],"picked":"SKIP","floor":41},{"not_picked":["JustLucky","PathToVictory+1","FearNoEvil"],"picked":"SKIP","floor":42},{"not_picked":["Meditate","Devotion","Consecrate+1"],"picked":"SKIP","floor":44},{"not_picked":["Halt","FearNoEvil","SashWhip"],"picked":"SKIP","floor":46},{"not_picked":["EmptyBody","Crescendo","SignatureMove"],"picked":"SKIP","floor":47},{"not_picked":["Tantrum","FollowUp","Prostrate"],"picked":"SKIP","floor":48}],"player_experience":969420,"relics_obtained":[{"floor":6,"key":"Oddly Smooth Stone"},{"floor":8,"key":"Thread and Needle"},{"floor":9,"key":"Bottled Tornado"},{"floor":10,"key":"Whetstone"},{"floor":11,"key":"Eternal Feather"},{"floor":22,"key":"Enchiridion"},{"floor":23,"key":"FossilizedHelix"},{"floor":27,"key":"Strawberry"},{"floor":29,"key":"Centennial Puzzle"},{"floor":31,"key":"Bronze Scales"},{"floor":36,"key":"Old Coin"},{"floor":40,"key":"Unceasing Top"},{"floor":42,"key":"Ancient Tea Set"},{"floor":43,"key":"Toy Ornithopter"},{"floor":44,"key":"Regal Pillow"},{"floor":48,"key":"Mummified Hand"}],"event_choices":[{"damage_healed":0,"gold_gain":0,"player_choice":"Lose Max HP","damage_taken":0,"relics_obtained":["Golden Idol"],"max_hp_gain":0,"max_hp_loss":6,"event_name":"Golden Idol","floor":5,"gold_loss":0},{"damage_healed":0,"gold_gain":0,"player_choice":"Searched \u00272\u0027 times","damage_taken":0,"max_hp_gain":0,"max_hp_loss":0,"event_name":"Dead Adventurer","floor":10,"gold_loss":0},{"cards_removed":["Strike_P"],"damage_healed":0,"gold_gain":0,"player_choice":"Elegance","damage_taken":0,"max_hp_gain":0,"max_hp_loss":0,"event_name":"Back to Basics","floor":20,"gold_loss":0},{"cards_removed":["Strike_P"],"damage_healed":0,"gold_gain":0,"player_choice":"Gave Gold","damage_taken":0,"max_hp_gain":0,"max_hp_loss":0,"event_name":"Beggar","floor":21,"gold_loss":75},{"damage_healed":0,"gold_gain":0,"player_choice":"Obtained Book","damage_taken":21,"max_hp_gain":0,"max_hp_loss":0,"event_name":"Cursed Tome","floor":22,"gold_loss":0},{"damage_healed":0,"gold_gain":0,"cards_transformed":["Strike_P","FollowUp"],"player_choice":"Became Test Subject","damage_taken":0,"max_hp_gain":0,"max_hp_loss":0,"event_name":"Drug Dealer","floor":24,"gold_loss":0,"cards_obtained":["SpiritShield","ForeignInfluence"]},{"damage_healed":0,"gold_gain":0,"player_choice":"Fight","damage_taken":0,"max_hp_gain":0,"max_hp_loss":0,"event_name":"Mysterious Sphere","floor":36,"gold_loss":0},{"cards_removed":["Wallop"],"damage_healed":0,"gold_gain":0,"player_choice":"Removed Attack","damage_taken":0,"max_hp_gain":0,"max_hp_loss":0,"event_name":"Falling","floor":38,"gold_loss":0}],"is_beta":false,"boss_relics":[{"not_picked":["Busted Crown","Ectoplasm"],"picked":"Astrolabe"},{"not_picked":["Fusion Hammer","Sozu"],"picked":"SacredBark"}],"items_purged_floors":[4,14],"is_endless":false,"potions_floor_spawned":[1,2,6,12,16,19,23,28,35,39,44,48],"killed_by":"Time Eater","ascension_level":20}