{"gold_per_floor":[115,128,128,145,161,194,222,222,303,303],"floor_reached":10,"playtime":627,"items_purged":[],"score":136,"play_id":"1a5751dc-8328-448e-8419-ced8cde1295e","local_time":"20211226203500","is_ascension_mode":true,"campfire_choices":[{"floor":8,"key":"REST"}],"neow_cost":"NONE","seed_source_timestamp":552107059527999,"circlet_count":0,"master_deck":["AscendersBane","Strike_P","Strike_P","Strike_P","Strike_P","Defend_P","Defend_P","Defend_P","Eruption","Vigilance","CutThroughFate","Adaptation","SandsOfTime","Tantrum"],"relics":["PureWater","Ginger","Odd Mushroom","Gremlin Horn"],"potions_floor_usage":[7],"damage_taken":[{"damage":0,"enemies":"2 Louse","floor":1,"turns":2},{"damage":0,"enemies":"Cultist","floor":2,"turns":4},{"damage":2,"enemies":"Jaw Worm","floor":4,"turns":3},{"damage":21,"enemies":"Exordium Thugs","floor":5,"turns":5},{"damage":37,"enemies":"3 Sentries","floor":6,"turns":9},{"damage":0,"enemies":"The Mushroom Lair","floor":7,"turns":3},{"damage":40,"enemies":"Lagavulin","floor":10,"turns":4}],"seed_played":"-1550950625707623549","potions_obtained":[{"floor":5,"key":"Dexterity Potion"},{"floor":6,"key":"GamblersBrew"}],"is_trial":false,"path_per_floor":["M","M","?","M","M","E","?","R","T","E"],"character_chosen":"WATCHER","items_purchased":[],"campfire_rested":1,"item_purchase_floors":[],"current_hp_per_floor":[61,61,61,59,38,1,1,21,21,0],"gold":303,"neow_bonus":"REMOVE_CARD","is_prod":false,"is_daily":false,"chose_seed":false,"campfire_upgraded":0,"win_rate":0,"timestamp":1640568900,"path_taken":["M","M","?","M","?","E","?","R","T","E"],"build_version":"2020-12-22","purchased_purges":0,"victory":false,"max_hp_per_floor":[68,68,68,68,68,68,68,68,68,68],"card_choices":[{"not_picked":["FlurryOfBlows","Prostrate"],"picked":"CutThroughFate","floor":1},{"not_picked":["FlyingSleeves","Indignation"],"picked":"Adaptation","floor":2},{"not_picked":["PathToVictory","BowlingBash","Prostrate"],"picked":"SKIP","floor":4},{"not_picked":["Nirvana","ConjureBlade"],"picked":"SandsOfTime","floor":5},{"not_picked":["Prostrate","CrushJoints"],"picked":"Tantrum","floor":6}],"player_experience":972826,"relics_obtained":[{"floor":6,"key":"Ginger"},{"floor":7,"key":"Odd Mushroom"},{"floor":9,"key":"Gremlin Horn"}],"event_choices":[{"damage_healed":0,"gold_gain":0,"player_choice":"0 cards matched","damage_taken":0,"max_hp_gain":0,"max_hp_loss":0,"event_name":"Match and Keep!","floor":3,"gold_loss":0,"cards_obtained":[]},{"damage_healed":0,"gold_gain":0,"player_choice":"Fought Mushrooms","damage_taken":0,"max_hp_gain":0,"max_hp_loss":0,"event_name":"Mushrooms","floor":7,"gold_loss":0}],"is_beta":false,"boss_relics":[],"items_purged_floors":[],"is_endless":false,"potions_floor_spawned":[5,6],"killed_by":"Lagavulin","ascension_level":20}