{"gold_per_floor":[18,29,44,57,57,88,88,122,122,133,161,177,206,131,131,207,207,223,203,103,147,188,188,215,130,157,182,226,101,130,180,180,257,257,306,351,401,401,6,66,114,169,224,135,180,180,180,236,236,266,296,296,296,31,95,95],"floor_reached":57,"playtime":3974,"items_purged":["Defend_P","Defend_P","Strike_P","Strike_P","CarveReality+1"],"score":3285,"play_id":"46e6ca49-fdfa-47c1-86ce-2fac2e367cf8","local_time":"20220103224150","is_ascension_mode":true,"campfire_choices":[{"data":"Eruption","floor":7.0,"key":"SMITH"},{"floor":15.0,"key":"REST"},{"data":"Adaptation","floor":23,"key":"SMITH"},{"data":"TalkToTheHand","floor":32,"key":"SMITH"},{"floor":46,"key":"RECALL"},{"data":"CarveReality","floor":49,"key":"SMITH"}],"neow_cost":"NO_GOLD","seed_source_timestamp":522329599265200,"circlet_count":0,"master_deck":["AscendersBane","Eruption+1","Vigilance+1","CutThroughFate+1","Tantrum+1","EmptyMind+1","Adaptation+1","InnerPeace+1","Wish+1","Halt+1","TalkToTheHand+1","LessonLearned+1","CutThroughFate+1","Adaptation+1","MentalFortress+1"],"special_seed":0,"relics":["PureWater","Bag of Preparation","Kunai","Toxic Egg 2","Anchor","Centennial Puzzle","Runic Pyramid","Boot","PreservedInsect","Damaru","Pen Nib","Coffee Dripper","Potion Belt","StrikeDummy","Lizard Tail","Blood Vial","The Courier","Bronze Scales"],"potions_floor_usage":[22,24,27,30,50,56],"damage_taken":[{"damage":0.0,"enemies":"Cultist","floor":1.0,"turns":2.0},{"damage":3.0,"enemies":"2 Louse","floor":2.0,"turns":2.0},{"damage":0.0,"enemies":"Jaw Worm","floor":3.0,"turns":2.0},{"damage":0.0,"enemies":"Large Slime","floor":4.0,"turns":2.0},{"damage":7.0,"enemies":"Lagavulin","floor":6.0,"turns":4.0},{"damage":15.0,"enemies":"3 Sentries","floor":8.0,"turns":3.0},{"damage":0.0,"enemies":"Exordium Thugs","floor":10.0,"turns":2.0},{"damage":0.0,"enemies":"Gremlin Nob","floor":11.0,"turns":2.0},{"damage":0.0,"enemies":"Lots of Slimes","floor":12.0,"turns":2.0},{"damage":19.0,"enemies":"Lagavulin","floor":13.0,"turns":6.0},{"damage":32.0,"enemies":"The Guardian","floor":16.0,"turns":11.0},{"damage":6,"enemies":"Shell Parasite","floor":18,"turns":3},{"damage":8,"enemies":"3 Byrds","floor":21,"turns":5},{"damage":0,"enemies":"Centurion and Healer","floor":22,"turns":5},{"damage":5,"enemies":"Gremlin Leader","floor":24,"turns":6},{"damage":0,"enemies":"Book of Stabbing","floor":27,"turns":2},{"damage":12,"enemies":"Snake Plant","floor":28,"turns":4},{"damage":0,"enemies":"Slavers","floor":30,"turns":2},{"damage":4,"enemies":"Automaton","floor":33,"turns":7},{"damage":1,"enemies":"3 Darklings","floor":35,"turns":6},{"damage":4,"enemies":"3 Shapes","floor":36,"turns":4},{"damage":4,"enemies":"Transient","floor":37,"turns":6},{"damage":0,"enemies":"Reptomancer","floor":40,"turns":5},{"damage":0,"enemies":"Spire Growth","floor":41,"turns":3},{"damage":0,"enemies":"Nemesis","floor":42,"turns":3},{"damage":0,"enemies":"Jaw Worm Horde","floor":45,"turns":4},{"damage":0,"enemies":"Reptomancer","floor":48,"turns":4},{"damage":2,"enemies":"Donu and Deca","floor":50,"turns":6},{"damage":0,"enemies":"Awakened One","floor":51,"turns":6},{"damage":0,"enemies":"Shield and Spear","floor":55,"turns":6},{"damage":13,"enemies":"The Heart","floor":56,"turns":7}],"seed_played":"7254282196407653759","potions_obtained":[{"floor":1.0,"key":"DistilledChaos"},{"floor":3.0,"key":"Explosive Potion"},{"floor":10.0,"key":"Energy Potion"},{"floor":22,"key":"Regen Potion"},{"floor":24,"key":"Explosive Potion"},{"floor":27,"key":"LiquidMemories"},{"floor":36,"key":"Energy Potion"},{"floor":40,"key":"Ambrosia"},{"floor":41,"key":"DistilledChaos"},{"floor":45,"key":"Block Potion"}],"is_trial":false,"path_per_floor":["M","M","M","M","?","E","R","E","T","M","E","M","E","$","R","B",null,"M","?","$","M","M","R","E","?","T","E","M","$","E","?","R","B",null,"M","M","M","?","$","E","M","E","T","$","M","R","?","E","R","B","B",null,"R","$","E","B",null],"character_chosen":"WATCHER","items_purchased":["Adaptation","Potion Belt","MentalFortress","Energy Potion","Swift Potion","AttackPotion"],"campfire_rested":1,"item_purchase_floors":[39,39,44,54,54,54],"current_hp_per_floor":[61,58,58,58,58,51,51,36,36,36,36,36,17,17,37,5,52,46,46,46,38,38,38,48,48,48,48,36,36,36,36,36,32,59,58,54,50,50,50,50,50,50,50,50,52,52,52,54,54,54,56,63,63,63,65,52],"gold":95,"neow_bonus":"REMOVE_TWO","is_prod":false,"is_daily":false,"chose_seed":false,"campfire_upgraded":4,"win_rate":0,"timestamp":1641267710,"path_taken":["M","M","M","?","?","E","R","E","T","M","E","?","E","$","R","BOSS","M","?","$","M","?","R","E","?","T","E","M","$","E","?","R","BOSS","M","M","M","?","$","E","?","E","T","$","M","R","?","E","R","BOSS","BOSS","R","$","E","BOSS"],"build_version":"2020-12-22","purchased_purges":5,"victory":true,"max_hp_per_floor":[68,68,68,68,68,68,68,68,68,68,68,68,68,68,68,68,68,68,68,68,68,68,68,68,68,68,68,68,68,68,68,68,68,68,68,68,68,68,68,68,68,68,68,68,68,68,65,65,65,65,65,65,65,65,65,65],"card_choices":[{"not_picked":["Nirvana","PathToVictory"],"picked":"CutThroughFate","floor":1.0},{"not_picked":["WheelKick","Crescendo"],"picked":"CarveReality","floor":2.0},{"not_picked":["EmptyFist","Consecrate"],"picked":"Tantrum","floor":3.0},{"not_picked":["BattleHymn","WaveOfTheHand","FollowUp"],"picked":"SKIP","floor":4.0},{"not_picked":["JustLucky","EmptyBody","Vengeance"],"picked":"SKIP","floor":6.0},{"not_picked":["JustLucky","EmptyBody","Vengeance"],"picked":"SKIP","floor":6.0},{"not_picked":["Worship","Perseverance"],"picked":"EmptyMind","floor":8.0},{"not_picked":["CrushJoints","Alpha+1","Evaluate+1"],"picked":"SKIP","floor":10.0},{"not_picked":["FollowUp","Sanctity+1"],"picked":"Adaptation","floor":11.0},{"not_picked":["CrushJoints","PathToVictory+1","Crescendo+1"],"picked":"SKIP","floor":12.0},{"not_picked":["Consecrate","WindmillStrike"],"picked":"InnerPeace+1","floor":13.0},{"not_picked":["Blasphemy+1","Ragnarok"],"picked":"Wish+1","floor":16.0},{"not_picked":["CutThroughFate","EmptyBody+1"],"picked":"Halt+1","floor":18},{"not_picked":["CrushJoints","SashWhip","EmptyMind+1"],"picked":"SKIP","floor":21},{"not_picked":["EmptyBody+1","FlyingSleeves","Crescendo+1"],"picked":"SKIP","floor":22},{"not_picked":["ClearTheMind+1","Wireheading","Conclude"],"picked":"SKIP","floor":24},{"not_picked":["CutThroughFate","Nirvana"],"picked":"TalkToTheHand","floor":27},{"not_picked":["CarveReality+1","FlyingSleeves+1","SignatureMove+1"],"picked":"SKIP","floor":28},{"not_picked":["EmptyBody+1","ClearTheMind+1","LikeWater"],"picked":"SKIP","floor":30},{"not_picked":["EmptyBody+1","ClearTheMind+1","LikeWater"],"picked":"SKIP","floor":30},{"not_picked":["DevaForm","DeusExMachina+1"],"picked":"LessonLearned","floor":33},{"not_picked":["Weave","BowlingBash","JustLucky+1"],"picked":"SKIP","floor":35},{"not_picked":["PathToVictory+1","Crescendo+1"],"picked":"CutThroughFate+1","floor":36},{"not_picked":["EmptyMind+1","CutThroughFate","Halt+1"],"picked":"SKIP","floor":37},{"not_picked":["FlyingSleeves+1","Prostrate+1","Consecrate"],"picked":"SKIP","floor":40},{"not_picked":["SandsOfTime","ClearTheMind+1","Adaptation+1"],"picked":"SKIP","floor":41},{"not_picked":["Consecrate","LikeWater","Tantrum"],"picked":"SKIP","floor":42},{"not_picked":["Wish+1","FearNoEvil","JustLucky"],"picked":"SKIP","floor":45},{"not_picked":["ThirdEye+1","WheelKick","MasterReality"],"picked":"SKIP","floor":48},{"not_picked":["ForeignInfluence+1","JustLucky","CrushJoints"],"picked":"SKIP","floor":55}],"player_experience":982992,"relics_obtained":[{"floor":6.0,"key":"Bag of Preparation"},{"floor":8.0,"key":"Kunai"},{"floor":9.0,"key":"Toxic Egg 2"},{"floor":11.0,"key":"Anchor"},{"floor":13.0,"key":"Centennial Puzzle"},{"floor":24,"key":"Boot"},{"floor":27,"key":"Damaru"},{"floor":30,"key":"Pen Nib"},{"floor":40,"key":"StrikeDummy"},{"floor":42,"key":"Lizard Tail"},{"floor":43,"key":"Blood Vial"},{"floor":48,"key":"The Courier"},{"floor":55,"key":"Bronze Scales"}],"event_choices":[{"cards_removed":["Strike_P"],"damage_healed":0.0,"max_hp_gain":0.0,"max_hp_loss":0.0,"gold_gain":0.0,"event_name":"Bonfire Elementals","player_choice":"Offered Basic","floor":5.0,"gold_loss":0.0,"damage_taken":0.0},{"damage_healed":0,"gold_gain":0,"player_choice":"Bought 1 Potion","damage_taken":0,"max_hp_gain":0,"max_hp_loss":0,"event_name":"The Woman in Blue","floor":19,"gold_loss":0},{"damage_healed":0,"gold_gain":0,"player_choice":"Obtained Relic","damage_taken":0,"relics_obtained":["PreservedInsect"],"max_hp_gain":0,"max_hp_loss":0,"event_name":"Addict","floor":25,"gold_loss":85},{"damage_healed":0,"gold_gain":50,"player_choice":"Stole From Cult","damage_taken":0,"max_hp_gain":0,"max_hp_loss":0,"event_name":"Nest","floor":31,"gold_loss":0},{"cards_removed":["Strike_P"],"damage_healed":0,"gold_gain":0,"player_choice":"Purged","damage_taken":0,"max_hp_gain":0,"max_hp_loss":0,"event_name":"Purifier","floor":38,"gold_loss":0},{"damage_healed":0,"gold_gain":0,"player_choice":"Max HP","damage_taken":0,"max_hp_gain":0,"max_hp_loss":3,"event_name":"Winding Halls","floor":47,"gold_loss":0}],"is_beta":false,"boss_relics":[{"not_picked":["Runic Dome","Velvet Choker"],"picked":"Runic Pyramid"},{"not_picked":["Philosopher\u0027s Stone","Sozu"],"picked":"Coffee Dripper"}],"items_purged_floors":[14,20,29,39,54],"is_endless":false,"potions_floor_spawned":[1,3,4,10,18,22,24,27,36,40,41,45],"ascension_level":20}