{"gold_per_floor":[110,110,123,123,134,163,31,31,109,136,148,190,228,252,264,347,359,381,409,77,127,139,139,157,157],"floor_reached":25,"playtime":1402,"items_purged":["Defend_P"],"score":442,"play_id":"bf26c741-dc77-4e02-b46c-2e05c8eb9b16","local_time":"20220218000325","is_ascension_mode":true,"campfire_choices":[{"floor":8.0,"key":"REST"},{"data":"Eruption","floor":11.0,"key":"SMITH"},{"data":"CutThroughFate","floor":15.0,"key":"SMITH"},{"data":"Apotheosis","floor":23.0,"key":"SMITH"}],"neow_cost":"NONE","seed_source_timestamp":594243084490300,"circlet_count":0,"master_deck":["AscendersBane","Strike_P","Strike_P","Eruption+1","Vigilance","Adaptation","Consecrate","EmptyMind","Halt","Vault","CutThroughFate+1","Vault","ReachHeaven+1","Ragnarok+1","Pray+1","InnerPeace","Apotheosis+1"],"special_seed":0,"relics":["PureWater","Potion Belt","Strawberry","Singing Bowl","MawBank","Gambling Chip","Odd Mushroom","Astrolabe","Toolbox"],"potions_floor_usage":[],"damage_taken":[{"damage":7.0,"enemies":"Small Slimes","floor":1.0,"turns":4.0},{"damage":1.0,"enemies":"2 Louse","floor":3.0,"turns":3.0},{"damage":7.0,"enemies":"Jaw Worm","floor":5.0,"turns":3.0},{"damage":8.0,"enemies":"Gremlin Nob","floor":6.0,"turns":3.0},{"damage":19.0,"enemies":"3 Sentries","floor":10.0,"turns":6.0},{"damage":3.0,"enemies":"Gremlin Nob","floor":12.0,"turns":3.0},{"damage":0.0,"enemies":"The Mushroom Lair","floor":13.0,"turns":3.0},{"damage":0.0,"enemies":"Large Slime","floor":14.0,"turns":3.0},{"damage":20.0,"enemies":"The Guardian","floor":16.0,"turns":10.0},{"damage":24.0,"enemies":"2 Thieves","floor":18.0,"turns":5.0},{"damage":0.0,"enemies":"Spheric Guardian","floor":19.0,"turns":3.0},{"damage":0.0,"enemies":"Snake Plant","floor":22.0,"turns":4.0},{"damage":7,"enemies":"Centurion and Healer","floor":24,"turns":6},{"damage":39,"enemies":"Book of Stabbing","floor":25,"turns":6}],"seed_played":"-8624943304528248781","potions_obtained":[{"floor":1.0,"key":"StancePotion"},{"floor":3.0,"key":"LiquidMemories"},{"floor":5.0,"key":"Fire Potion"},{"floor":6.0,"key":"BlessingOfTheForge"},{"floor":18.0,"key":"Dexterity Potion"}],"is_trial":false,"path_per_floor":["M","?","M","?","M","E","$","R","T","E","R","E","?","M","R","B",null,"M","M","$","?","M","R","M","E"],"character_chosen":"WATCHER","items_purchased":["Halt","Toolbox","Apotheosis"],"campfire_rested":1,"item_purchase_floors":[7,20,20],"current_hp_per_floor":[54,28,27,27,20,19,19,41,41,24,24,21,23,23,23,3,60,36,38,38,30,32,32,27,0],"gold":157,"neow_bonus":"REMOVE_CARD","is_prod":false,"is_daily":false,"chose_seed":false,"campfire_upgraded":3,"win_rate":0,"timestamp":1645160605,"path_taken":["M","?","M","?","M","E","$","R","T","E","R","E","?","M","R","BOSS","M","M","$","?","?","R","M","E"],"build_version":"2020-12-22","purchased_purges":1,"victory":false,"max_hp_per_floor":[68,68,68,68,68,75,75,75,75,77,77,77,79,79,79,79,79,79,81,81,81,83,83,85,85],"card_choices":[{"not_picked":["BattleHymn","Evaluate","BowlingBash"],"picked":"SKIP","floor":1.0},{"not_picked":["EmptyBody","Crescendo"],"picked":"Adaptation","floor":3.0},{"not_picked":["ThirdEye","Blasphemy"],"picked":"Consecrate","floor":5.0},{"not_picked":["Prostrate","PathToVictory"],"picked":"EmptyMind","floor":6.0},{"not_picked":["ClearTheMind","FlyingSleeves","DeusExMachina"],"picked":"Singing Bowl","floor":10.0},{"not_picked":["Halt","WaveOfTheHand"],"picked":"Vault","floor":12.0},{"not_picked":["BowlingBash","JustLucky","Evaluate"],"picked":"Singing Bowl","floor":13.0},{"not_picked":["FlurryOfBlows","Protect"],"picked":"CutThroughFate","floor":14.0},{"not_picked":["Judgement","DevaForm"],"picked":"Vault","floor":16.0},{"not_picked":["PathToVictory","EmptyMind"],"picked":"InnerPeace","floor":18.0},{"not_picked":["Wireheading+1","Wallop","EmptyBody"],"picked":"Singing Bowl","floor":19.0},{"not_picked":["Prostrate+1","InnerPeace","FollowUp"],"picked":"Singing Bowl","floor":22.0},{"not_picked":["FlyingSleeves","FlurryOfBlows","SashWhip"],"picked":"Singing Bowl","floor":24}],"player_experience":995469,"relics_obtained":[{"floor":6.0,"key":"Strawberry"},{"floor":9.0,"key":"Singing Bowl"},{"floor":10.0,"key":"MawBank"},{"floor":12.0,"key":"Gambling Chip"},{"floor":13.0,"key":"Odd Mushroom"}],"event_choices":[{"damage_healed":0.0,"max_hp_gain":0.0,"max_hp_loss":0.0,"gold_gain":0.0,"event_name":"Scrap Ooze","player_choice":"Success","floor":2.0,"gold_loss":0.0,"damage_taken":26.0,"relics_obtained":["Potion Belt"]},{"cards_removed":["Defend_P"],"damage_healed":0.0,"max_hp_gain":0.0,"max_hp_loss":0.0,"gold_gain":0.0,"event_name":"Living Wall","player_choice":"Forget","floor":4.0,"gold_loss":0.0,"damage_taken":0.0},{"damage_healed":0.0,"max_hp_gain":0.0,"max_hp_loss":0.0,"gold_gain":0.0,"event_name":"Mushrooms","player_choice":"Fought Mushrooms","floor":13.0,"gold_loss":0.0,"damage_taken":0.0},{"damage_healed":0.0,"max_hp_gain":0.0,"max_hp_loss":0.0,"gold_gain":50.0,"event_name":"FaceTrader","player_choice":"Touch","floor":21.0,"gold_loss":0.0,"damage_taken":8.0}],"is_beta":false,"boss_relics":[{"not_picked":["Pandora\u0027s Box","Ectoplasm"],"picked":"Astrolabe"}],"items_purged_floors":[7],"is_endless":false,"potions_floor_spawned":[1,3,5,6,18],"killed_by":"Book of Stabbing","ascension_level":20}