{"gold_per_floor":[116,116,135,149,169,196,196,231,266,278,290,302,342,135,135,209,209,227,247,447,458,469,469,504,504,528,544,554,554,187,212,212,286,286,305,315,315],"floor_reached":37,"playtime":1635,"items_purged":["Defend_P","Strike_P"],"score":908,"play_id":"2e14b031-fa37-4ea9-be35-8802bc27fc51","local_time":"20220217233911","is_ascension_mode":true,"campfire_choices":[{"floor":7.0,"key":"REST"},{"data":"SandsOfTime","floor":10.0,"key":"SMITH"},{"floor":12.0,"key":"REST"},{"data":"EmptyFist","floor":15.0,"key":"SMITH"},{"floor":23.0,"key":"REST"},{"data":"Adaptation","floor":25.0,"key":"SMITH"},{"floor":29,"key":"REST"},{"floor":32,"key":"REST"}],"neow_cost":"NONE","seed_source_timestamp":592498152567600,"circlet_count":0,"master_deck":["AscendersBane","Strike_P","Strike_P+1","Strike_P+1","Defend_P+1","Eruption","Vigilance","FlurryOfBlows","BowlingBash","FollowUp+1","SandsOfTime+1","Tantrum","Sanctity+1","EmptyFist+1","LessonLearned+1","Brilliance","Adaptation+1","EmptyBody","TalkToTheHand","Halt","Adaptation","Wireheading+1"],"special_seed":0,"relics":["Philosopher\u0027s Stone","Pantograph","MawBank","Oddly Smooth Stone","Vajra","Empty Cage","Thread and Needle","Blue Candle","Cursed Key"],"potions_floor_usage":[27,27,27,31,33,33,36],"damage_taken":[{"damage":0.0,"enemies":"Small Slimes","floor":1.0,"turns":4.0},{"damage":2.0,"enemies":"2 Louse","floor":3.0,"turns":3.0},{"damage":0.0,"enemies":"Cultist","floor":4.0,"turns":4.0},{"damage":25.0,"enemies":"Large Slime","floor":5.0,"turns":7.0},{"damage":16.0,"enemies":"Lagavulin","floor":6.0,"turns":5.0},{"damage":18.0,"enemies":"Gremlin Nob","floor":8.0,"turns":3.0},{"damage":5.0,"enemies":"Lagavulin","floor":13.0,"turns":5.0},{"damage":53.0,"enemies":"Hexaghost","floor":16.0,"turns":6.0},{"damage":20.0,"enemies":"Chosen","floor":18.0,"turns":5.0},{"damage":0.0,"enemies":"2 Thieves","floor":19.0,"turns":2.0},{"damage":22.0,"enemies":"Centurion and Healer","floor":21.0,"turns":4.0},{"damage":0.0,"enemies":"Cultist and Chosen","floor":22.0,"turns":3.0},{"damage":0.0,"enemies":"Gremlin Leader","floor":24.0,"turns":4.0},{"damage":0,"enemies":"Shelled Parasite and Fungi","floor":27,"turns":4},{"damage":14,"enemies":"Sentry and Sphere","floor":28,"turns":4},{"damage":39,"enemies":"Book of Stabbing","floor":31,"turns":5},{"damage":14,"enemies":"Automaton","floor":33,"turns":6},{"damage":28,"enemies":"Orb Walker","floor":35,"turns":4},{"damage":30,"enemies":"3 Darklings","floor":36,"turns":5},{"damage":20,"enemies":"Sphere and 2 Shapes","floor":37,"turns":2}],"seed_played":"7211313268087949974","potions_obtained":[{"floor":4.0,"key":"LiquidMemories"},{"floor":5.0,"key":"EntropicBrew"},{"floor":6.0,"key":"BottledMiracle"},{"floor":19.0,"key":"EntropicBrew"},{"floor":21.0,"key":"SneckoOil"},{"floor":22.0,"key":"Regen Potion"},{"floor":24.0,"key":"DistilledChaos"},{"floor":31,"key":"SteroidPotion"},{"floor":35,"key":"Energy Potion"}],"is_trial":false,"path_per_floor":["M","?","M","M","M","E","R","E","T","R","?","R","E","$","R","B",null,"M","M","?","M","M","R","E","R","T","M","M","R","$","E","R","B",null,"M","M","M"],"character_chosen":"WATCHER","items_purchased":["LessonLearned","FearPotion","TalkToTheHand","Halt","Adaptation","AttackPotion"],"campfire_rested":5,"item_purchase_floors":[14,14,30,30,30,30],"current_hp_per_floor":[61,61,59,59,34,18,38,20,20,20,20,40,35,35,35,7,53,33,33,33,11,11,31,43,43,43,43,29,49,49,10,30,41,61,33,3,0],"gold":315,"neow_bonus":"BOSS_RELIC","is_prod":false,"is_daily":false,"chose_seed":false,"campfire_upgraded":3,"win_rate":0,"timestamp":1645159151,"path_taken":["M","?","M","M","M","E","R","E","T","R","?","R","E","$","R","BOSS","M","M","?","M","M","R","E","R","T","?","M","R","$","E","R","BOSS","M","M","M"],"build_version":"2020-12-22","purchased_purges":2,"victory":false,"max_hp_per_floor":[68,68,68,68,68,68,68,68,68,68,68,68,68,68,68,68,68,68,68,68,68,68,68,68,68,68,68,68,68,68,68,68,68,68,68,68,68],"card_choices":[{"not_picked":["WreathOfFlame","EmptyBody"],"picked":"FlurryOfBlows","floor":1.0},{"not_picked":["Sanctity","ClearTheMind"],"picked":"BowlingBash","floor":3.0},{"not_picked":["Study","Consecrate"],"picked":"FollowUp","floor":4.0},{"not_picked":["Nirvana","WheelKick"],"picked":"SandsOfTime","floor":5.0},{"not_picked":["CrushJoints","BowlingBash"],"picked":"Tantrum","floor":6.0},{"not_picked":["Collect","ConjureBlade"],"picked":"Sanctity","floor":8.0},{"not_picked":["EmptyBody","CutThroughFate"],"picked":"EmptyFist","floor":13.0},{"not_picked":["DeusExMachina","Judgement"],"picked":"Brilliance","floor":16.0},{"not_picked":["BowlingBash","Prostrate"],"picked":"Adaptation","floor":18.0},{"not_picked":["EmptyFist","ThirdEye"],"picked":"EmptyBody","floor":19.0},{"not_picked":["CrushJoints","ThirdEye","SandsOfTime"],"picked":"SKIP","floor":21.0},{"not_picked":["EmptyFist","ThirdEye","EmptyBody+1"],"picked":"SKIP","floor":22.0},{"not_picked":["Vengeance","JustLucky+1","Ragnarok"],"picked":"SKIP","floor":24.0},{"not_picked":["BowlingBash","FlyingSleeves","Worship"],"picked":"SKIP","floor":27},{"not_picked":["Evaluate","JustLucky+1","Study"],"picked":"SKIP","floor":28},{"not_picked":["FollowUp","EmptyFist","Worship"],"picked":"SKIP","floor":31},{"not_picked":["Evaluate+1","FollowUp+1","Prostrate"],"picked":"SKIP","floor":35},{"not_picked":["Adaptation+1","Worship"],"picked":"Wireheading+1","floor":36}],"player_experience":993834,"relics_obtained":[{"floor":6.0,"key":"Pantograph"},{"floor":8.0,"key":"MawBank"},{"floor":9.0,"key":"Oddly Smooth Stone"},{"floor":13.0,"key":"Vajra"},{"floor":24.0,"key":"Thread and Needle"},{"floor":31,"key":"Blue Candle"}],"event_choices":[{"damage_healed":0.0,"max_hp_gain":0.0,"max_hp_loss":0.0,"gold_gain":0.0,"event_name":"Liars Game","player_choice":"Ignored","floor":2.0,"gold_loss":0.0,"damage_taken":0.0},{"damage_healed":0.0,"max_hp_gain":0.0,"max_hp_loss":0.0,"gold_gain":0.0,"event_name":"Scrap Ooze","player_choice":"Fled","floor":11.0,"gold_loss":0.0,"damage_taken":0.0},{"damage_healed":0.0,"max_hp_gain":0.0,"max_hp_loss":0.0,"gold_gain":200.0,"event_name":"Wheel of Change","player_choice":"Gold","floor":20.0,"gold_loss":0.0,"damage_taken":0.0}],"is_beta":false,"boss_relics":[{"not_picked":["Busted Crown","Sozu"],"picked":"Empty Cage"},{"not_picked":["Runic Dome","SlaversCollar"],"picked":"Cursed Key"}],"items_purged_floors":[14,30],"is_endless":false,"potions_floor_spawned":[4,5,6,19,21,22,24,31,35],"killed_by":"Sphere and 2 Shapes","ascension_level":20}