{"gold_per_floor":[114,114,125,9,19,19,44,44,44,44,9,9,23,38,38,136,136,153,78,113,13,13,43,60,76,76,76,92,92,12,23,23,23],"floor_reached":33,"playtime":769,"items_purged":["Defend_P","Defend_P"],"score":278,"play_id":"99f534f6-4c64-4941-8e67-797c03b4e690","local_time":"20220507171053","is_ascension_mode":true,"campfire_choices":[{"data":"Adaptation","floor":6.0,"key":"SMITH"},{"data":"Fasting2","floor":10,"key":"SMITH"},{"data":"Tantrum","floor":15,"key":"SMITH"},{"floor":29,"key":"REST"},{"floor":32,"key":"REST"}],"neow_cost":"NONE","seed_source_timestamp":908252472483200,"circlet_count":0,"master_deck":["Strike_P","Strike_P","Strike_P+1","Strike_P+1","Eruption+1","Vigilance","CarveReality","Conclude","Adaptation+1","Tantrum+1","EmptyFist+1","Fasting2+1","FlurryOfBlows+1","LessonLearned","Sanctity+1","FlurryOfBlows+1"],"special_seed":0,"relics":["Sozu","Girya"],"potions_floor_usage":[],"damage_taken":[{"damage":0.0,"enemies":"2 Louse","floor":1.0,"turns":1.0},{"damage":0.0,"enemies":"Cultist","floor":3.0,"turns":2.0},{"damage":0.0,"enemies":"Jaw Worm","floor":5.0,"turns":2.0},{"damage":28.0,"enemies":"Gremlin Nob","floor":7.0,"turns":3.0},{"damage":0,"enemies":"Large Slime","floor":13,"turns":2},{"damage":0,"enemies":"Looter","floor":14,"turns":2},{"damage":30,"enemies":"Hexaghost","floor":16,"turns":5},{"damage":0,"enemies":"Spheric Guardian","floor":18,"turns":1},{"damage":2,"enemies":"Masked Bandits","floor":20,"turns":2},{"damage":18,"enemies":"Gremlin Leader","floor":23,"turns":6},{"damage":3,"enemies":"3 Byrds","floor":24,"turns":5},{"damage":7,"enemies":"Snecko","floor":25,"turns":3},{"damage":42,"enemies":"Snake Plant","floor":28,"turns":2},{"damage":2,"enemies":"Chosen and Byrds","floor":31,"turns":3},{"damage":62,"enemies":"Automaton","floor":33,"turns":4}],"seed_played":"-6122068035546156895","potions_obtained":[],"is_trial":false,"path_per_floor":["M","?","M","$","M","R","E","?","T","R","?","?","M","M","R","B",null,"M","$","?","$","?","E","M","M","T","?","M","R","?","M","R","B"],"character_chosen":"WATCHER","items_purchased":["Adaptation","Tantrum"],"campfire_rested":2,"item_purchase_floors":[4,4],"current_hp_per_floor":[72,72,72,72,72,72,44,37,37,37,55,60,60,60,60,30,77,77,77,75,75,75,57,54,47,47,47,5,28,28,26,49,0],"gold":23,"neow_bonus":"BOSS_RELIC","is_prod":false,"is_daily":false,"chose_seed":false,"campfire_upgraded":3,"win_rate":0,"timestamp":1651957853,"path_taken":["M","?","M","?","M","R","E","?","T","R","?","?","M","M","R","BOSS","M","$","?","$","?","E","M","?","T","?","?","R","?","?","R","BOSS"],"build_version":"2022-03-07","purchased_purges":2,"victory":false,"max_hp_per_floor":[72,72,72,72,72,72,72,72,72,72,72,77,77,77,77,77,77,77,77,77,77,77,77,77,77,77,77,77,77,77,77,77,77],"card_choices":[{"not_picked":["EmptyBody","ThirdEye"],"picked":"CarveReality","floor":1.0},{"not_picked":["FearNoEvil","SashWhip"],"picked":"Conclude","floor":3.0},{"not_picked":["SashWhip","ClearTheMind"],"picked":"EmptyFist","floor":5.0},{"not_picked":["ConjureBlade","ClearTheMind"],"picked":"Fasting2","floor":7},{"not_picked":["CutThroughFate","Nirvana"],"picked":"FlurryOfBlows","floor":13},{"not_picked":["SignatureMove","Fasting2","Crescendo"],"picked":"SKIP","floor":14},{"not_picked":["DevaForm","Brilliance"],"picked":"LessonLearned","floor":16},{"not_picked":["Nirvana","Crescendo","Evaluate"],"picked":"SKIP","floor":18},{"not_picked":["FollowUp","EmptyFist","MasterReality"],"picked":"SKIP","floor":23},{"not_picked":["SashWhip","CrushJoints","BowlingBash"],"picked":"SKIP","floor":24},{"not_picked":["LikeWater","ReachHeaven","Protect"],"picked":"SKIP","floor":25},{"not_picked":["ForeignInfluence+1","EmptyBody","CrushJoints"],"picked":"SKIP","floor":28},{"not_picked":["ThirdEye","ReachHeaven+1"],"picked":"FlurryOfBlows+1","floor":31}],"player_experience":1020250,"relics_obtained":[],"event_choices":[{"damage_healed":0.0,"max_hp_gain":0.0,"max_hp_loss":0.0,"gold_gain":0.0,"event_name":"Wheel of Change","player_choice":"Full Heal","floor":2.0,"gold_loss":0.0,"damage_taken":0.0},{"cards_removed":["Defend_P"],"damage_healed":0,"gold_gain":0,"player_choice":"Card Removal","damage_taken":7,"max_hp_gain":0,"max_hp_loss":0,"event_name":"Golden Wing","floor":8,"gold_loss":0},{"damage_healed":18,"gold_gain":0,"player_choice":"Healed","damage_taken":0,"max_hp_gain":0,"max_hp_loss":0,"event_name":"The Cleric","floor":11,"gold_loss":35},{"damage_healed":0,"gold_gain":0,"player_choice":"Donut","damage_taken":0,"max_hp_gain":5,"max_hp_loss":0,"event_name":"Big Fish","floor":12,"gold_loss":0},{"damage_healed":0,"gold_gain":0,"player_choice":"Fought Bandits","damage_taken":0,"max_hp_gain":0,"max_hp_loss":0,"event_name":"Masked Bandits","floor":20,"gold_loss":0},{"damage_healed":0,"gold_gain":0,"cards_transformed":["Defend_P"],"player_choice":"Transformed","damage_taken":0,"max_hp_gain":0,"max_hp_loss":0,"event_name":"Transmorgrifier","floor":22,"gold_loss":0,"cards_obtained":["Sanctity"]},{"damage_healed":0,"gold_gain":0,"player_choice":"Got Potions","damage_taken":0,"max_hp_gain":0,"max_hp_loss":0,"event_name":"Lab","floor":27,"gold_loss":0},{"damage_healed":0,"gold_gain":0,"player_choice":"Paid Gold","damage_taken":0,"relics_obtained":["Girya"],"max_hp_gain":0,"max_hp_loss":0,"event_name":"WeMeetAgain","floor":30,"gold_loss":80}],"is_beta":false,"boss_relics":[{"not_picked":["Fusion Hammer","SacredBark","Runic Pyramid"]}],"items_purged_floors":[19,21],"is_endless":false,"potions_floor_spawned":[3,16,20,25],"killed_by":"Automaton","ascension_level":1}