{"gold_per_floor":[115,40,53,64,81,114,131,159,159,109,124,124,150,160,160,255,255,275,175,175,175,175,210,225,253,253,266,284,284],"floor_reached":29,"playtime":1091,"items_purged":["Defend_P","Defend_P"],"score":301,"play_id":"0b33852d-8060-46dd-bef6-5edebc0496cf","local_time":"20220507165217","is_ascension_mode":true,"campfire_choices":[{"data":"Scrawl","floor":12.0,"key":"SMITH"},{"data":"WindmillStrike","floor":15.0,"key":"SMITH"}],"neow_cost":"NONE","seed_source_timestamp":906766050523600,"circlet_count":0,"master_deck":["Strike_P","Strike_P","Strike_P","Strike_P","Defend_P","Eruption","Vigilance","EmptyFist","WindmillStrike+1","CrushJoints","Scrawl+1","Wallop","ClearTheMind","Vault","RitualDagger","FollowUp+1","Consecrate+1","Adaptation+1","TalkToTheHand","Sanctity"],"special_seed":0,"relics":["Cursed Key"],"potions_floor_usage":[28,28,29,29],"damage_taken":[{"damage":0.0,"enemies":"2 Louse","floor":1.0,"turns":2.0},{"damage":1.0,"enemies":"Jaw Worm","floor":3.0,"turns":2.0},{"damage":0.0,"enemies":"Cultist","floor":4.0,"turns":2.0},{"damage":0.0,"enemies":"3 Louse","floor":5.0,"turns":3.0},{"damage":9.0,"enemies":"3 Sentries","floor":6.0,"turns":5.0},{"damage":0.0,"enemies":"Exordium Thugs","floor":7.0,"turns":2.0},{"damage":11.0,"enemies":"Gremlin Nob","floor":8.0,"turns":3.0},{"damage":0.0,"enemies":"2 Fungi Beasts","floor":11.0,"turns":3.0},{"damage":13.0,"enemies":"3 Sentries","floor":13.0,"turns":7.0},{"damage":0.0,"enemies":"Exordium Wildlife","floor":14.0,"turns":6.0},{"damage":7.0,"enemies":"The Guardian","floor":16.0,"turns":8.0},{"damage":5.0,"enemies":"Shell Parasite","floor":18.0,"turns":6.0},{"damage":27.0,"enemies":"Gremlin Leader","floor":23.0,"turns":6.0},{"damage":5.0,"enemies":"Spheric Guardian","floor":24.0,"turns":3.0},{"damage":17.0,"enemies":"Book of Stabbing","floor":25.0,"turns":5.0},{"damage":0.0,"enemies":"Shelled Parasite and Fungi","floor":27.0,"turns":4.0},{"damage":9,"enemies":"Centurion and Healer","floor":28,"turns":5},{"damage":15,"enemies":"Slavers","floor":29,"turns":1}],"seed_played":"3709986133657914732","potions_obtained":[{"floor":6.0,"key":"DistilledChaos"},{"floor":8.0,"key":"Regen Potion"},{"floor":13.0,"key":"EntropicBrew"},{"floor":14.0,"key":"DistilledChaos"},{"floor":25.0,"key":"SpeedPotion"},{"floor":27.0,"key":"Dexterity Potion"},{"floor":28,"key":"SpeedPotion"}],"is_trial":false,"path_per_floor":["M","$","M","M","M","E","M","E","T","?","M","R","E","M","R","B",null,"M","$","?","?","?","E","M","E","T","M","M","E"],"character_chosen":"WATCHER","items_purchased":[],"campfire_rested":0,"item_purchase_floors":[],"current_hp_per_floor":[72,72,71,71,71,62,62,51,51,51,51,51,38,53,53,46,72,67,67,67,61,61,34,29,12,12,12,3,0],"gold":284,"neow_bonus":"BOSS_RELIC","is_prod":false,"is_daily":false,"chose_seed":false,"campfire_upgraded":2,"win_rate":0,"timestamp":1651956737,"path_taken":["M","$","M","M","M","E","M","E","T","?","M","R","E","M","R","BOSS","M","$","?","?","?","E","M","E","T","?","M","E"],"build_version":"2022-03-07","purchased_purges":2,"victory":false,"max_hp_per_floor":[72,72,72,72,72,72,72,72,72,72,72,72,72,72,72,72,72,72,72,72,72,72,72,72,72,72,72,72,72],"card_choices":[{"not_picked":["FlyingSleeves","CutThroughFate"],"picked":"EmptyFist","floor":1.0},{"not_picked":["EmptyFist","Evaluate"],"picked":"WindmillStrike","floor":3.0},{"not_picked":["ReachHeaven","CrushJoints","SignatureMove"],"picked":"SKIP","floor":4.0},{"not_picked":["ReachHeaven","SignatureMove"],"picked":"CrushJoints","floor":4.0},{"not_picked":["EmptyBody","Consecrate","WindmillStrike"],"picked":"SKIP","floor":5.0},{"not_picked":["Nirvana","Prostrate","DevaForm"],"picked":"SKIP","floor":6.0},{"not_picked":["ClearTheMind","ThirdEye","Nirvana"],"picked":"SKIP","floor":7.0},{"not_picked":["Protect","CrushJoints"],"picked":"Scrawl","floor":8.0},{"not_picked":["WreathOfFlame","PathToVictory","JustLucky"],"picked":"SKIP","floor":11.0},{"not_picked":["SashWhip","PathToVictory"],"picked":"Wallop","floor":13.0},{"not_picked":["Wireheading","Worship"],"picked":"ClearTheMind","floor":14.0},{"not_picked":["Wish","Omniscience"],"picked":"Vault","floor":16.0},{"not_picked":["JustLucky","FlyingSleeves","ReachHeaven"],"picked":"SKIP","floor":18.0},{"not_picked":["ThirdEye","EmptyBody"],"picked":"FollowUp+1","floor":23.0},{"not_picked":["WreathOfFlame+1","ClearTheMind"],"picked":"Consecrate+1","floor":24.0},{"not_picked":["Tantrum","SashWhip"],"picked":"Adaptation+1","floor":25.0},{"not_picked":["EmptyFist","Halt+1"],"picked":"TalkToTheHand","floor":27.0},{"not_picked":["PathToVictory","Blasphemy"],"picked":"Sanctity","floor":28}],"player_experience":1019159,"relics_obtained":[],"event_choices":[{"cards_removed":["Defend_P"],"damage_healed":0.0,"max_hp_gain":0.0,"max_hp_loss":0.0,"gold_gain":0.0,"event_name":"The Cleric","player_choice":"Card Removal","floor":10.0,"gold_loss":50.0,"damage_taken":0.0},{"damage_healed":0.0,"max_hp_gain":0.0,"max_hp_loss":0.0,"gold_gain":0.0,"event_name":"The Mausoleum","player_choice":"Ignored","floor":20.0,"gold_loss":0.0,"damage_taken":0.0},{"damage_healed":0.0,"max_hp_gain":0.0,"max_hp_loss":0.0,"gold_gain":0.0,"event_name":"Nest","player_choice":"Joined the Cult","floor":21.0,"gold_loss":0.0,"damage_taken":6.0,"cards_obtained":["RitualDagger"]},{"damage_healed":0.0,"max_hp_gain":0.0,"max_hp_loss":0.0,"gold_gain":0.0,"event_name":"Vampires","player_choice":"Ignored","floor":22.0,"gold_loss":0.0,"damage_taken":0.0}],"is_beta":false,"boss_relics":[{"not_picked":["Pandora\u0027s Box","Astrolabe","Busted Crown"]}],"items_purged_floors":[2,19],"is_endless":false,"potions_floor_spawned":[6,8,13,14,25,27,28],"killed_by":"Slavers","ascension_level":1}