{"gold_per_floor":[117,117,42,61,61,61,61,79,79,9,32,70,94,107,107,237,237,257,109,109,184,208,208,83,107,107,107,145,159,177,177,177,302,302,320,320,170,183,8,8,23,44,44,44,44,44,58,74,74,74],"floor_reached":51,"playtime":1149,"items_purged":["Defend_P","Defend_P","Strike_P","Strike_P","Strike_P"],"score":774,"play_id":"0f45dcf4-6c82-4aea-acb6-c5ad5311dd0f","local_time":"20220501225940","is_ascension_mode":false,"campfire_choices":[{"data":"FollowUp","floor":6,"key":"SMITH"},{"data":"CrushJoints","floor":15,"key":"SMITH"},{"data":"Vault","floor":27,"key":"SMITH"},{"floor":32,"key":"DIG"},{"floor":40,"key":"DIG"},{"floor":49,"key":"DIG"}],"neow_cost":"NONE","seed_source_timestamp":410400669973300,"circlet_count":0,"master_deck":["Eruption+1","Vigilance","FollowUp+1","Consecrate","CrushJoints+1","CutThroughFate","JustLucky+1","MentalFortress+1","Vault+1","FlurryOfBlows+1","Adaptation+1","Consecrate+1","CutThroughFate+1","EmptyMind","EmptyFist+1","Brilliance+1","CutThroughFate+1","Devotion+1","Sanctity+1","FlurryOfBlows+1","Conclude+1","Halt+1"],"relics":["PureWater","Golden Idol","Blood Vial","Frozen Egg 2","Molten Egg 2","Coffee Dripper","White Beast Statue","Shovel","Turnip","Fusion Hammer","Sundial","Torii","Eternal Feather"],"potions_floor_usage":[16,29,33,45,50,50],"damage_taken":[{"damage":1,"enemies":"Jaw Worm","floor":1,"turns":3},{"damage":0,"enemies":"Cultist","floor":4,"turns":1},{"damage":0,"enemies":"2 Louse","floor":8,"turns":2},{"damage":0,"enemies":"2 Fungi Beasts","floor":11,"turns":1},{"damage":0,"enemies":"Gremlin Nob","floor":12,"turns":2},{"damage":0,"enemies":"Lots of Slimes","floor":13,"turns":1},{"damage":0,"enemies":"Looter","floor":14,"turns":1},{"damage":61,"enemies":"The Guardian","floor":16,"turns":7},{"damage":10,"enemies":"2 Thieves","floor":18,"turns":3},{"damage":0,"enemies":"3 Byrds","floor":22,"turns":4},{"damage":0,"enemies":"Snecko","floor":25,"turns":3},{"damage":19,"enemies":"Gremlin Leader","floor":28,"turns":5},{"damage":20,"enemies":"Cultist and Chosen","floor":29,"turns":3},{"damage":10,"enemies":"Snake Plant","floor":30,"turns":3},{"damage":8,"enemies":"Automaton","floor":33,"turns":6},{"damage":31,"enemies":"3 Shapes","floor":35,"turns":5},{"damage":0,"enemies":"Orb Walker","floor":38,"turns":1},{"damage":10,"enemies":"4 Shapes","floor":41,"turns":3},{"damage":0,"enemies":"Writhing Mass","floor":42,"turns":3},{"damage":0,"enemies":"Nemesis","floor":45,"turns":1},{"damage":0,"enemies":"Transient","floor":47,"turns":6},{"damage":24,"enemies":"Jaw Worm Horde","floor":48,"turns":2},{"damage":14,"enemies":"Time Eater","floor":50,"turns":5}],"seed_played":"7674092511525833205","potions_obtained":[{"floor":11,"key":"ColorlessPotion"},{"floor":12,"key":"ColorlessPotion"},{"floor":13,"key":"BlessingOfTheForge"},{"floor":29,"key":"FairyPotion"},{"floor":30,"key":"SteroidPotion"},{"floor":33,"key":"BlessingOfTheForge"},{"floor":42,"key":"SmokeBomb"},{"floor":47,"key":"BlessingOfTheForge"},{"floor":48,"key":"Strength Potion"}],"is_trial":false,"path_per_floor":["M","?","$","M","?","R","?","M","T","?","M","E","M","M","R","B",null,"M","$","?","?","M","?","$","M","T","R","E","M","M","?","R","B",null,"M","?","$","M","$","R","M","M","T","?","E","$","M","M","R","B",null],"character_chosen":"WATCHER","items_purchased":["AttackPotion"],"campfire_rested":0,"item_purchase_floors":[19],"current_hp_per_floor":[71,71,71,71,67,67,60,60,60,60,62,64,66,67,67,6,67,57,57,57,51,53,53,53,55,55,55,38,20,12,12,12,6,67,36,36,36,38,38,38,30,32,32,32,34,34,36,14,14,2],"gold":74,"neow_bonus":"UPGRADE_CARD","is_prod":false,"is_daily":false,"chose_seed":false,"campfire_upgraded":3,"win_rate":0,"timestamp":1651460380,"path_taken":["M","?","$","?","?","R","?","M","T","?","M","E","M","M","R","BOSS","M","?","?","?","?","?","$","M","T","R","E","M","M","?","R","BOSS","M","?","$","M","$","R","?","M","T","?","E","?","M","M","R","BOSS"],"build_version":"2022-03-07","purchased_purges":5,"victory":true,"max_hp_per_floor":[72,72,72,72,67,67,67,67,67,67,67,67,67,67,67,67,67,67,67,67,67,67,67,67,67,67,67,67,67,67,67,67,67,67,67,67,67,67,67,67,67,67,67,67,67,67,67,67,67,67],"card_choices":[{"not_picked":["ReachHeaven","Protect"],"picked":"FollowUp","floor":1},{"not_picked":["Halt","Evaluate"],"picked":"Consecrate","floor":4},{"not_picked":["Evaluate","JustLucky"],"picked":"CrushJoints","floor":8},{"not_picked":["ThirdEye","Collect"],"picked":"CutThroughFate","floor":11},{"not_picked":["Protect","ConjureBlade"],"picked":"JustLucky+1","floor":12},{"not_picked":["ClearTheMind","WaveOfTheHand","FlyingSleeves+1"],"picked":"SKIP","floor":13},{"not_picked":["SashWhip+1","CutThroughFate+1"],"picked":"MentalFortress+1","floor":14},{"not_picked":["Alpha","DevaForm+1"],"picked":"Vault","floor":16},{"not_picked":["Weave+1","CutThroughFate+1"],"picked":"FlurryOfBlows+1","floor":18},{"not_picked":["Adaptation+1","Nirvana+1"],"picked":"Consecrate+1","floor":22},{"not_picked":["Protect","CrushJoints+1","Perseverance"],"picked":"SKIP","floor":25},{"not_picked":["Swivel+1","LikeWater+1"],"picked":"CutThroughFate+1","floor":28},{"not_picked":["SashWhip+1","ThirdEye"],"picked":"EmptyMind","floor":29},{"not_picked":["Omniscience","SashWhip+1"],"picked":"EmptyFist+1","floor":30},{"not_picked":["SpiritShield","Alpha"],"picked":"Brilliance+1","floor":33},{"not_picked":["Protect","ClearTheMind+1"],"picked":"CutThroughFate+1","floor":35},{"not_picked":["Halt","PathToVictory+1"],"picked":"Sanctity+1","floor":38},{"not_picked":["Protect","Halt+1"],"picked":"FlurryOfBlows+1","floor":41},{"not_picked":["PathToVictory+1","LikeWater+1"],"picked":"Conclude+1","floor":42},{"not_picked":["InnerPeace","EmptyBody+1"],"picked":"Halt+1","floor":47},{"not_picked":["Prostrate+1","SashWhip+1","JustLucky+1"],"picked":"SKIP","floor":48}],"player_experience":1017710,"relics_obtained":[{"floor":9,"key":"Blood Vial"},{"floor":12,"key":"Molten Egg 2"},{"floor":26,"key":"White Beast Statue"},{"floor":28,"key":"Shovel"},{"floor":32,"key":"Turnip"},{"floor":40,"key":"Sundial"},{"floor":43,"key":"Torii"},{"floor":49,"key":"Eternal Feather"}],"event_choices":[{"cards_removed":["Defend_P"],"damage_healed":0,"gold_gain":0,"player_choice":"Offered Basic","damage_taken":0,"max_hp_gain":0,"max_hp_loss":0,"event_name":"Bonfire Elementals","floor":2,"gold_loss":0},{"damage_healed":0,"gold_gain":0,"player_choice":"Lose Max HP","damage_taken":0,"relics_obtained":["Golden Idol"],"max_hp_gain":0,"max_hp_loss":5,"event_name":"Golden Idol","floor":5,"gold_loss":0},{"cards_removed":["Defend_P"],"damage_healed":0,"gold_gain":0,"player_choice":"Card Removal","damage_taken":7,"max_hp_gain":0,"max_hp_loss":0,"event_name":"Golden Wing","floor":7,"gold_loss":0},{"damage_healed":0,"gold_gain":0,"player_choice":"Paid Gold","damage_taken":0,"relics_obtained":["Frozen Egg 2"],"max_hp_gain":0,"max_hp_loss":0,"event_name":"WeMeetAgain","floor":10,"gold_loss":70},{"damage_healed":0,"gold_gain":0,"player_choice":"Read","damage_taken":0,"max_hp_gain":0,"max_hp_loss":0,"event_name":"The Library","floor":20,"gold_loss":0,"cards_obtained":["Adaptation"]},{"damage_healed":0,"gold_gain":75,"player_choice":"Touch","damage_taken":6,"max_hp_gain":0,"max_hp_loss":0,"event_name":"FaceTrader","floor":21,"gold_loss":0},{"damage_healed":0,"gold_gain":0,"player_choice":"Ignored","damage_taken":0,"max_hp_gain":0,"max_hp_loss":0,"event_name":"The Mausoleum","floor":23,"gold_loss":0},{"damage_healed":0,"gold_gain":0,"player_choice":"Ignored","damage_taken":0,"max_hp_gain":0,"max_hp_loss":0,"event_name":"Vampires","floor":31,"gold_loss":0},{"damage_healed":0,"gold_gain":0,"cards_transformed":["Strike_P"],"player_choice":"Transformed","damage_taken":0,"max_hp_gain":0,"max_hp_loss":0,"event_name":"Transmorgrifier","floor":36,"gold_loss":0,"cards_obtained":["Devotion"]},{"damage_healed":0,"gold_gain":0,"player_choice":"Memory 1","damage_taken":0,"max_hp_gain":0,"max_hp_loss":0,"event_name":"SensoryStone","floor":44,"gold_loss":0}],"is_beta":false,"boss_relics":[{"not_picked":["Cursed Key","Tiny House"],"picked":"Coffee Dripper"},{"not_picked":["SlaversCollar","Velvet Choker"],"picked":"Fusion Hammer"}],"items_purged_floors":[3,19,24,37,39],"is_endless":false,"potions_floor_spawned":[11,12,13,28,29,30,33,35,38,41,42,45,47,48],"ascension_level":0}