{"gold_per_floor":[117,132,151,162,174,203,203,50,73,73,85,85,120,132,132,209,209,219,219,231,244,144,177,196,209,209,235,23,23,23,23,23,101,101,119,65,89,89,99,126,126,154,154,154],"floor_reached":44,"playtime":2135,"items_purged":["Defend_P","Defend_P","Defend_P"],"score":1336,"play_id":"5922653c-4df1-47e0-bbbd-72b4c415311a","local_time":"20220501174219","is_ascension_mode":true,"campfire_choices":[{"data":"Adaptation","floor":7.0,"key":"SMITH"},{"floor":10.0,"key":"REST"},{"data":"Eruption","floor":12.0,"key":"SMITH"},{"data":"FlurryOfBlows","floor":15.0,"key":"SMITH"},{"floor":30.0,"key":"REST"},{"data":"MentalFortress","floor":32.0,"key":"SMITH"},{"floor":41.0,"key":"RECALL"}],"neow_cost":"NONE","seed_source_timestamp":0,"circlet_count":0,"master_deck":["AscendersBane","Strike_P","Eruption+1","Vigilance","FollowUp","FearNoEvil","Adaptation+1","EmptyMind+1","InnerPeace+1","MentalFortress+1","Scrawl+1"],"special_seed":0,"relics":["PureWater","Toxic Egg 2","Bag of Marbles","Nunchaku","Empty Cage","Mercury Hourglass","Centennial Puzzle","Happy Flower","Vajra","Anchor","Gremlin Horn","Kunai","Darkstone Periapt"],"potions_floor_usage":[44],"damage_taken":[{"damage":0.0,"enemies":"Cultist","floor":1.0,"turns":2.0},{"damage":2.0,"enemies":"Jaw Worm","floor":2.0,"turns":3.0},{"damage":0.0,"enemies":"Small Slimes","floor":3.0,"turns":2.0},{"damage":0.0,"enemies":"Gremlin Gang","floor":4.0,"turns":3.0},{"damage":3.0,"enemies":"Large Slime","floor":5.0,"turns":4.0},{"damage":42.0,"enemies":"3 Sentries","floor":6.0,"turns":8.0},{"damage":0.0,"enemies":"Exordium Wildlife","floor":11.0,"turns":2.0},{"damage":8.0,"enemies":"Gremlin Nob","floor":13.0,"turns":3.0},{"damage":2.0,"enemies":"3 Louse","floor":14.0,"turns":2.0},{"damage":9.0,"enemies":"Hexaghost","floor":16.0,"turns":7.0},{"damage":0.0,"enemies":"Chosen","floor":18.0,"turns":1.0},{"damage":0.0,"enemies":"3 Byrds","floor":20.0,"turns":3.0},{"damage":25.0,"enemies":"Shelled Parasite and Fungi","floor":21.0,"turns":3.0},{"damage":0.0,"enemies":"Gremlin Leader","floor":23.0,"turns":4.0},{"damage":0.0,"enemies":"3 Cultists","floor":24.0,"turns":3.0},{"damage":15.0,"enemies":"Snake Plant","floor":25.0,"turns":3.0},{"damage":1.0,"enemies":"Book of Stabbing","floor":27.0,"turns":2.0},{"damage":0.0,"enemies":"Automaton","floor":33.0,"turns":2.0},{"damage":0.0,"enemies":"Orb Walker","floor":35.0,"turns":1.0},{"damage":0.0,"enemies":"3 Darklings","floor":39.0,"turns":1.0},{"damage":0.0,"enemies":"Nemesis","floor":40.0,"turns":1.0},{"damage":0.0,"enemies":"Reptomancer","floor":42.0,"turns":2.0},{"damage":66,"enemies":"Nemesis","floor":44,"turns":8}],"seed_played":"2608446588496208918","potions_obtained":[{"floor":5.0,"key":"DuplicationPotion"},{"floor":6.0,"key":"SkillPotion"},{"floor":11.0,"key":"AttackPotion"},{"floor":16.0,"key":"ColorlessPotion"},{"floor":20.0,"key":"Strength Potion"},{"floor":33.0,"key":"Fruit Juice"}],"is_trial":false,"path_per_floor":["M","M","M","M","M","E","R","$","T","R","M","R","E","M","R","B",null,"M","T","M","M","$","E","M","M","T","E","$","?","R","?","R","B",null,"M","$","T","?","M","E","R","E","T","E"],"character_chosen":"WATCHER","items_purchased":["Regen Potion","MentalFortress","PowerPotion"],"campfire_rested":2,"item_purchase_floors":[8,28,36],"current_hp_per_floor":[61,59,59,59,56,14,14,14,14,34,34,34,26,24,24,30,59,59,59,59,34,34,34,34,19,19,18,18,18,38,38,38,38,61,61,66,66,66,66,66,66,66,66,0],"gold":154,"neow_bonus":"REMOVE_CARD","is_prod":false,"is_daily":false,"chose_seed":false,"campfire_upgraded":4,"win_rate":0,"timestamp":1651441339,"path_taken":["M","M","?","?","M","E","R","$","T","R","M","R","E","M","R","BOSS","M","?","M","?","$","E","M","M","T","E","$","?","R","?","R","BOSS","M","$","?","?","?","E","R","E","T","E"],"build_version":"2022-03-07","purchased_purges":3,"victory":false,"max_hp_per_floor":[68,68,68,68,68,68,68,68,68,68,68,68,68,68,68,68,68,68,68,68,68,68,68,68,68,68,68,68,68,68,68,68,68,68,68,73,73,73,73,73,73,73,73,73],"card_choices":[{"not_picked":["EmptyBody","JustLucky"],"picked":"FollowUp","floor":1.0},{"not_picked":["Protect","EmptyBody","WheelKick"],"picked":"SKIP","floor":2.0},{"not_picked":["FlurryOfBlows","ClearTheMind"],"picked":"FearNoEvil","floor":3.0},{"not_picked":["ClearTheMind","EmptyBody"],"picked":"Adaptation","floor":4.0},{"not_picked":["Evaluate","CrushJoints"],"picked":"FlurryOfBlows","floor":5.0},{"not_picked":["FearNoEvil","JustLucky"],"picked":"EmptyMind+1","floor":6.0},{"not_picked":["BowlingBash","FlurryOfBlows"],"picked":"InnerPeace+1","floor":11.0},{"not_picked":["Collect+1","BowlingBash","Prostrate+1"],"picked":"SKIP","floor":13.0},{"not_picked":["EmptyFist","Conclude","SashWhip"],"picked":"SKIP","floor":14.0},{"not_picked":["WreathOfFlame+1","CrushJoints","Wireheading"],"picked":"SKIP","floor":18.0},{"not_picked":["ForeignInfluence+1","ClearTheMind+1","Evaluate+1"],"picked":"SKIP","floor":20.0},{"not_picked":["ForeignInfluence+1","ClearTheMind+1","Evaluate+1"],"picked":"SKIP","floor":20.0},{"not_picked":["EmptyBody+1","Vengeance+1","Fasting2"],"picked":"SKIP","floor":21.0},{"not_picked":["ThirdEye+1","Worship+1","Vengeance+1"],"picked":"SKIP","floor":23.0},{"not_picked":["FlyingSleeves","EmptyBody+1","Perseverance+1"],"picked":"SKIP","floor":24.0},{"not_picked":["Protect+1","Nirvana","Study"],"picked":"SKIP","floor":25.0},{"not_picked":["Protect+1","Indignation+1","PathToVictory+1"],"picked":"SKIP","floor":27.0},{"not_picked":["SandsOfTime+1","FlyingSleeves","Halt+1"],"picked":"SKIP","floor":35.0},{"not_picked":["ThirdEye+1","Evaluate+1","EmptyMind+1"],"picked":"SKIP","floor":39.0},{"not_picked":["Ragnarok","CrushJoints","MasterReality"],"picked":"SKIP","floor":40.0},{"not_picked":["SandsOfTime","DeusExMachina+1","FlurryOfBlows"],"picked":"SKIP","floor":42.0}],"player_experience":1011161,"relics_obtained":[{"floor":6.0,"key":"Toxic Egg 2"},{"floor":9.0,"key":"Bag of Marbles"},{"floor":13.0,"key":"Nunchaku"},{"floor":19.0,"key":"Mercury Hourglass"},{"floor":23.0,"key":"Centennial Puzzle"},{"floor":26.0,"key":"Happy Flower"},{"floor":27.0,"key":"Vajra"},{"floor":40.0,"key":"Gremlin Horn"},{"floor":42.0,"key":"Kunai"},{"floor":43.0,"key":"Darkstone Periapt"}],"event_choices":[{"damage_healed":0.0,"max_hp_gain":0.0,"max_hp_loss":0.0,"gold_gain":0.0,"event_name":"Ghosts","player_choice":"Ignored","floor":29.0,"gold_loss":0.0,"damage_taken":0.0},{"damage_healed":0.0,"max_hp_gain":0.0,"max_hp_loss":0.0,"gold_gain":0.0,"cards_transformed":["Strike_P"],"event_name":"Transmorgrifier","player_choice":"Transformed","floor":31.0,"gold_loss":0.0,"damage_taken":0.0,"cards_obtained":["Scrawl"]},{"cards_removed":["FlurryOfBlows"],"damage_healed":0.0,"max_hp_gain":0.0,"max_hp_loss":0.0,"gold_gain":0.0,"event_name":"WeMeetAgain","player_choice":"Gave Card","floor":38.0,"gold_loss":0.0,"damage_taken":0.0,"relics_obtained":["Anchor"]}],"is_beta":false,"boss_relics":[{"not_picked":["Astrolabe","Fusion Hammer"],"picked":"Empty Cage"},{"not_picked":["Snecko Eye","Velvet Choker","Calling Bell"]}],"items_purged_floors":[8,22,28],"is_endless":false,"potions_floor_spawned":[5,6,11,16,20,24,33,42],"killed_by":"Nemesis","ascension_level":20}