{"gold_per_floor":[112,125,136,136,136,166,176,204,204,204,379,145,145,145,145,145],"floor_reached":16,"playtime":300,"items_purged":["Doubt"],"score":165,"play_id":"a5e2ce37-73e8-4e08-a78f-d8ab7d23b1cc","local_time":"20220507162737","is_ascension_mode":true,"campfire_choices":[{"data":"Conclude","floor":15,"key":"SMITH"}],"neow_cost":"NONE","seed_source_timestamp":906135582442700,"circlet_count":0,"master_deck":["Strike_P","Strike_P","Strike_P","Strike_P","Defend_P","Defend_P","Defend_P","Eruption","Vigilance","CutThroughFate","Consecrate","Consecrate","FlurryOfBlows","Conclude+1","Pray","Indignation","Conclude"],"relics":["Runic Dome","Gambling Chip","Unceasing Top","Letter Opener","Pear","Blue Candle","StrikeDummy"],"potions_floor_usage":[6,16],"damage_taken":[{"damage":4,"enemies":"Small Slimes","floor":1,"turns":4},{"damage":1,"enemies":"Jaw Worm","floor":2,"turns":3},{"damage":0,"enemies":"2 Louse","floor":3,"turns":3},{"damage":0,"enemies":"Lagavulin","floor":6,"turns":3},{"damage":0,"enemies":"2 Fungi Beasts","floor":7,"turns":3},{"damage":9,"enemies":"3 Sentries","floor":8,"turns":5},{"damage":60,"enemies":"Hexaghost","floor":16,"turns":2}],"seed_played":"2450216475773418437","potions_obtained":[{"floor":1,"key":"PowerPotion"},{"floor":8,"key":"FearPotion"}],"is_trial":false,"path_per_floor":["M","M","M","?","?","E","M","E","T","T","?","$","T","?","R","B"],"character_chosen":"WATCHER","items_purchased":["Indignation","Conclude"],"campfire_rested":0,"item_purchase_floors":[12,12],"current_hp_per_floor":[68,67,67,55,60,60,60,51,61,61,61,61,61,54,54,0],"gold":145,"neow_bonus":"BOSS_RELIC","is_prod":false,"is_daily":false,"chose_seed":false,"campfire_upgraded":1,"win_rate":0,"timestamp":1651955257,"path_taken":["M","M","M","?","?","E","M","E","T","?","?","$","?","?","R","BOSS"],"build_version":"2022-03-07","purchased_purges":1,"victory":false,"max_hp_per_floor":[72,72,72,72,77,77,77,77,87,87,87,87,87,87,87,87],"card_choices":[{"not_picked":["Indignation","LikeWater"],"picked":"CutThroughFate","floor":1},{"not_picked":["Evaluate","JustLucky"],"picked":"Consecrate","floor":2},{"not_picked":["WheelKick","ThirdEye"],"picked":"Consecrate","floor":3},{"not_picked":["FlyingSleeves","ConjureBlade"],"picked":"FlurryOfBlows","floor":6},{"not_picked":["Sanctity","SashWhip"],"picked":"Conclude","floor":7},{"not_picked":["JustLucky","ForeignInfluence"],"picked":"Pray","floor":8}],"player_experience":1018859,"relics_obtained":[{"floor":6,"key":"Unceasing Top"},{"floor":8,"key":"Letter Opener"},{"floor":9,"key":"Pear"},{"floor":10,"key":"Blue Candle"},{"floor":13,"key":"StrikeDummy"}],"event_choices":[{"damage_healed":0,"gold_gain":0,"player_choice":"Success","damage_taken":12,"relics_obtained":["Gambling Chip"],"max_hp_gain":0,"max_hp_loss":0,"event_name":"Scrap Ooze","floor":4,"gold_loss":0},{"damage_healed":0,"gold_gain":0,"player_choice":"Donut","damage_taken":0,"max_hp_gain":5,"max_hp_loss":0,"event_name":"Big Fish","floor":5,"gold_loss":0},{"damage_healed":0,"gold_gain":175,"player_choice":"AGREE","damage_taken":0,"max_hp_gain":0,"max_hp_loss":0,"event_name":"Liars Game","floor":11,"gold_loss":0,"cards_obtained":["Doubt"]},{"cards_removed":["Defend_P"],"damage_healed":0,"gold_gain":0,"player_choice":"Card Removal","damage_taken":7,"max_hp_gain":0,"max_hp_loss":0,"event_name":"Golden Wing","floor":14,"gold_loss":0}],"is_beta":false,"boss_relics":[],"items_purged_floors":[12],"is_endless":false,"potions_floor_spawned":[1,8],"killed_by":"Hexaghost","ascension_level":1}