{"gold_per_floor":[116,116,38,58,69,69,395,395,395,264,275,275,275,293,293,293],"floor_reached":16,"playtime":540,"items_purged":["Defend_P"],"score":200,"play_id":"9c3f59e6-d7b0-4b0f-8b93-d608ed4f556c","local_time":"20220804004702","is_ascension_mode":true,"campfire_choices":[{"data":"SandsOfTime","floor":6,"key":"SMITH"},{"data":"Eruption","floor":8,"key":"SMITH"},{"data":"Adaptation","floor":15,"key":"SMITH"}],"neow_cost":"NONE","seed_source_timestamp":84261525757200,"circlet_count":0,"master_deck":["AscendersBane","Strike_P","Strike_P","Strike_P","Strike_P","Defend_P","Eruption+1","Vigilance","SpiritShield","EmptyFist","CrushJoints","Adaptation+1","SandsOfTime+1","Halt","Vault"],"relics":["PureWater","Old Coin","Singing Bowl"],"potions_floor_usage":[7,16,16],"damage_taken":[{"damage":10,"enemies":"Cultist","floor":1,"turns":6},{"damage":2,"enemies":"Jaw Worm","floor":4,"turns":4},{"damage":3,"enemies":"2 Louse","floor":5,"turns":3},{"damage":16,"enemies":"3 Sentries","floor":7,"turns":10},{"damage":12,"enemies":"Exordium Thugs","floor":11,"turns":3},{"damage":0,"enemies":"3 Louse","floor":14,"turns":2},{"damage":18,"enemies":"Slime Boss","floor":16,"turns":6}],"seed_played":"-7689558077706186706","potions_obtained":[{"floor":4,"key":"Block Potion"},{"floor":11,"key":"Dexterity Potion"},{"floor":14,"key":"Swift Potion"}],"is_trial":false,"path_per_floor":["M","?","$","M","M","R","E","R","T","$","M","?","?","M","R","B"],"character_chosen":"WATCHER","items_purchased":["Adaptation","PowerPotion"],"campfire_rested":0,"item_purchase_floors":[3,10],"current_hp_per_floor":[51,51,51,49,46,46,30,30,30,30,20,13,13,15,15,0],"gold":293,"neow_bonus":"ONE_RANDOM_RARE_CARD","is_prod":false,"is_daily":false,"chose_seed":false,"campfire_upgraded":3,"win_rate":0,"timestamp":1659588422,"path_taken":["M","?","$","?","M","R","E","R","T","$","M","?","?","M","R","BOSS"],"build_version":"2022-03-07","purchased_purges":1,"victory":false,"max_hp_per_floor":[68,68,68,68,68,68,68,68,68,68,70,70,70,72,72,72],"card_choices":[{"not_picked":["JustLucky","SandsOfTime"],"picked":"EmptyFist","floor":1},{"not_picked":["CutThroughFate","SashWhip"],"picked":"SandsOfTime","floor":4},{"not_picked":["PathToVictory","SandsOfTime"],"picked":"Halt","floor":5},{"not_picked":["FlyingSleeves","ThirdEye","CrushJoints"],"picked":"SKIP","floor":7},{"not_picked":["Consecrate","Prostrate","Study"],"picked":"Singing Bowl","floor":11},{"not_picked":["FollowUp","CrushJoints","CutThroughFate"],"picked":"Singing Bowl","floor":14}],"player_experience":1108420,"relics_obtained":[{"floor":7,"key":"Old Coin"},{"floor":9,"key":"Singing Bowl"}],"event_choices":[{"damage_healed":0,"gold_gain":0,"player_choice":"1 cards matched","damage_taken":0,"max_hp_gain":0,"max_hp_loss":0,"event_name":"Match and Keep!","floor":2,"gold_loss":0,"cards_obtained":["CrushJoints"]},{"cards_removed":["Defend_P"],"damage_healed":0,"gold_gain":0,"player_choice":"Card Removal","damage_taken":7,"max_hp_gain":0,"max_hp_loss":0,"event_name":"Golden Wing","floor":12,"gold_loss":0},{"damage_healed":0,"gold_gain":0,"cards_transformed":["Defend_P"],"player_choice":"Change","damage_taken":0,"max_hp_gain":0,"max_hp_loss":0,"event_name":"Living Wall","floor":13,"gold_loss":0,"cards_obtained":["Vault"]}],"is_beta":false,"boss_relics":[],"items_purged_floors":[10],"is_endless":false,"potions_floor_spawned":[4,11,14],"killed_by":"Slime Boss","ascension_level":20}