{"gold_per_floor":[109,120,193,193,39,39,51,51,51,67,67,83,97,131,131,203,203,223,70,82,98,111,136,136,136,162,174,190,190],"floor_reached":29,"playtime":1096,"items_purged":["Defend_P","Defend_P"],"score":598,"play_id":"8314ec31-0617-4651-8d3f-fbecf869ddd5","local_time":"20220804011844","is_ascension_mode":true,"campfire_choices":[{"data":"Adaptation","floor":6.0,"key":"SMITH"},{"data":"Eruption","floor":8.0,"key":"SMITH"},{"data":"MentalFortress","floor":15,"key":"SMITH"},{"floor":25,"key":"REST"}],"neow_cost":"NONE","seed_source_timestamp":85560289569700,"circlet_count":0,"master_deck":["AscendersBane","Strike_P","Strike_P","Strike_P","Strike_P","Eruption+1","Vigilance","CutThroughFate","Adaptation+1","MentalFortress+1","CarveReality","CutThroughFate","FearNoEvil","Decay"],"special_seed":0,"relics":["PureWater","Mummified Hand","Blood Vial","Pen Nib","VioletLotus","Happy Flower"],"potions_floor_usage":[13,16,16,22],"damage_taken":[{"damage":1.0,"enemies":"Cultist","floor":1.0,"turns":4.0},{"damage":0.0,"enemies":"Small Slimes","floor":2.0,"turns":2.0},{"damage":0.0,"enemies":"2 Louse","floor":7.0,"turns":2.0},{"damage":14.0,"enemies":"Red Slaver","floor":10.0,"turns":3.0},{"damage":0.0,"enemies":"Exordium Wildlife","floor":12.0,"turns":2.0},{"damage":0,"enemies":"3 Louse","floor":13,"turns":1},{"damage":17,"enemies":"3 Sentries","floor":14,"turns":6},{"damage":0,"enemies":"Slime Boss","floor":16,"turns":3},{"damage":12,"enemies":"3 Byrds","floor":18,"turns":3},{"damage":0,"enemies":"Spheric Guardian","floor":20,"turns":2},{"damage":1,"enemies":"Centurion and Healer","floor":21,"turns":5},{"damage":2,"enemies":"Snecko","floor":22,"turns":4},{"damage":12,"enemies":"Gremlin Leader","floor":23,"turns":4},{"damage":20,"enemies":"Snake Plant","floor":27,"turns":3},{"damage":31,"enemies":"Centurion and Healer","floor":28,"turns":4},{"damage":20,"enemies":"3 Cultists","floor":29,"turns":3}],"seed_played":"8175256071395161681","potions_obtained":[{"floor":10.0,"key":"FearPotion"},{"floor":12.0,"key":"SkillPotion"},{"floor":14,"key":"StancePotion"},{"floor":21,"key":"BottledMiracle"},{"floor":23,"key":"DuplicationPotion"}],"is_trial":false,"path_per_floor":["M","M","T","?","$","R","M","R","T","M","?","M","M","E","R","B",null,"M","$","M","M","M","E","?","R","T","M","M","M"],"character_chosen":"WATCHER","items_purchased":["MentalFortress","Fire Potion"],"campfire_rested":1,"item_purchase_floors":[5,19],"current_hp_per_floor":[60,60,60,60,60,60,60,60,60,48,48,50,52,37,37,39,61,51,51,53,54,54,44,44,64,64,46,17,0],"gold":190,"neow_bonus":"REMOVE_CARD","is_prod":false,"is_daily":false,"chose_seed":false,"campfire_upgraded":3,"win_rate":0,"timestamp":1659590324,"path_taken":["M","M","?","?","$","R","M","R","T","M","?","?","M","E","R","BOSS","M","$","M","M","M","E","?","R","T","?","M","M"],"build_version":"2022-03-07","purchased_purges":2,"victory":false,"max_hp_per_floor":[68,68,68,68,68,68,68,68,68,68,68,68,68,68,68,68,68,68,68,68,68,68,68,68,68,68,68,68,68],"card_choices":[{"not_picked":["ThirdEye","SashWhip"],"picked":"CutThroughFate","floor":1.0},{"not_picked":["EmptyBody","FlurryOfBlows","Halt"],"picked":"SKIP","floor":2.0},{"not_picked":["BattleHymn","Swivel","Crescendo"],"picked":"SKIP","floor":7.0},{"not_picked":["SignatureMove","Pray"],"picked":"CarveReality","floor":10.0},{"not_picked":["JustLucky","Prostrate"],"picked":"CutThroughFate","floor":12.0},{"not_picked":["PathToVictory","WheelKick"],"picked":"FearNoEvil","floor":13},{"not_picked":["WheelKick","Collect","EmptyFist"],"picked":"SKIP","floor":14},{"not_picked":["SashWhip","JustLucky","ClearTheMind"],"picked":"SKIP","floor":18},{"not_picked":["Nirvana","FlyingSleeves+1","Worship"],"picked":"SKIP","floor":20},{"not_picked":["CutThroughFate","ThirdEye+1","Vengeance"],"picked":"SKIP","floor":21},{"not_picked":["SignatureMove","ConjureBlade","Halt"],"picked":"SKIP","floor":22},{"not_picked":["LikeWater","Halt","Wireheading"],"picked":"SKIP","floor":23},{"not_picked":["Conclude","CrushJoints","Crescendo"],"picked":"SKIP","floor":27},{"not_picked":["PathToVictory","CarveReality+1","Fasting2"],"picked":"SKIP","floor":28}],"player_experience":1109578,"relics_obtained":[{"floor":3.0,"key":"Mummified Hand"},{"floor":9.0,"key":"Blood Vial"},{"floor":14,"key":"Pen Nib"},{"floor":23,"key":"Happy Flower"}],"event_choices":[{"damage_healed":0.0,"max_hp_gain":0.0,"max_hp_loss":0.0,"gold_gain":0.0,"cards_transformed":["Defend_P"],"event_name":"Living Wall","player_choice":"Change","floor":4.0,"gold_loss":0.0,"damage_taken":0.0,"cards_obtained":["Adaptation"]},{"damage_healed":0.0,"max_hp_gain":0.0,"max_hp_loss":0.0,"gold_gain":0.0,"event_name":"Match and Keep!","player_choice":"0 cards matched","floor":11.0,"gold_loss":0.0,"damage_taken":0.0,"cards_obtained":[]},{"damage_healed":0,"gold_gain":0,"player_choice":"Cursed","damage_taken":0,"max_hp_gain":0,"max_hp_loss":0,"event_name":"Wheel of Change","floor":24,"gold_loss":0,"cards_obtained":["Decay"]}],"is_beta":false,"boss_relics":[{"not_picked":["Fusion Hammer","Busted Crown"],"picked":"VioletLotus"}],"items_purged_floors":[5,19],"is_endless":false,"potions_floor_spawned":[10,12,14,21,23,27,28],"killed_by":"3 Cultists","ascension_level":20}