{"gold_per_floor":[119,133,146,158,171,204,204,235,235,235,248,93,24,44,44,44],"floor_reached":16,"playtime":878,"items_purged":["Defend_P"],"score":228,"play_id":"9c0de2bf-78f6-43e3-a3d6-eb641ceca597","local_time":"20220803234703","is_ascension_mode":true,"campfire_choices":[{"floor":7.0,"key":"REST"},{"data":"Eruption","floor":15.0,"key":"SMITH"}],"neow_cost":"PERCENT_DAMAGE","seed_source_timestamp":80312262134900,"circlet_count":0,"master_deck":["AscendersBane","Strike_P","Strike_P","Strike_P","Strike_P","Defend_P","Eruption+1","Vigilance","EmptyMind","Conclude","FlurryOfBlows","ThirdEye","CrushJoints","MentalFortress","InnerPeace"],"special_seed":0,"relics":["PureWater","Blue Candle","Bottled Lightning","Toy Ornithopter"],"potions_floor_usage":[16,16],"damage_taken":[{"damage":6.0,"enemies":"Cultist","floor":1.0,"turns":4.0},{"damage":4.0,"enemies":"Jaw Worm","floor":2.0,"turns":4.0},{"damage":0.0,"enemies":"Small Slimes","floor":3.0,"turns":3.0},{"damage":0.0,"enemies":"Looter","floor":4.0,"turns":2.0},{"damage":11.0,"enemies":"Lots of Slimes","floor":5.0,"turns":3.0},{"damage":16.0,"enemies":"Gremlin Nob","floor":6.0,"turns":3.0},{"damage":17.0,"enemies":"Lagavulin","floor":8.0,"turns":6.0},{"damage":0.0,"enemies":"Large Slime","floor":11.0,"turns":4.0},{"damage":0.0,"enemies":"2 Fungi Beasts","floor":14.0,"turns":2.0},{"damage":38,"enemies":"Hexaghost","floor":16,"turns":9}],"seed_played":"-5806912038408032941","potions_obtained":[{"floor":1.0,"key":"Block Potion"},{"floor":3.0,"key":"SpeedPotion"},{"floor":4.0,"key":"DuplicationPotion"},{"floor":5.0,"key":"Energy Potion"}],"is_trial":false,"path_per_floor":["M","M","M","M","M","E","R","E","T","?","M","$","?","M","R","B"],"character_chosen":"WATCHER","items_purchased":["Regen Potion"],"campfire_rested":1,"item_purchase_floors":[12],"current_hp_per_floor":[37,33,33,33,22,6,26,9,9,9,9,9,9,9,9,0],"gold":44,"neow_bonus":"REMOVE_TWO","is_prod":false,"is_daily":false,"chose_seed":false,"campfire_upgraded":1,"win_rate":0,"timestamp":1659584823,"path_taken":["M","?","M","M","M","E","R","E","T","?","M","$","?","M","R","BOSS"],"build_version":"2022-03-07","purchased_purges":1,"victory":false,"max_hp_per_floor":[68,68,68,68,68,68,68,68,68,68,68,68,68,68,68,68],"card_choices":[{"not_picked":["Perseverance","ForeignInfluence"],"picked":"EmptyMind","floor":1.0},{"not_picked":["SashWhip","JustLucky"],"picked":"Conclude","floor":2.0},{"not_picked":["FlyingSleeves","EmptyBody"],"picked":"FlurryOfBlows","floor":3.0},{"not_picked":["Prostrate","WreathOfFlame"],"picked":"ThirdEye","floor":5.0},{"not_picked":["MasterReality","FollowUp"],"picked":"CrushJoints","floor":6.0},{"not_picked":["FlyingSleeves","SashWhip"],"picked":"MentalFortress","floor":8.0},{"not_picked":["FollowUp","Evaluate","FlyingSleeves"],"picked":"SKIP","floor":11.0},{"not_picked":["ClearTheMind","WaveOfTheHand"],"picked":"InnerPeace","floor":14.0}],"player_experience":1104770,"relics_obtained":[{"floor":6.0,"key":"Blue Candle"},{"floor":9.0,"key":"Bottled Lightning"}],"event_choices":[{"damage_healed":0.0,"max_hp_gain":0.0,"max_hp_loss":0.0,"gold_gain":0.0,"event_name":"Dead Adventurer","player_choice":"Searched \u00271\u0027 times","floor":10.0,"gold_loss":0.0,"damage_taken":0.0,"relics_obtained":["Toy Ornithopter"]},{"damage_healed":0.0,"max_hp_gain":0.0,"max_hp_loss":0.0,"gold_gain":0.0,"event_name":"World of Goop","player_choice":"Left Gold","floor":13.0,"gold_loss":69.0,"damage_taken":0.0}],"is_beta":false,"boss_relics":[],"items_purged_floors":[12],"is_endless":false,"potions_floor_spawned":[1,3,4,5,14],"killed_by":"Hexaghost","ascension_level":20}