{"gold_per_floor":[119,119,137,156,156,156,191,191,191,191,30,56,68,68,68,141,141,156,174,23,23,33,33],"floor_reached":23,"playtime":746,"items_purged":["Defend_P"],"score":448,"play_id":"7415f6b1-7b9f-46f4-898d-5ee5a85465fa","local_time":"20220804003606","is_ascension_mode":true,"campfire_choices":[{"data":"Eruption","floor":6.0,"key":"SMITH"},{"data":"SandsOfTime","floor":8.0,"key":"SMITH"},{"data":"Wallop","floor":10.0,"key":"SMITH"},{"data":"EmptyMind","floor":15.0,"key":"SMITH"}],"neow_cost":"PERCENT_DAMAGE","seed_source_timestamp":83320106314300,"circlet_count":0,"master_deck":["AscendersBane","Strike_P","Strike_P","Strike_P","Strike_P","Defend_P","Eruption+1","Vigilance","Wallop+1","SandsOfTime+1","Protect+1","EmptyMind+1","Adaptation"],"special_seed":0,"relics":["PureWater","Blue Candle","Mercury Hourglass","TheAbacus","MealTicket","Runic Pyramid","Anchor"],"potions_floor_usage":[23],"damage_taken":[{"damage":2.0,"enemies":"Jaw Worm","floor":1.0,"turns":3.0},{"damage":0.0,"enemies":"2 Louse","floor":3.0,"turns":2.0},{"damage":0.0,"enemies":"Cultist","floor":4.0,"turns":2.0},{"damage":3.0,"enemies":"Lagavulin","floor":7.0,"turns":6.0},{"damage":0.0,"enemies":"3 Sentries","floor":12.0,"turns":7.0},{"damage":0.0,"enemies":"2 Fungi Beasts","floor":13.0,"turns":2.0},{"damage":3.0,"enemies":"The Guardian","floor":16.0,"turns":6.0},{"damage":4.0,"enemies":"Spheric Guardian","floor":18.0,"turns":5.0},{"damage":0.0,"enemies":"Chosen","floor":19.0,"turns":3.0},{"damage":6.0,"enemies":"Centurion and Healer","floor":22.0,"turns":6.0},{"damage":81,"enemies":"Slavers","floor":23,"turns":5}],"seed_played":"-2747055996406539371","potions_obtained":[{"floor":1.0,"key":"EssenceOfSteel"},{"floor":12.0,"key":"Ancient Potion"}],"is_trial":false,"path_per_floor":["M","?","M","M","?","R","E","R","T","R","$","E","M","?","R","B",null,"M","M","$","?","M","E"],"character_chosen":"WATCHER","items_purchased":["TheAbacus","Adaptation"],"campfire_rested":0,"item_purchase_floors":[11,20],"current_hp_per_floor":[41,46,46,46,46,46,43,43,43,43,43,43,43,43,43,40,65,61,61,73,73,67,0],"gold":33,"neow_bonus":"REMOVE_TWO","is_prod":false,"is_daily":false,"chose_seed":false,"campfire_upgraded":4,"win_rate":0,"timestamp":1659587766,"path_taken":["M","?","M","M","?","R","E","R","T","R","$","E","M","?","R","BOSS","M","?","$","?","M","E"],"build_version":"2022-03-07","purchased_purges":1,"victory":false,"max_hp_per_floor":[68,73,73,73,73,73,73,73,73,73,73,73,73,73,73,73,73,73,73,73,73,73,73],"card_choices":[{"not_picked":["LikeWater","EmptyBody"],"picked":"Wallop","floor":1.0},{"not_picked":["Evaluate","LikeWater"],"picked":"SandsOfTime","floor":3.0},{"not_picked":["ThirdEye","CrushJoints"],"picked":"Protect","floor":4.0},{"not_picked":["Collect","Halt"],"picked":"EmptyMind","floor":7.0},{"not_picked":["ThirdEye","Protect","PathToVictory"],"picked":"SKIP","floor":12.0},{"not_picked":["ThirdEye","Protect","PathToVictory"],"picked":"SKIP","floor":12.0},{"not_picked":["Sanctity","Consecrate","WindmillStrike"],"picked":"SKIP","floor":13.0},{"not_picked":["EmptyFist","FollowUp","ThirdEye"],"picked":"SKIP","floor":18.0},{"not_picked":["Swivel","SandsOfTime+1","WreathOfFlame"],"picked":"SKIP","floor":19.0},{"not_picked":["FlyingSleeves","FlurryOfBlows","JustLucky"],"picked":"SKIP","floor":22.0}],"player_experience":1107674,"relics_obtained":[{"floor":7.0,"key":"Blue Candle"},{"floor":9.0,"key":"Mercury Hourglass"},{"floor":12.0,"key":"MealTicket"}],"event_choices":[{"damage_healed":0.0,"max_hp_gain":5.0,"max_hp_loss":0.0,"gold_gain":0.0,"event_name":"Big Fish","player_choice":"Donut","floor":2.0,"gold_loss":0.0,"damage_taken":0.0},{"damage_healed":0.0,"max_hp_gain":0.0,"max_hp_loss":0.0,"gold_gain":0.0,"event_name":"Liars Game","player_choice":"Ignored","floor":5.0,"gold_loss":0.0,"damage_taken":0.0},{"damage_healed":0.0,"max_hp_gain":0.0,"max_hp_loss":0.0,"gold_gain":0.0,"event_name":"Upgrade Shrine","player_choice":"Upgraded","floor":14.0,"gold_loss":0.0,"damage_taken":0.0,"cards_upgraded":["Protect"]},{"damage_healed":0.0,"max_hp_gain":0.0,"max_hp_loss":0.0,"gold_gain":0.0,"event_name":"WeMeetAgain","player_choice":"Gave Potion","floor":21.0,"gold_loss":0.0,"damage_taken":0.0,"relics_obtained":["Anchor"]}],"is_beta":false,"boss_relics":[{"not_picked":["Runic Dome","Coffee Dripper"],"picked":"Runic Pyramid"}],"items_purged_floors":[20],"is_endless":false,"potions_floor_spawned":[1,12,13],"killed_by":"Slavers","ascension_level":20}