{"gold_per_floor":[118,128,146,146,166,166,191,75,128,159,96,138,163,185,197,282,294,319,256,268,280,292,304,17,49,72,72,92,92,124,135,135,206,206,221,221,115,128,138,138,164,177,223,241,252,305,305,325,325,325],"floor_reached":50,"playtime":3516,"items_purged":["Defend_P"],"score":1314,"play_id":"a4365e7d-5e73-4e0e-9fb1-1233a48f7ddf","local_time":"20220730032024","is_ascension_mode":true,"campfire_choices":[{"data":"EmptyFist","floor":6.0,"key":"SMITH"},{"data":"Adaptation","floor":15.0,"key":"SMITH"},{"data":"MentalFortress","floor":23.0,"key":"SMITH"},{"data":"MentalFortress","floor":27.0,"key":"SMITH"},{"data":"WindmillStrike","floor":32.0,"key":"SMITH"},{"data":"EmptyMind","floor":40.0,"key":"SMITH"},{"floor":49,"key":"RECALL"}],"neow_cost":"NONE","seed_source_timestamp":320719473117300,"circlet_count":0,"master_deck":["AscendersBane","Eruption+1","Vigilance","MentalFortress+1","FollowUp","EmptyFist+1","MentalFortress+1","Adaptation+1","Evaluate+1","WindmillStrike+1","Vault+1","WaveOfTheHand","Halt","EmptyMind+1","Vault"],"special_seed":0,"relics":["PureWater","Blue Candle","Centennial Puzzle","MawBank","Happy Flower","Empty Cage","TheAbacus","Ice Cream","War Paint","Anchor","Coffee Dripper","Dream Catcher","Bronze Scales","Torii"],"potions_floor_usage":[50],"damage_taken":[{"damage":0.0,"enemies":"2 Louse","floor":1.0,"turns":2.0},{"damage":2.0,"enemies":"Small Slimes","floor":2.0,"turns":4.0},{"damage":2.0,"enemies":"Jaw Worm","floor":3.0,"turns":4.0},{"damage":0.0,"enemies":"Looter","floor":5.0,"turns":2.0},{"damage":7.0,"enemies":"Lagavulin","floor":7.0,"turns":5.0},{"damage":8.0,"enemies":"Gremlin Nob","floor":10.0,"turns":3.0},{"damage":12.0,"enemies":"3 Sentries","floor":12.0,"turns":4.0},{"damage":0.0,"enemies":"3 Louse","floor":13.0,"turns":2.0},{"damage":11.0,"enemies":"Blue Slaver","floor":14.0,"turns":4.0},{"damage":4.0,"enemies":"The Guardian","floor":16.0,"turns":8.0},{"damage":12.0,"enemies":"2 Thieves","floor":18.0,"turns":3.0},{"damage":0.0,"enemies":"Gremlin Leader","floor":25.0,"turns":6.0},{"damage":2.0,"enemies":"Chosen","floor":28.0,"turns":6.0},{"damage":3.0,"enemies":"Slavers","floor":30.0,"turns":5.0},{"damage":0.0,"enemies":"Centurion and Healer","floor":31.0,"turns":4.0},{"damage":0.0,"enemies":"Champ","floor":33.0,"turns":21.0},{"damage":0.0,"enemies":"3 Shapes","floor":35.0,"turns":5.0},{"damage":2.0,"enemies":"3 Darklings","floor":38.0,"turns":6.0},{"damage":3.0,"enemies":"Transient","floor":39.0,"turns":8.0},{"damage":0.0,"enemies":"Reptomancer","floor":41.0,"turns":10.0},{"damage":0.0,"enemies":"Jaw Worm Horde","floor":42.0,"turns":7.0},{"damage":10.0,"enemies":"Writhing Mass","floor":44.0,"turns":8.0},{"damage":37.0,"enemies":"3 Darklings","floor":45.0,"turns":6.0},{"damage":0,"enemies":"2 Orb Walkers","floor":46,"turns":6},{"damage":0,"enemies":"Maw","floor":48,"turns":9},{"damage":27,"enemies":"Awakened One","floor":50,"turns":2}],"seed_played":"-7291631605133060551","potions_obtained":[{"floor":1.0,"key":"Weak Potion"},{"floor":5.0,"key":"SteroidPotion"},{"floor":7.0,"key":"Fire Potion"},{"floor":12.0,"key":"AttackPotion"},{"floor":16.0,"key":"BlessingOfTheForge"},{"floor":25.0,"key":"SpeedPotion"},{"floor":28.0,"key":"Swift Potion"},{"floor":35.0,"key":"PowerPotion"},{"floor":41.0,"key":"Fruit Juice"},{"floor":46,"key":"Dexterity Potion"}],"is_trial":false,"path_per_floor":["M","M","M","?","M","R","E","$","T","E","?","E","M","M","R","B",null,"M","?","?","?","$","R","$","E","T","R","M","T","E","M","R","B",null,"M","?","$","M","M","R","E","M","T","M","M","?","?","M","R","B"],"character_chosen":"WATCHER","items_purchased":["MentalFortress","TheAbacus","EmptyMind","AttackPotion","CultistPotion"],"campfire_rested":0,"item_purchase_floors":[8,24,24,24,37],"current_hp_per_floor":[61,59,57,57,57,57,50,50,50,42,42,30,30,19,19,15,55,43,43,43,43,43,43,43,43,43,43,41,41,38,38,38,38,61,61,61,61,59,56,56,56,56,56,46,14,14,14,14,14,0],"gold":325,"neow_bonus":"UPGRADE_CARD","is_prod":false,"is_daily":false,"chose_seed":false,"campfire_upgraded":6,"win_rate":0,"timestamp":1659165624,"path_taken":["M","M","M","?","M","R","E","$","T","E","?","E","M","M","R","BOSS","M","?","?","?","$","R","?","E","T","R","M","?","E","M","R","BOSS","M","?","$","M","M","R","E","M","T","M","M","?","?","M","R","BOSS"],"build_version":"2022-03-07","purchased_purges":1,"victory":false,"max_hp_per_floor":[68,68,68,68,68,68,68,68,68,68,68,68,68,68,68,68,68,68,68,68,68,68,68,68,68,68,68,68,68,68,68,68,68,68,68,68,68,68,68,68,68,68,68,68,73,73,69,69,69,69],"card_choices":[{"not_picked":["FlurryOfBlows","Perseverance"],"picked":"MentalFortress","floor":1.0},{"not_picked":["Study","Indignation"],"picked":"FollowUp","floor":2.0},{"not_picked":["FollowUp","Vengeance","CrushJoints"],"picked":"SKIP","floor":3.0},{"not_picked":["ClearTheMind","BowlingBash"],"picked":"EmptyFist","floor":5.0},{"not_picked":["ClearTheMind","Vengeance","Prostrate"],"picked":"SKIP","floor":7.0},{"not_picked":["Prostrate","Pray"],"picked":"Adaptation","floor":10.0},{"not_picked":["SandsOfTime","BowlingBash","Crescendo"],"picked":"SKIP","floor":12.0},{"not_picked":["Blasphemy","CutThroughFate"],"picked":"Evaluate","floor":13.0},{"not_picked":["FollowUp","Crescendo"],"picked":"WindmillStrike","floor":14.0},{"not_picked":["Blasphemy","Omniscience"],"picked":"Vault","floor":16.0},{"not_picked":["FollowUp","Collect","Vengeance"],"picked":"SKIP","floor":18.0},{"not_picked":["FollowUp","Collect","Vengeance"],"picked":"SKIP","floor":18.0},{"not_picked":["SandsOfTime","Evaluate+1","Consecrate"],"picked":"SKIP","floor":25.0},{"not_picked":["SandsOfTime","Evaluate+1","Consecrate"],"picked":"SKIP","floor":25.0},{"not_picked":["FlurryOfBlows","Consecrate","LessonLearned"],"picked":"SKIP","floor":28.0},{"not_picked":["Protect","EmptyFist","LikeWater"],"picked":"SKIP","floor":30.0},{"not_picked":["Crescendo","WindmillStrike+1","SashWhip"],"picked":"SKIP","floor":31.0},{"not_picked":["Omniscience","DevaForm"],"picked":"Vault","floor":33.0},{"not_picked":["ClearTheMind+1","Prostrate","WheelKick"],"picked":"SKIP","floor":35.0},{"not_picked":["Crescendo+1","BattleHymn","Fasting2"],"picked":"SKIP","floor":38.0},{"not_picked":["CrushJoints+1","ClearTheMind","FlurryOfBlows"],"picked":"SKIP","floor":39.0},{"not_picked":["Vengeance","ClearTheMind","PathToVictory"],"picked":"SKIP","floor":41.0},{"not_picked":["Blasphemy","Wallop+1","FlurryOfBlows"],"picked":"SKIP","floor":42.0},{"not_picked":["DeceiveReality","CutThroughFate","FollowUp+1"],"picked":"SKIP","floor":44.0},{"not_picked":["EmptyMind","FlurryOfBlows","ReachHeaven"],"picked":"SKIP","floor":45.0},{"not_picked":["Fasting2","EmptyFist","FollowUp"],"picked":"SKIP","floor":48}],"player_experience":1099923,"relics_obtained":[{"floor":7.0,"key":"Blue Candle"},{"floor":9.0,"key":"Centennial Puzzle"},{"floor":10.0,"key":"MawBank"},{"floor":12.0,"key":"Happy Flower"},{"floor":25.0,"key":"Ice Cream"},{"floor":26.0,"key":"War Paint"},{"floor":30.0,"key":"Anchor"},{"floor":41.0,"key":"Dream Catcher"},{"floor":43.0,"key":"Bronze Scales"},{"floor":46,"key":"Torii"}],"event_choices":[{"cards_removed":["Defend_P"],"damage_healed":0.0,"max_hp_gain":0.0,"max_hp_loss":0.0,"gold_gain":0.0,"event_name":"Living Wall","player_choice":"Forget","floor":4.0,"gold_loss":0.0,"damage_taken":0.0},{"cards_removed":["Defend_P"],"damage_healed":0.0,"max_hp_gain":0.0,"max_hp_loss":0.0,"gold_gain":0.0,"event_name":"The Cleric","player_choice":"Card Removal","floor":11.0,"gold_loss":75.0,"damage_taken":0.0},{"cards_removed":["Strike_P"],"damage_healed":0.0,"max_hp_gain":0.0,"max_hp_loss":0.0,"gold_gain":0.0,"event_name":"Beggar","player_choice":"Gave Gold","floor":19.0,"gold_loss":75.0,"damage_taken":0.0},{"damage_healed":0.0,"max_hp_gain":0.0,"max_hp_loss":0.0,"gold_gain":0.0,"cards_transformed":["Strike_P","Strike_P"],"event_name":"Drug Dealer","player_choice":"Became Test Subject","floor":20.0,"gold_loss":0.0,"damage_taken":0.0,"cards_obtained":["WaveOfTheHand","Halt"]},{"damage_healed":0.0,"max_hp_gain":0.0,"max_hp_loss":0.0,"gold_gain":0.0,"event_name":"Vampires","player_choice":"Ignored","floor":21.0,"gold_loss":0.0,"damage_taken":0.0},{"damage_healed":0.0,"max_hp_gain":0.0,"max_hp_loss":0.0,"gold_gain":0.0,"event_name":"Tomb of Lord Red Mask","player_choice":"Ignored","floor":36.0,"gold_loss":0.0,"damage_taken":0.0},{"damage_healed":0,"gold_gain":0,"player_choice":"Fight","damage_taken":0,"max_hp_gain":0,"max_hp_loss":0,"event_name":"Mysterious Sphere","floor":46,"gold_loss":0},{"damage_healed":0,"gold_gain":0,"player_choice":"Max HP","damage_taken":0,"max_hp_gain":0,"max_hp_loss":4,"event_name":"Winding Halls","floor":47,"gold_loss":0}],"is_beta":false,"boss_relics":[{"not_picked":["Philosopher\u0027s Stone","Runic Dome"],"picked":"Empty Cage"},{"not_picked":["Snecko Eye","Cursed Key"],"picked":"Coffee Dripper"}],"items_purged_floors":[8],"is_endless":false,"potions_floor_spawned":[1,5,7,12,16,25,28,35,41,46],"killed_by":"Awakened One","ascension_level":20}