{"gold_per_floor":[114,131,56,74,94,121,121,137,137,200,218,233,233,253,253,325,325,345,360,372,406,406,406,431,431,431,513,533,533,544,57,57,57],"floor_reached":33,"playtime":1483,"items_purged":["Decay"],"score":642,"play_id":"7b8c3d1f-177f-4b0d-b446-e3e171e679e6","local_time":"20220730021123","is_ascension_mode":true,"campfire_choices":[{"data":"EmptyFist","floor":7.0,"key":"SMITH"},{"floor":15,"key":"REST"},{"floor":23,"key":"REST"},{"floor":25,"key":"REST"},{"floor":29,"key":"REST"},{"floor":32,"key":"REST"}],"neow_cost":"NONE","seed_source_timestamp":318682221889600,"circlet_count":0,"master_deck":["AscendersBane","Strike_P","Strike_P","Strike_P","Strike_P","Defend_P","Eruption","Vigilance","Consecrate","InnerPeace","Tantrum","EmptyFist+1","FlurryOfBlows","ForeignInfluence+1","CutThroughFate+1","Wireheading+1","TalkToTheHand"],"special_seed":0,"relics":["PureWater","NeowsBlessing","Torii","Lizard Tail","Frozen Egg 2","Astrolabe","Red Mask","CaptainsWheel","Ornamental Fan","Toolbox","Nunchaku"],"potions_floor_usage":[10,10,14,16,20,21,33],"damage_taken":[{"damage":0.0,"enemies":"Cultist","floor":1.0,"turns":1.0},{"damage":0.0,"enemies":"Small Slimes","floor":2.0,"turns":1.0},{"damage":0.0,"enemies":"Jaw Worm","floor":4.0,"turns":1.0},{"damage":8.0,"enemies":"2 Fungi Beasts","floor":5.0,"turns":3.0},{"damage":10.0,"enemies":"3 Sentries","floor":6.0,"turns":4.0},{"damage":0.0,"enemies":"Looter","floor":8.0,"turns":1.0},{"damage":100,"enemies":"Lagavulin Event","floor":10,"turns":7},{"damage":14,"enemies":"Exordium Wildlife","floor":11,"turns":4},{"damage":0,"enemies":"Large Slime","floor":12,"turns":3},{"damage":0,"enemies":"2 Fungi Beasts","floor":14,"turns":2},{"damage":0,"enemies":"Slime Boss","floor":16,"turns":6},{"damage":22,"enemies":"Shell Parasite","floor":18,"turns":3},{"damage":0,"enemies":"Chosen","floor":19,"turns":2},{"damage":10,"enemies":"Centurion and Healer","floor":20,"turns":4},{"damage":0,"enemies":"Masked Bandits","floor":21,"turns":2},{"damage":39,"enemies":"Slavers","floor":24,"turns":4},{"damage":14,"enemies":"Snake Plant","floor":28,"turns":4},{"damage":0,"enemies":"Cultist and Chosen","floor":30,"turns":4},{"damage":88,"enemies":"Automaton","floor":33,"turns":6}],"seed_played":"-7040366867994859826","potions_obtained":[{"floor":1.0,"key":"Weak Potion"},{"floor":2.0,"key":"Ambrosia"},{"floor":6.0,"key":"GamblersBrew"},{"floor":11,"key":"DuplicationPotion"},{"floor":13,"key":"Explosive Potion"},{"floor":18,"key":"PowerPotion"},{"floor":19,"key":"EssenceOfSteel"},{"floor":28,"key":"AttackPotion"}],"is_trial":false,"path_per_floor":["M","M","$","M","M","E","R","M","T","?","M","M","?","M","R","B",null,"M","M","M","?","?","R","E","R","T","T","M","R","M","$","R","B"],"character_chosen":"WATCHER","items_purchased":["Tantrum","Toolbox","Nunchaku","TalkToTheHand"],"campfire_rested":5,"item_purchase_floors":[3,31,31,31],"current_hp_per_floor":[61,61,61,61,53,43,43,43,43,16,2,2,2,2,22,22,57,35,35,25,25,25,45,6,26,26,26,12,32,32,32,52,0],"gold":57,"neow_bonus":"THREE_ENEMY_KILL","is_prod":false,"is_daily":false,"chose_seed":false,"campfire_upgraded":1,"win_rate":0,"timestamp":1659161483,"path_taken":["M","M","$","?","M","E","R","?","T","?","M","M","?","?","R","BOSS","M","M","?","?","?","R","E","R","T","?","M","R","M","$","R","BOSS"],"build_version":"2022-03-07","purchased_purges":1,"victory":false,"max_hp_per_floor":[68,68,68,68,68,68,68,68,68,68,68,68,68,68,68,68,68,68,68,68,68,68,68,68,68,68,68,68,68,68,68,68,68],"card_choices":[{"not_picked":["BattleHymn","Worship"],"picked":"Consecrate","floor":1.0},{"not_picked":["JustLucky","FollowUp"],"picked":"InnerPeace","floor":2.0},{"not_picked":["Weave","Consecrate","SashWhip"],"picked":"SKIP","floor":4.0},{"not_picked":["SashWhip","Prostrate","Wallop"],"picked":"SKIP","floor":5.0},{"not_picked":["Vengeance","PathToVictory"],"picked":"EmptyFist","floor":6.0},{"not_picked":["CrushJoints","Worship","ThirdEye"],"picked":"SKIP","floor":8.0},{"not_picked":["ClearTheMind","CrushJoints"],"picked":"FlurryOfBlows","floor":10},{"not_picked":["Evaluate","FlurryOfBlows","FlyingSleeves"],"picked":"SKIP","floor":11},{"not_picked":["Sanctity","Protect","SignatureMove"],"picked":"SKIP","floor":12},{"not_picked":["WheelKick","Study+1","Wireheading+1"],"picked":"SKIP","floor":14},{"not_picked":["Protect","EmptyFist","Perseverance"],"picked":"SKIP","floor":18},{"not_picked":["FlyingSleeves","CutThroughFate","Weave"],"picked":"SKIP","floor":19},{"not_picked":["Swivel","Perseverance","FlyingSleeves"],"picked":"SKIP","floor":20},{"not_picked":["SandsOfTime","ClearTheMind","SashWhip"],"picked":"SKIP","floor":24},{"not_picked":["SashWhip+1","Fasting2+1","Devotion+1"],"picked":"SKIP","floor":28},{"not_picked":["FollowUp","Conclude","Swivel"],"picked":"SKIP","floor":30}],"player_experience":1098440,"relics_obtained":[{"floor":6.0,"key":"Torii"},{"floor":9.0,"key":"Lizard Tail"},{"floor":10,"key":"Frozen Egg 2"},{"floor":21,"key":"Red Mask"},{"floor":24,"key":"CaptainsWheel"},{"floor":27,"key":"Ornamental Fan"}],"event_choices":[{"damage_healed":0,"gold_gain":30,"player_choice":"Searched \u00272\u0027 times","damage_taken":0,"max_hp_gain":0,"max_hp_loss":0,"event_name":"Dead Adventurer","floor":10,"gold_loss":0},{"damage_healed":0,"gold_gain":0,"player_choice":"Got Potions","damage_taken":0,"max_hp_gain":0,"max_hp_loss":0,"event_name":"Lab","floor":13,"gold_loss":0},{"damage_healed":0,"gold_gain":0,"player_choice":"Fought Bandits","damage_taken":0,"max_hp_gain":0,"max_hp_loss":0,"event_name":"Masked Bandits","floor":21,"gold_loss":0},{"damage_healed":0,"gold_gain":0,"player_choice":"Smashed Altar","damage_taken":0,"max_hp_gain":0,"max_hp_loss":0,"event_name":"Forgotten Altar","floor":22,"gold_loss":0,"cards_obtained":["Decay"]}],"is_beta":false,"boss_relics":[{"not_picked":["Calling Bell","SacredBark"],"picked":"Astrolabe"}],"items_purged_floors":[31],"is_endless":false,"potions_floor_spawned":[1,2,6,11,18,19,28],"killed_by":"Automaton","ascension_level":20}