{"gold_per_floor":[111,131,141,141,141,179,179,220,220,263,263,288,304,67,67,157,157,182,206,206,54,75,75],"floor_reached":23,"playtime":866,"items_purged":["Strike_P"],"score":422,"play_id":"ca651328-3fcc-44f5-bf6f-36880af326c2","local_time":"20220730033458","is_ascension_mode":true,"campfire_choices":[{"data":"Eruption","floor":7,"key":"SMITH"},{"data":"Fasting2","floor":11,"key":"SMITH"},{"data":"Adaptation","floor":15,"key":"SMITH"}],"neow_cost":"NONE","seed_source_timestamp":324335269073700,"circlet_count":0,"master_deck":["AscendersBane","Strike_P","Strike_P","Strike_P","Defend_P","Defend_P","Eruption+1","Vigilance","FlurryOfBlows","TalkToTheHand","Fasting2+1","CarveReality","CutThroughFate","Adaptation+1","Vault","InnerPeace","Evaluate"],"relics":["PureWater","Golden Idol","Pen Nib","Lizard Tail","Mercury Hourglass","Singing Bowl","Bag of Preparation","SlaversCollar"],"potions_floor_usage":[8,10,16,18,23,23],"damage_taken":[{"damage":2,"enemies":"Small Slimes","floor":1,"turns":2},{"damage":0,"enemies":"Cultist","floor":2,"turns":3},{"damage":3,"enemies":"2 Louse","floor":3,"turns":3},{"damage":26,"enemies":"Gremlin Nob","floor":6,"turns":4},{"damage":12,"enemies":"Lagavulin","floor":8,"turns":7},{"damage":33,"enemies":"3 Sentries","floor":10,"turns":7},{"damage":0,"enemies":"Exordium Wildlife","floor":12,"turns":1},{"damage":0,"enemies":"3 Louse","floor":13,"turns":1},{"damage":18,"enemies":"Hexaghost","floor":16,"turns":5},{"damage":19,"enemies":"3 Byrds","floor":18,"turns":5},{"damage":0,"enemies":"Chosen","floor":19,"turns":3},{"damage":3,"enemies":"Centurion and Healer","floor":22,"turns":5},{"damage":40,"enemies":"Book of Stabbing","floor":23,"turns":5}],"seed_played":"1296753510425504653","potions_obtained":[{"floor":2,"key":"CultistPotion"},{"floor":6,"key":"Ancient Potion"},{"floor":8,"key":"EssenceOfSteel"},{"floor":12,"key":"GamblersBrew"},{"floor":16,"key":"PowerPotion"},{"floor":18,"key":"Dexterity Potion"}],"is_trial":false,"path_per_floor":["M","M","M","?","?","E","R","E","T","E","R","M","M","$","R","B",null,"M","M","T","$","M","E"],"character_chosen":"WATCHER","items_purchased":["Adaptation","Bag of Preparation","InnerPeace"],"campfire_rested":0,"item_purchase_floors":[14,14,21],"current_hp_per_floor":[59,59,56,56,56,30,30,18,18,31,31,31,33,33,33,15,52,35,37,37,37,34,0],"gold":75,"neow_bonus":"REMOVE_CARD","is_prod":false,"is_daily":false,"chose_seed":false,"campfire_upgraded":3,"win_rate":0,"timestamp":1659166498,"path_taken":["M","M","M","?","?","E","R","E","T","E","R","M","M","$","R","BOSS","M","M","?","$","M","E"],"build_version":"2022-03-07","purchased_purges":1,"victory":false,"max_hp_per_floor":[68,68,68,62,62,62,62,62,62,62,62,62,64,64,64,64,64,66,68,68,68,68,68],"card_choices":[{"not_picked":["Consecrate","JustLucky"],"picked":"FlurryOfBlows","floor":1},{"not_picked":["Consecrate","Crescendo","BowlingBash"],"picked":"SKIP","floor":2},{"not_picked":["Consecrate","Protect"],"picked":"TalkToTheHand","floor":3},{"not_picked":["DeusExMachina","WaveOfTheHand"],"picked":"Fasting2","floor":6},{"not_picked":["Devotion","FlyingSleeves"],"picked":"CarveReality","floor":10},{"not_picked":["Crescendo","WindmillStrike"],"picked":"CutThroughFate","floor":12},{"not_picked":["Nirvana","CarveReality","Worship"],"picked":"Singing Bowl","floor":13},{"not_picked":["SpiritShield","DeusExMachina"],"picked":"Vault","floor":16},{"not_picked":["Evaluate","Indignation","WaveOfTheHand+1"],"picked":"Singing Bowl","floor":18},{"not_picked":["Indignation","WreathOfFlame+1","CutThroughFate"],"picked":"Singing Bowl","floor":19},{"not_picked":["EmptyBody","CutThroughFate"],"picked":"Evaluate","floor":22}],"player_experience":1103439,"relics_obtained":[{"floor":6,"key":"Pen Nib"},{"floor":8,"key":"Lizard Tail"},{"floor":9,"key":"Mercury Hourglass"},{"floor":10,"key":"Singing Bowl"}],"event_choices":[{"damage_healed":0,"gold_gain":0,"player_choice":"Lose Max HP","damage_taken":0,"relics_obtained":["Golden Idol"],"max_hp_gain":0,"max_hp_loss":6,"event_name":"Golden Idol","floor":4,"gold_loss":0},{"cards_removed":["Defend_P"],"damage_healed":0,"gold_gain":0,"player_choice":"Purged","damage_taken":0,"max_hp_gain":0,"max_hp_loss":0,"event_name":"Purifier","floor":5,"gold_loss":0}],"is_beta":false,"boss_relics":[{"not_picked":["HolyWater","SacredBark"],"picked":"SlaversCollar"}],"items_purged_floors":[21],"is_endless":false,"potions_floor_spawned":[2,6,8,12,16,18,22],"killed_by":"Book of Stabbing","ascension_level":20}