{"gold_per_floor":[113,113,123,143,156,156,189,29,29,63,81,81,81,107,107,179,179,192,35,35,46,46,46,79,79,79,108,108,120,120,131,131,203,253,263,6,6,22,36,36,70,80,105,105],"floor_reached":44,"playtime":1712,"items_purged":["Defend_P","Defend_P"],"score":1242,"play_id":"78ed295b-6fe8-4c9b-9498-a911088d2bda","local_time":"20220805023304","is_ascension_mode":true,"campfire_choices":[{"data":"EmptyFist","floor":6,"key":"SMITH"},{"data":"Meditate","floor":13,"key":"SMITH"},{"data":"SashWhip","floor":15,"key":"SMITH"},{"data":"Adaptation","floor":23,"key":"SMITH"},{"floor":25,"key":"REST"},{"floor":28,"key":"REST"},{"floor":32,"key":"REST"},{"floor":40,"key":"REST"}],"neow_cost":"NONE","seed_source_timestamp":175850996268900,"circlet_count":0,"master_deck":["AscendersBane","Strike_P+1","Strike_P","Eruption+1","Vigilance","CutThroughFate+1","FollowUp+1","EmptyFist+1","Meditate+1","Halt","SashWhip+1","BowlingBash+1","Adaptation+1","Tantrum+1","MentalFortress","TalkToTheHand+1","Scrawl","InnerPeace","Purity","Madness"],"relics":["PureWater","StrikeDummy","Question Card","Dream Catcher","Molten Egg 2","Empty Cage","Blood Vial","Pantograph","Tiny House","Medical Kit","HornCleat","Whetstone"],"potions_floor_usage":[7,21,24,33,35],"damage_taken":[{"damage":0,"enemies":"Jaw Worm","floor":1,"turns":3},{"damage":0,"enemies":"Cultist","floor":3,"turns":2},{"damage":0,"enemies":"2 Louse","floor":4,"turns":2},{"damage":1,"enemies":"2 Fungi Beasts","floor":5,"turns":2},{"damage":0,"enemies":"3 Sentries","floor":7,"turns":2},{"damage":0,"enemies":"Gremlin Nob","floor":10,"turns":2},{"damage":0,"enemies":"3 Louse","floor":11,"turns":1},{"damage":0,"enemies":"Lagavulin","floor":14,"turns":4},{"damage":0,"enemies":"Slime Boss","floor":16,"turns":3},{"damage":20,"enemies":"Shell Parasite","floor":18,"turns":3},{"damage":0,"enemies":"Chosen","floor":21,"turns":3},{"damage":44,"enemies":"Gremlin Leader","floor":24,"turns":5},{"damage":18,"enemies":"Book of Stabbing","floor":27,"turns":3},{"damage":0,"enemies":"Sentry and Sphere","floor":29,"turns":2},{"damage":15,"enemies":"Centurion and Healer","floor":31,"turns":3},{"damage":17,"enemies":"Collector","floor":33,"turns":5},{"damage":0,"enemies":"3 Darklings","floor":35,"turns":2},{"damage":26,"enemies":"3 Shapes","floor":38,"turns":7},{"damage":5,"enemies":"Spire Growth","floor":39,"turns":4},{"damage":2,"enemies":"Nemesis","floor":41,"turns":5},{"damage":3,"enemies":"3 Darklings","floor":42,"turns":3},{"damage":65,"enemies":"Reptomancer","floor":44,"turns":4}],"seed_played":"8262494350440979466","potions_obtained":[{"floor":1,"key":"AttackPotion"},{"floor":5,"key":"bronze:BurnAndBuffPotion"},{"floor":10,"key":"Block Potion"},{"floor":14,"key":"Fruit Juice"},{"floor":21,"key":"EssenceOfSteel"},{"floor":29,"key":"Ancient Potion"},{"floor":34,"key":"Energy Potion"}],"is_trial":false,"path_per_floor":["M","?","M","M","M","R","E","$","T","E","M","?","R","E","R","B",null,"M","$","?","M","?","R","E","R","T","E","R","M","?","M","R","B",null,"M","$","?","M","M","R","E","M","T","E"],"character_chosen":"WATCHER","items_purchased":["StancePotion","Adaptation","Tantrum+1","Medical Kit"],"campfire_rested":4,"item_purchase_floors":[8,19,19,36],"current_hp_per_floor":[61,61,61,61,60,60,60,60,60,60,60,60,60,60,60,60,66,46,46,46,51,51,51,7,28,28,12,33,35,35,22,43,53,73,75,75,65,41,38,61,61,60,60,0],"gold":105,"neow_bonus":"UPGRADE_CARD","is_prod":false,"is_daily":false,"chose_seed":false,"campfire_upgraded":4,"win_rate":0,"timestamp":1659681184,"path_taken":["M","?","M","M","?","R","E","$","T","E","M","?","R","E","R","BOSS","M","$","?","M","?","R","E","R","T","E","R","M","?","M","R","BOSS","M","$","?","M","M","R","E","M","T","E"],"build_version":"2022-03-07","purchased_purges":2,"victory":false,"max_hp_per_floor":[68,68,68,68,68,68,68,68,68,68,68,68,68,68,68,68,68,68,68,68,73,73,73,73,73,73,73,73,73,73,73,73,73,78,78,78,78,78,78,78,78,78,78,78],"relic_stats":{"Blood Vial":20,"Dream Catcher":4,"counters":[22,70],"Pantograph":25,"Whetstone":["Strike_P","FollowUp"],"PureWater":[16],"Question Card":24,"Medical Kit":[6],"obtain_stats":[{"Blood Vial":24,"Dream Catcher":10,"Tiny House":34,"HornCleat":41,"Pantograph":27,"Molten Egg 2":14,"Whetstone":43,"PureWater":0,"StrikeDummy":7,"Question Card":9,"Empty Cage":17,"Medical Kit":36},{"Blood Vial":12,"Dream Catcher":6,"Tiny House":16,"HornCleat":20,"Pantograph":13,"Molten Egg 2":8,"Whetstone":21,"PureWater":0,"StrikeDummy":5,"Question Card":5,"Empty Cage":9,"Medical Kit":17},{"Blood Vial":32,"Dream Catcher":13,"Tiny House":45,"HornCleat":63,"Pantograph":35,"Molten Egg 2":18,"Whetstone":66,"PureWater":0,"StrikeDummy":11,"Question Card":11,"Empty Cage":21,"Medical Kit":47}]},"card_choices":[{"not_picked":["Nirvana","Study"],"picked":"CutThroughFate","floor":1},{"not_picked":["Halt","SashWhip","Protect"],"picked":"SKIP","floor":3},{"not_picked":["PathToVictory","ReachHeaven"],"picked":"FollowUp","floor":4},{"not_picked":["FollowUp","Evaluate"],"picked":"EmptyFist","floor":5},{"not_picked":["ClearTheMind","BattleHymn","ThirdEye"],"picked":"SKIP","floor":7},{"not_picked":["ThirdEye","ReachHeaven","BattleHymn"],"picked":"Meditate","floor":10},{"not_picked":["CrushJoints","BowlingBash","JustLucky"],"picked":"Halt","floor":11},{"not_picked":["Swivel","Wireheading","Study","SashWhip+1"],"picked":"SKIP","floor":14},{"not_picked":["Wallop+1","FollowUp+1","PathToVictory+1"],"picked":"BowlingBash+1","floor":18},{"not_picked":["PathToVictory","FollowUp+1","Crescendo","Judgement"],"picked":"SKIP","floor":21},{"not_picked":["CutThroughFate+1","Prostrate","PathToVictory","Consecrate+1"],"picked":"SKIP","floor":24},{"not_picked":["Halt+1","ClearTheMind","MasterReality","PathToVictory"],"picked":"SKIP","floor":27},{"not_picked":["Protect","CutThroughFate+1","FlyingSleeves+1"],"picked":"MentalFortress","floor":29},{"not_picked":["EmptyBody","ThirdEye","Brilliance+1","Halt+1"],"picked":"SKIP","floor":31},{"not_picked":["ThirdEye","FlurryOfBlows+1","Wallop+1"],"picked":"TalkToTheHand+1","floor":32},{"not_picked":["Omniscience","Wish","MasterReality"],"picked":"Scrawl","floor":33},{"not_picked":["CrushJoints+1","FlurryOfBlows+1","EmptyBody"],"picked":"InnerPeace","floor":34},{"not_picked":["Halt","Pray","Vengeance","BattleHymn+1"],"picked":"SKIP","floor":35},{"not_picked":["Madness","Bandage Up","Enlightenment"],"picked":"Purity","floor":37},{"not_picked":["Dramatic Entrance+1","Finesse","Dark Shackles"],"picked":"Madness","floor":37},{"not_picked":["CutThroughFate+1","InnerPeace","ThirdEye","Worship"],"picked":"SKIP","floor":38},{"not_picked":["Protect+1","Halt","ThirdEye","Prostrate"],"picked":"SKIP","floor":39},{"not_picked":["Ragnarok+1","CrushJoints+1","Worship+1","SashWhip+1"],"picked":"SKIP","floor":41},{"not_picked":["Meditate+1","EmptyBody+1","Wallop+1","SashWhip+1"],"picked":"SKIP","floor":42}],"player_experience":1269424,"relics_obtained":[{"floor":7,"key":"StrikeDummy"},{"floor":9,"key":"Question Card"},{"floor":10,"key":"Dream Catcher"},{"floor":14,"key":"Molten Egg 2"},{"floor":24,"key":"Blood Vial"},{"floor":27,"key":"Pantograph"},{"floor":41,"key":"HornCleat"},{"floor":43,"key":"Whetstone"}],"event_choices":[{"cards_removed":["Defend_P"],"damage_healed":0,"gold_gain":0,"player_choice":"Offered Basic","damage_taken":0,"max_hp_gain":0,"max_hp_loss":0,"event_name":"Bonfire Elementals","floor":2,"gold_loss":0},{"damage_healed":0,"gold_gain":0,"cards_transformed":["Defend_P"],"player_choice":"Change","damage_taken":0,"max_hp_gain":0,"max_hp_loss":0,"event_name":"Living Wall","floor":12,"gold_loss":0,"cards_obtained":["SashWhip"]},{"damage_healed":0,"gold_gain":0,"player_choice":"Ignored","damage_taken":0,"max_hp_gain":0,"max_hp_loss":0,"event_name":"Cursed Tome","floor":20,"gold_loss":0},{"damage_healed":0,"gold_gain":0,"player_choice":"Ignored","damage_taken":0,"max_hp_gain":0,"max_hp_loss":0,"event_name":"Ghosts","floor":22,"gold_loss":0},{"damage_healed":0,"gold_gain":0,"player_choice":"Ignored","damage_taken":0,"max_hp_gain":0,"max_hp_loss":0,"event_name":"Vampires","floor":30,"gold_loss":0},{"damage_healed":0,"gold_gain":0,"player_choice":"Memory 3","damage_taken":10,"max_hp_gain":0,"max_hp_loss":0,"event_name":"SensoryStone","floor":37,"gold_loss":0}],"is_beta":false,"boss_relics":[{"not_picked":["Runic Dome","Calling Bell"],"picked":"Empty Cage"},{"not_picked":["SacredBark","Busted Crown"],"picked":"Tiny House"}],"items_purged_floors":[8,36],"is_endless":false,"potions_floor_spawned":[1,5,10,11,14,21,29],"killed_by":"Reptomancer","ascension_level":20}