{"gold_per_floor":[217,367,367,193,211,211,255,255,255,284,302,287,287],"floor_reached":13,"playtime":561,"items_purged":["Doubt"],"score":166,"play_id":"9321667f-f0fe-4150-977d-08b253079db7","local_time":"20220803235644","is_ascension_mode":true,"campfire_choices":[{"data":"Eruption","floor":6.0,"key":"SMITH"},{"data":"FollowUp","floor":8.0,"key":"SMITH"}],"neow_cost":"NONE","seed_source_timestamp":81210458325400,"circlet_count":0,"master_deck":["AscendersBane","Strike_P","Strike_P","Strike_P","Strike_P","Defend_P","Defend_P","Defend_P","Defend_P","Eruption+1","Vigilance","TalkToTheHand","FollowUp+1","Consecrate"],"special_seed":0,"relics":["PureWater","Golden Idol","Kunai","Odd Mushroom"],"potions_floor_usage":[10],"damage_taken":[{"damage":5.0,"enemies":"Small Slimes","floor":1.0,"turns":4.0},{"damage":0.0,"enemies":"2 Louse","floor":5.0,"turns":5.0},{"damage":27.0,"enemies":"Gremlin Nob","floor":7.0,"turns":4.0},{"damage":5,"enemies":"The Mushroom Lair","floor":10,"turns":3},{"damage":0,"enemies":"Jaw Worm","floor":11,"turns":3},{"damage":16,"enemies":"Exordium Thugs","floor":12,"turns":7},{"damage":22,"enemies":"Lagavulin","floor":13,"turns":4}],"seed_played":"-1511379824793662505","potions_obtained":[{"floor":5.0,"key":"Explosive Potion"},{"floor":7.0,"key":"Strength Potion"}],"is_trial":false,"path_per_floor":["M","?","?","$","M","R","E","R","T","?","M","M","E"],"character_chosen":"WATCHER","items_purchased":["TalkToTheHand","Strength Potion"],"campfire_rested":0,"item_purchase_floors":[4,4],"current_hp_per_floor":[56,56,56,56,56,56,29,29,29,24,24,8,0],"gold":287,"neow_bonus":"HUNDRED_GOLD","is_prod":false,"is_daily":false,"chose_seed":false,"campfire_upgraded":2,"win_rate":0,"timestamp":1659585404,"path_taken":["M","?","?","$","M","R","E","R","T","?","?","M","E"],"build_version":"2022-03-07","purchased_purges":1,"victory":false,"max_hp_per_floor":[68,68,62,62,62,62,62,62,62,62,62,62,62],"card_choices":[{"not_picked":["CrushJoints","WaveOfTheHand","EmptyBody"],"picked":"SKIP","floor":1.0},{"not_picked":["Prostrate","PathToVictory","Protect"],"picked":"SKIP","floor":5.0},{"not_picked":["SpiritShield","ReachHeaven"],"picked":"FollowUp","floor":7.0},{"not_picked":["SashWhip","ThirdEye","Crescendo"],"picked":"SKIP","floor":11},{"not_picked":["JustLucky","ClearTheMind"],"picked":"Consecrate","floor":12}],"player_experience":1105648,"relics_obtained":[{"floor":7.0,"key":"Kunai"},{"floor":10,"key":"Odd Mushroom"}],"event_choices":[{"damage_healed":0.0,"max_hp_gain":0.0,"max_hp_loss":0.0,"gold_gain":150.0,"event_name":"Liars Game","player_choice":"AGREE","floor":2.0,"gold_loss":0.0,"damage_taken":0.0,"cards_obtained":["Doubt"]},{"damage_healed":0.0,"max_hp_gain":0.0,"max_hp_loss":6.0,"gold_gain":0.0,"event_name":"Golden Idol","player_choice":"Lose Max HP","floor":3.0,"gold_loss":0.0,"damage_taken":0.0,"relics_obtained":["Golden Idol"]},{"damage_healed":0,"gold_gain":0,"player_choice":"Fought Mushrooms","damage_taken":0,"max_hp_gain":0,"max_hp_loss":0,"event_name":"Mushrooms","floor":10,"gold_loss":0}],"is_beta":false,"boss_relics":[],"items_purged_floors":[4],"is_endless":false,"potions_floor_spawned":[5,7],"killed_by":"Lagavulin","ascension_level":20}