{"gold_per_floor":[114,126,51,51,66,66,94,151,151,184,184,184,197,197,197,197],"floor_reached":16,"playtime":490,"items_purged":["Defend_P"],"score":216,"play_id":"6046aa36-67f9-458e-a943-9cfc46a6154e","local_time":"20220804012703","is_ascension_mode":true,"campfire_choices":[{"data":"Omniscience","floor":6,"key":"SMITH"},{"data":"Eruption","floor":11,"key":"SMITH"},{"data":"Vigilance","floor":15,"key":"SMITH"}],"neow_cost":"NONE","seed_source_timestamp":86712076421900,"circlet_count":0,"master_deck":["AscendersBane","Strike_P","Strike_P","Strike_P","Strike_P","Defend_P","Defend_P","Eruption+1","Vigilance+1","Omniscience+1","FlurryOfBlows","ReachHeaven","Conclude","Evaluate","EmptyBody"],"relics":["PureWater","Thread and Needle","Bird Faced Urn","Sundial","Golden Idol"],"potions_floor_usage":[10],"damage_taken":[{"damage":7,"enemies":"Jaw Worm","floor":1,"turns":4},{"damage":8,"enemies":"Small Slimes","floor":2,"turns":4},{"damage":2,"enemies":"2 Louse","floor":5,"turns":3},{"damage":30,"enemies":"Lagavulin","floor":7,"turns":4},{"damage":1,"enemies":"Gremlin Nob","floor":10,"turns":3},{"damage":0,"enemies":"2 Fungi Beasts","floor":13,"turns":2},{"damage":17,"enemies":"Hexaghost","floor":16,"turns":8}],"seed_played":"1772275492802287857","potions_obtained":[{"floor":7,"key":"ColorlessPotion"},{"floor":13,"key":"Dexterity Potion"}],"is_trial":false,"path_per_floor":["M","M","$","?","M","R","E","?","T","E","R","?","M","?","R","B"],"character_chosen":"WATCHER","items_purchased":[],"campfire_rested":0,"item_purchase_floors":[],"current_hp_per_floor":[54,46,46,46,44,44,14,14,14,15,15,15,15,15,15,0],"gold":197,"neow_bonus":"TRANSFORM_CARD","is_prod":false,"is_daily":false,"chose_seed":false,"campfire_upgraded":3,"win_rate":0,"timestamp":1659590823,"path_taken":["M","M","$","?","M","R","E","?","T","E","R","?","M","?","R","BOSS"],"build_version":"2022-03-07","purchased_purges":1,"victory":false,"max_hp_per_floor":[68,68,68,68,68,68,68,68,68,68,68,68,68,62,62,62],"card_choices":[{"not_picked":["Prostrate","BowlingBash"],"picked":"FlurryOfBlows","floor":1},{"not_picked":["JustLucky","Consecrate"],"picked":"ReachHeaven","floor":2},{"not_picked":["Prostrate","MentalFortress"],"picked":"Conclude","floor":5},{"not_picked":["Halt","Brilliance"],"picked":"Evaluate","floor":7},{"not_picked":["ThirdEye","CrushJoints","EmptyFist"],"picked":"SKIP","floor":10},{"not_picked":["ThirdEye","CrushJoints","EmptyFist"],"picked":"SKIP","floor":10},{"not_picked":["ThirdEye","CrushJoints","EmptyFist"],"picked":"SKIP","floor":10},{"not_picked":["ThirdEye","Protect"],"picked":"EmptyBody","floor":13}],"player_experience":1110674,"relics_obtained":[{"floor":7,"key":"Thread and Needle"},{"floor":9,"key":"Bird Faced Urn"},{"floor":10,"key":"Sundial"}],"event_choices":[{"damage_healed":0,"gold_gain":0,"player_choice":"Leave","damage_taken":0,"max_hp_gain":0,"max_hp_loss":0,"event_name":"The Cleric","floor":4,"gold_loss":0},{"damage_healed":0,"gold_gain":57,"player_choice":"Gained Gold","damage_taken":0,"max_hp_gain":0,"max_hp_loss":0,"event_name":"Golden Wing","floor":8,"gold_loss":0},{"damage_healed":0,"gold_gain":0,"player_choice":"Ignored","damage_taken":0,"max_hp_gain":0,"max_hp_loss":0,"event_name":"Liars Game","floor":12,"gold_loss":0},{"damage_healed":0,"gold_gain":0,"player_choice":"Lose Max HP","damage_taken":0,"relics_obtained":["Golden Idol"],"max_hp_gain":0,"max_hp_loss":6,"event_name":"Golden Idol","floor":14,"gold_loss":0}],"is_beta":false,"boss_relics":[],"items_purged_floors":[3],"is_endless":false,"potions_floor_spawned":[7,13],"killed_by":"Hexaghost","ascension_level":20}