{"gold_per_floor":[116,116,131,131,131,171,171,204,228,228,267,286,327,340,340,433,433,454,454,473,315,328,328,62,83,83,208,208,226,246,88,88,184,184,209,229,229,104,119,152,152,195,195,195,213,213,63,86,86,86,86],"floor_reached":51,"playtime":3457,"items_purged":["Strike_P","Strike_P","Eruption","Strike_P"],"score":1620,"play_id":"d6aebdbc-3939-4a9a-bcda-ad39411b20bd","local_time":"20220812040814","is_ascension_mode":true,"campfire_choices":[{"data":"Alpha","floor":7.0,"key":"SMITH"},{"data":"Scrawl","floor":10.0,"key":"SMITH"},{"data":"EmptyMind","floor":15.0,"key":"SMITH"},{"data":"Omniscience","floor":23.0,"key":"SMITH"},{"floor":28.0,"key":"REST"},{"data":"WaveOfTheHand","floor":32.0,"key":"SMITH"},{"floor":41.0,"key":"REST"},{"floor":49.0,"key":"RECALL"}],"neow_cost":"NONE","seed_source_timestamp":82921600676900,"circlet_count":0,"master_deck":["AscendersBane","Strike_P","Defend_P","Defend_P","Defend_P","Defend_P","Vigilance+1","Alpha+1","JustLucky+1","ThirdEye","Scrawl+1","EmptyMind+1","Omniscience+1","JustLucky+1","Prostrate+1","WaveOfTheHand+1","Omniscience+1","Prostrate+1","InnerPeace+1","MentalFortress+1","Master of Strategy","Madness","Omniscience","Prostrate+1","Madness+1","Madness+1"],"special_seed":0,"relics":["PureWater","Golden Idol","Bag of Marbles","Bird Faced Urn","Akabeko","MealTicket","Prayer Wheel","Runic Pyramid","Medical Kit","Unceasing Top","DollysMirror","SlaversCollar","Centennial Puzzle","Toxic Egg 2","Gremlin Horn"],"potions_floor_usage":[51,51],"damage_taken":[{"damage":0.0,"enemies":"Cultist","floor":1.0,"turns":3.0},{"damage":2.0,"enemies":"2 Louse","floor":3.0,"turns":3.0},{"damage":13.0,"enemies":"3 Sentries","floor":6.0,"turns":4.0},{"damage":7.0,"enemies":"Lagavulin","floor":8.0,"turns":5.0},{"damage":0.0,"enemies":"Gremlin Nob","floor":11.0,"turns":3.0},{"damage":0.0,"enemies":"Small Slimes","floor":12.0,"turns":3.0},{"damage":1.0,"enemies":"Lagavulin","floor":13.0,"turns":4.0},{"damage":1.0,"enemies":"Looter","floor":14.0,"turns":2.0},{"damage":0.0,"enemies":"Slime Boss","floor":16.0,"turns":5.0},{"damage":14.0,"enemies":"Spheric Guardian","floor":18.0,"turns":5.0},{"damage":6.0,"enemies":"3 Byrds","floor":20.0,"turns":3.0},{"damage":20.0,"enemies":"Sentry and Sphere","floor":22.0,"turns":4.0},{"damage":14.0,"enemies":"Cultist and Chosen","floor":25.0,"turns":4.0},{"damage":15.0,"enemies":"Colosseum Slavers","floor":27.0,"turns":3.0},{"damage":0.0,"enemies":"Colosseum Nobs","floor":27.0,"turns":2.0},{"damage":6.0,"enemies":"Snake Plant","floor":29.0,"turns":4.0},{"damage":0.0,"enemies":"Sentry and Sphere","floor":30.0,"turns":2.0},{"damage":27.0,"enemies":"Automaton","floor":33.0,"turns":6.0},{"damage":7.0,"enemies":"3 Shapes","floor":35.0,"turns":3.0},{"damage":41.0,"enemies":"Orb Walker","floor":36.0,"turns":6.0},{"damage":0.0,"enemies":"Spire Growth","floor":39.0,"turns":3.0},{"damage":19.0,"enemies":"Reptomancer","floor":40.0,"turns":3.0},{"damage":0.0,"enemies":"Giant Head","floor":42.0,"turns":6.0},{"damage":29.0,"enemies":"Transient","floor":45.0,"turns":6.0},{"damage":8.0,"enemies":"Writhing Mass","floor":48.0,"turns":4.0},{"damage":12.0,"enemies":"Awakened One","floor":50.0,"turns":9.0},{"damage":29,"enemies":"Time Eater","floor":51,"turns":6}],"seed_played":"-5806570184178749204","potions_obtained":[{"floor":3.0,"key":"Block Potion"},{"floor":8.0,"key":"SneckoOil"},{"floor":13.0,"key":"LiquidBronze"},{"floor":16.0,"key":"FairyPotion"},{"floor":18.0,"key":"Fruit Juice"},{"floor":20.0,"key":"LiquidMemories"},{"floor":25.0,"key":"DistilledChaos"},{"floor":27.0,"key":"BlessingOfTheForge"},{"floor":35.0,"key":"DuplicationPotion"}],"is_trial":false,"path_per_floor":["M","?","M","?","?","E","R","E","T","R","E","M","E","M","R","B",null,"M","?","M","$","M","R","$","M","T","?","R","M","M","$","R","B",null,"M","M","?","$","M","E","R","E","T","?","M","?","$","M","R","B","B"],"character_chosen":"WATCHER","items_purchased":["GamblersBrew","Medical Kit","DollysMirror"],"campfire_rested":2,"item_purchase_floors":[21,24,31],"current_hp_per_floor":[61,66,64,64,44,31,31,24,24,24,26,28,29,30,30,32,58,46,46,44,64,46,46,61,49,49,40,61,59,63,71,71,48,65,62,23,13,28,36,23,44,52,52,52,29,16,31,27,27,21,0],"gold":86,"neow_bonus":"ONE_RANDOM_RARE_CARD","is_prod":false,"is_daily":false,"chose_seed":false,"campfire_upgraded":5,"win_rate":0,"timestamp":1660291694,"path_taken":["M","?","M","?","?","E","R","E","T","R","E","M","E","M","R","BOSS","M","?","M","$","M","R","$","M","T","?","R","M","M","$","R","BOSS","M","M","?","$","M","E","R","E","T","?","M","?","?","M","R","BOSS","BOSS"],"build_version":"2022-03-07","purchased_purges":4,"victory":false,"max_hp_per_floor":[68,73,73,66,66,66,66,66,66,66,66,66,66,66,66,66,66,66,66,66,71,71,71,71,71,71,71,71,71,71,71,71,71,71,71,71,71,71,71,71,71,71,71,71,71,71,71,71,71,71,71],"relic_stats":{"Centennial Puzzle":[12],"Gremlin Horn":[3,3],"counters":[27,111],"Golden Idol":179,"Bird Faced Urn":[90],"MealTicket":68,"Prayer Wheel":12,"PureWater":[25],"Medical Kit":[3],"obtain_stats":[{"Gremlin Horn":43,"Golden Idol":4,"Medical Kit":24,"Akabeko":9,"SlaversCollar":34,"Centennial Puzzle":40,"DollysMirror":31,"Bird Faced Urn":8,"MealTicket":11,"Prayer Wheel":13,"Bag of Marbles":6,"PureWater":0,"Toxic Egg 2":42,"Unceasing Top":27,"Runic Pyramid":17},{"Gremlin Horn":23,"Golden Idol":2,"Medical Kit":12,"Akabeko":4,"SlaversCollar":18,"Centennial Puzzle":22,"DollysMirror":17,"Bird Faced Urn":4,"MealTicket":5,"Prayer Wheel":7,"Bag of Marbles":3,"PureWater":0,"Toxic Egg 2":23,"Unceasing Top":15,"Runic Pyramid":9},{"Gremlin Horn":86,"Golden Idol":6,"Medical Kit":44,"Akabeko":15,"SlaversCollar":65,"Centennial Puzzle":80,"DollysMirror":59,"Bird Faced Urn":15,"MealTicket":18,"Prayer Wheel":25,"Bag of Marbles":10,"PureWater":0,"Toxic Egg 2":86,"Unceasing Top":53,"Runic Pyramid":32}],"Unceasing Top":[2]},"card_choices":[{"not_picked":["ForeignInfluence","WindmillStrike"],"picked":"JustLucky","floor":1.0},{"not_picked":["CarveReality","Crescendo"],"picked":"ThirdEye","floor":3.0},{"not_picked":["Vault","Protect"],"picked":"Scrawl","floor":6.0},{"not_picked":["Crescendo","Sanctity","BowlingBash"],"picked":"SKIP","floor":8.0},{"not_picked":["JustLucky","Nirvana","FollowUp"],"picked":"SKIP","floor":11.0},{"not_picked":["Vengeance","EmptyBody","EmptyFist"],"picked":"SKIP","floor":12.0},{"not_picked":["ReachHeaven","SashWhip","EmptyBody"],"picked":"SKIP","floor":13.0},{"not_picked":["EmptyBody","SashWhip"],"picked":"EmptyMind","floor":14.0},{"not_picked":["Prostrate","WaveOfTheHand","EmptyFist"],"picked":"SKIP","floor":14.0},{"not_picked":["Devotion","Ragnarok"],"picked":"Omniscience","floor":16.0},{"not_picked":["Prostrate","CutThroughFate","SashWhip"],"picked":"SKIP","floor":18.0},{"not_picked":["WreathOfFlame+1","Crescendo","BattleHymn"],"picked":"SKIP","floor":18.0},{"not_picked":["Swivel","Pray"],"picked":"JustLucky+1","floor":20.0},{"not_picked":["EmptyFist","Prostrate","CrushJoints"],"picked":"SKIP","floor":20.0},{"not_picked":["EmptyFist","FlurryOfBlows+1"],"picked":"Prostrate+1","floor":22.0},{"not_picked":["CarveReality+1","Prostrate","Halt"],"picked":"SKIP","floor":22.0},{"not_picked":["Tantrum","LessonLearned","FollowUp"],"picked":"SKIP","floor":25.0},{"not_picked":["ThirdEye","EmptyFist","TalkToTheHand+1"],"picked":"SKIP","floor":25.0},{"not_picked":["Tantrum","LessonLearned","FollowUp"],"picked":"SKIP","floor":25.0},{"not_picked":["ThirdEye","EmptyFist","TalkToTheHand+1"],"picked":"SKIP","floor":25.0},{"not_picked":["PathToVictory","EmptyFist","Conclude"],"picked":"SKIP","floor":29.0},{"not_picked":["FlyingSleeves","SandsOfTime+1","CrushJoints"],"picked":"SKIP","floor":29.0},{"not_picked":["FlurryOfBlows","WreathOfFlame"],"picked":"WaveOfTheHand","floor":30.0},{"not_picked":["Protect","FollowUp+1","Evaluate"],"picked":"SKIP","floor":30.0},{"not_picked":["Consecrate+1","EmptyBody+1"],"picked":"Prostrate+1","floor":35.0},{"not_picked":["Prostrate","Protect","Conclude"],"picked":"SKIP","floor":35.0},{"not_picked":["SignatureMove","EmptyFist"],"picked":"InnerPeace+1","floor":36.0},{"not_picked":["Scrawl","Prostrate"],"picked":"MentalFortress+1","floor":36.0},{"not_picked":["Metamorphosis","Thinking Ahead"],"picked":"Master of Strategy","floor":37.0},{"not_picked":["Purity","Panacea"],"picked":"Madness","floor":37.0},{"not_picked":["Evaluate","FlyingSleeves","FlurryOfBlows+1"],"picked":"SKIP","floor":39.0},{"not_picked":["EmptyFist","ClearTheMind","CrushJoints"],"picked":"SKIP","floor":39.0},{"not_picked":["FlurryOfBlows","Protect"],"picked":"Omniscience","floor":40.0},{"not_picked":["EmptyBody+1","Scrawl+1","Protect+1"],"picked":"SKIP","floor":42.0},{"not_picked":["FlyingSleeves","Halt+1"],"picked":"Prostrate+1","floor":45.0},{"not_picked":["FlurryOfBlows","BowlingBash","InnerPeace+1"],"picked":"SKIP","floor":45.0},{"not_picked":["Wireheading","BowlingBash","Brilliance"],"picked":"SKIP","floor":48.0},{"not_picked":["Worship+1","Crescendo+1","Tantrum+1"],"picked":"SKIP","floor":48.0}],"player_experience":1125578,"relics_obtained":[{"floor":6.0,"key":"Bag of Marbles"},{"floor":8.0,"key":"Bird Faced Urn"},{"floor":9.0,"key":"Akabeko"},{"floor":11.0,"key":"MealTicket"},{"floor":13.0,"key":"Prayer Wheel"},{"floor":27.0,"key":"Unceasing Top"},{"floor":40.0,"key":"Centennial Puzzle"},{"floor":42.0,"key":"Toxic Egg 2"},{"floor":43.0,"key":"Gremlin Horn"}],"event_choices":[{"damage_healed":0.0,"max_hp_gain":5.0,"max_hp_loss":0.0,"gold_gain":0.0,"event_name":"Big Fish","player_choice":"Donut","floor":2.0,"gold_loss":0.0,"damage_taken":0.0},{"damage_healed":0.0,"max_hp_gain":0.0,"max_hp_loss":7.0,"gold_gain":0.0,"event_name":"Golden Idol","player_choice":"Lose Max HP","floor":4.0,"gold_loss":0.0,"damage_taken":0.0,"relics_obtained":["Golden Idol"]},{"damage_healed":0.0,"max_hp_gain":0.0,"max_hp_loss":0.0,"gold_gain":0.0,"event_name":"Shining Light","player_choice":"Entered Light","floor":5.0,"gold_loss":0.0,"damage_taken":20.0,"cards_upgraded":["Vigilance","JustLucky"]},{"damage_healed":0.0,"max_hp_gain":0.0,"max_hp_loss":0.0,"gold_gain":0.0,"event_name":"Colosseum","player_choice":"Fight","floor":27.0,"gold_loss":0.0,"damage_taken":0.0},{"damage_healed":0.0,"max_hp_gain":0.0,"max_hp_loss":0.0,"gold_gain":0.0,"event_name":"Colosseum","player_choice":"Fought Nobs","floor":27.0,"gold_loss":0.0,"damage_taken":0.0},{"damage_healed":0.0,"max_hp_gain":0.0,"max_hp_loss":0.0,"gold_gain":0.0,"event_name":"SensoryStone","player_choice":"Memory 3","floor":37.0,"gold_loss":0.0,"damage_taken":10.0},{"damage_healed":0.0,"max_hp_gain":0.0,"max_hp_loss":0.0,"gold_gain":0.0,"event_name":"Tomb of Lord Red Mask","player_choice":"Ignored","floor":44.0,"gold_loss":0.0,"damage_taken":0.0},{"damage_healed":0.0,"max_hp_gain":0.0,"max_hp_loss":0.0,"gold_gain":0.0,"event_name":"Winding Halls","player_choice":"Embrace Madness","floor":46.0,"gold_loss":0.0,"damage_taken":13.0,"cards_obtained":["Madness","Madness"]}],"is_beta":false,"boss_relics":[{"not_picked":["Sozu","Black Star"],"picked":"Runic Pyramid"},{"not_picked":["Tiny House","Snecko Eye"],"picked":"SlaversCollar"}],"items_purged_floors":[21,24,38,47],"is_endless":false,"potions_floor_spawned":[3,8,13,14,16,18,20,25,27,29,35,36,40],"killed_by":"Time Eater","ascension_level":20}