{"gold_per_floor":[119,119,136,436,436,436,451,482,482,482,482],"floor_reached":11,"playtime":458,"items_purged":[],"score":142,"play_id":"f0639914-a1bb-4ab8-a56c-1d37a80cff92","local_time":"20220812030810","is_ascension_mode":true,"campfire_choices":[{"floor":6,"key":"REST"},{"data":"EmptyFist","floor":10,"key":"SMITH"}],"neow_cost":"NONE","seed_source_timestamp":82429426053800,"circlet_count":0,"master_deck":["AscendersBane","Strike_P","Strike_P","Strike_P","Strike_P","Defend_P","Defend_P","Defend_P","Eruption","Vigilance","Nirvana","EmptyFist+1"],"relics":["PureWater","Old Coin","The Courier","Anchor"],"potions_floor_usage":[8,11],"damage_taken":[{"damage":9,"enemies":"2 Louse","floor":1,"turns":4},{"damage":12,"enemies":"Small Slimes","floor":3,"turns":6},{"damage":2,"enemies":"Jaw Worm","floor":7,"turns":6},{"damage":32,"enemies":"3 Sentries","floor":8,"turns":10},{"damage":8,"enemies":"Lots of Slimes","floor":11,"turns":2}],"seed_played":"6906048890000916765","potions_obtained":[{"floor":7,"key":"Explosive Potion"},{"floor":8,"key":"Fire Potion"}],"is_trial":false,"path_per_floor":["M","?","M","?","T","R","M","E","T","R","M"],"character_chosen":"WATCHER","items_purchased":[],"campfire_rested":1,"item_purchase_floors":[],"current_hp_per_floor":[52,52,40,22,22,42,40,8,8,8,0],"gold":482,"neow_bonus":"TRANSFORM_CARD","is_prod":false,"is_daily":false,"chose_seed":false,"campfire_upgraded":1,"win_rate":0,"timestamp":1660288090,"path_taken":["M","?","M","?","?","R","M","E","T","R","M"],"build_version":"2022-03-07","purchased_purges":0,"victory":false,"max_hp_per_floor":[68,68,68,68,68,68,68,68,68,68,68],"relic_stats":{"counters":[5,28],"The Courier":0,"PureWater":[5],"obtain_stats":[{"Anchor":8,"The Courier":5,"PureWater":0,"Old Coin":4},{"Anchor":4,"The Courier":2,"PureWater":0,"Old Coin":2},{"Anchor":26,"The Courier":10,"PureWater":0,"Old Coin":10}]},"card_choices":[{"not_picked":["Crescendo","BowlingBash","Prostrate"],"picked":"SKIP","floor":1},{"not_picked":["ThirdEye","BattleHymn","Protect"],"picked":"SKIP","floor":3},{"not_picked":["Conclude","Halt"],"picked":"EmptyFist","floor":7},{"not_picked":["PathToVictory","ForeignInfluence","Halt"],"picked":"SKIP","floor":8}],"player_experience":1125120,"relics_obtained":[{"floor":5,"key":"The Courier"},{"floor":8,"key":"Anchor"}],"event_choices":[{"damage_healed":0,"gold_gain":0,"player_choice":"Ignored","damage_taken":0,"max_hp_gain":0,"max_hp_loss":0,"event_name":"Liars Game","floor":2,"gold_loss":0},{"damage_healed":0,"gold_gain":0,"player_choice":"Success","damage_taken":18,"relics_obtained":["Old Coin"],"max_hp_gain":0,"max_hp_loss":0,"event_name":"Scrap Ooze","floor":4,"gold_loss":0}],"is_beta":false,"boss_relics":[],"items_purged_floors":[],"is_endless":false,"potions_floor_spawned":[7,8],"killed_by":"Lots of Slimes","ascension_level":20}