{"gold_per_floor":[119,119,44,59,59,59,71,98,178,178,7,7,36,49,49,120,120,135,50,68,68,84,118,118,143,143,173,73,87,99,129,129,206,206,225,225,239,1238,1238,1267,1267,1286,1313,876,876,588,601,601,601,601,601,601,601,269,302,302],"floor_reached":57,"playtime":3138,"items_purged":["Defend_P","Strike_P","Strike_P","Strike_P+1","FlurryOfBlows+1"],"score":3182,"play_id":"dc69d220-c152-44cb-a1fd-186b90d566bd","local_time":"20220812193652","is_ascension_mode":true,"campfire_choices":[{"data":"FlurryOfBlows","floor":6.0,"key":"SMITH"},{"data":"Vault","floor":10,"key":"SMITH"},{"data":"Vigilance","floor":15,"key":"SMITH"},{"data":"TalkToTheHand","floor":24,"key":"SMITH"},{"floor":32,"key":"REST"},{"floor":41,"key":"REST"},{"floor":49,"key":"RECALL"},{"data":"TalkToTheHand","floor":53,"key":"SMITH"}],"neow_cost":"NONE","seed_source_timestamp":139024455986699,"circlet_count":0,"master_deck":["AscendersBane","Vigilance+1","FearNoEvil","Vault+1","TalkToTheHand+1","Tantrum+1","MentalFortress+1","WaveOfTheHand","TalkToTheHand+1","Adaptation"],"special_seed":0,"relics":["PureWater","Omamori","StrikeDummy","TheAbacus","MealTicket","Empty Cage","Regal Pillow","Whetstone","Potion Belt","Letter Opener","Anchor","Gambling Chip","SacredBark","White Beast Statue","HornCleat","Lantern","Membership Card","Mango","FossilizedHelix"],"potions_floor_usage":[8,18,20,30,33,40,40,50,50,55,56,56,56],"damage_taken":[{"damage":7.0,"enemies":"Small Slimes","floor":1.0,"turns":4.0},{"damage":0.0,"enemies":"Cultist","floor":4.0,"turns":2.0},{"damage":0.0,"enemies":"Jaw Worm","floor":7.0,"turns":1.0},{"damage":0,"enemies":"3 Sentries","floor":8,"turns":2},{"damage":0,"enemies":"Lagavulin","floor":13,"turns":3},{"damage":0,"enemies":"2 Fungi Beasts","floor":14,"turns":2},{"damage":0,"enemies":"Slime Boss","floor":16,"turns":5},{"damage":0,"enemies":"2 Thieves","floor":18,"turns":3},{"damage":0,"enemies":"3 Byrds","floor":20,"turns":3},{"damage":5,"enemies":"Centurion and Healer","floor":22,"turns":4},{"damage":20,"enemies":"Slavers","floor":23,"turns":4},{"damage":18,"enemies":"Gremlin Leader","floor":25,"turns":4},{"damage":2,"enemies":"Book of Stabbing","floor":27,"turns":3},{"damage":0,"enemies":"Snake Plant","floor":29,"turns":3},{"damage":9,"enemies":"Shelled Parasite and Fungi","floor":30,"turns":3},{"damage":0,"enemies":"Gremlin Leader","floor":31,"turns":3},{"damage":26,"enemies":"Automaton","floor":33,"turns":6},{"damage":7,"enemies":"3 Shapes","floor":35,"turns":4},{"damage":0,"enemies":"Orb Walker","floor":37,"turns":2},{"damage":35,"enemies":"Reptomancer","floor":40,"turns":8},{"damage":0,"enemies":"Sphere and 2 Shapes","floor":42,"turns":4},{"damage":0,"enemies":"Jaw Worm Horde","floor":47,"turns":4},{"damage":99,"enemies":"Time Eater","floor":50,"turns":17},{"damage":16,"enemies":"Awakened One","floor":51,"turns":10},{"damage":0,"enemies":"Shield and Spear","floor":55,"turns":3},{"damage":0,"enemies":"The Heart","floor":56,"turns":9}],"seed_played":"8348717157639929195","potions_obtained":[{"floor":7.0,"key":"ColorlessPotion"},{"floor":13,"key":"Block Potion"},{"floor":16,"key":"ColorlessPotion"},{"floor":25,"key":"Energy Potion"},{"floor":27,"key":"Strength Potion"},{"floor":29,"key":"Fruit Juice"},{"floor":30,"key":"Regen Potion"},{"floor":33,"key":"FearPotion"},{"floor":37,"key":"FearPotion"},{"floor":40,"key":"SkillPotion"},{"floor":42,"key":"SkillPotion"},{"floor":55,"key":"Block Potion"}],"is_trial":false,"path_per_floor":["M","?","$","M","?","R","M","E","T","R","$","?","E","M","R","B",null,"M","?","M","$","M","E","R","E","T","E","$","M","M","E","R","B",null,"M","T","M","?","?","E","R","M","T","$","?","$","M","?","R","B","B",null,"R","$","E","B",null],"character_chosen":"WATCHER","items_purchased":["TheAbacus","TalkToTheHand","Lantern","Strength Potion","Membership Card","Adaptation","Mango","Regen Potion","LiquidMemories"],"campfire_rested":2,"item_purchase_floors":[11,44,44,44,46,46,54,54,54],"current_hp_per_floor":[54,54,54,54,54,54,54,54,54,54,54,54,54,54,54,54,65,65,65,65,68,63,43,43,25,25,23,38,38,34,34,70,44,66,59,59,59,59,59,24,60,60,60,73,63,73,73,73,73,29,13,58,58,87,87,87],"gold":302,"neow_bonus":"REMOVE_CARD","is_prod":false,"is_daily":false,"chose_seed":false,"campfire_upgraded":5,"win_rate":0,"timestamp":1660347412,"path_taken":["M","?","?","?","?","R","M","E","T","R","?","?","E","M","R","BOSS","M","?","M","?","M","E","R","E","T","E","$","?","M","E","R","BOSS","M","?","?","?","?","E","R","M","T","$","?","?","M","?","R","BOSS","BOSS","R","$","E","BOSS"],"build_version":"2022-03-07","purchased_purges":5,"victory":true,"max_hp_per_floor":[68,68,68,68,68,68,68,68,68,68,68,68,68,68,68,68,68,68,68,68,68,68,68,68,68,68,68,68,68,73,73,73,73,73,73,73,73,73,73,73,73,73,73,73,73,73,73,73,73,73,73,73,73,87,87,87],"relic_stats":{"Regal Pillow":30,"counters":[26,116],"Omamori":2,"Whetstone":["Tantrum","Strike_P"],"Letter Opener":[10],"White Beast Statue":[0.0,0.0,0.0,0.4,0.0,0.6000000000000001,0.0,0.0,0.0,0.0,0.0,2.4],"TheAbacus":[528],"Gambling Chip":[18],"MealTicket":56,"Membership Card":449,"PureWater":[22],"obtain_stats":[{"Potion Belt":25,"Regal Pillow":19,"Lantern":44,"SacredBark":34,"Mango":54,"Omamori":8,"Whetstone":23,"Letter Opener":26,"Empty Cage":17,"White Beast Statue":36,"Anchor":27,"TheAbacus":11,"HornCleat":40,"Gambling Chip":31,"MealTicket":13,"Membership Card":46,"PureWater":0,"StrikeDummy":9,"FossilizedHelix":55},{"Potion Belt":12,"Regal Pillow":8,"Lantern":21,"SacredBark":17,"Mango":24,"Omamori":4,"Whetstone":11,"Letter Opener":12,"Empty Cage":7,"White Beast Statue":18,"Anchor":13,"TheAbacus":4,"HornCleat":20,"Gambling Chip":16,"MealTicket":5,"Membership Card":21,"PureWater":0,"StrikeDummy":4,"FossilizedHelix":25},{"Potion Belt":37,"Regal Pillow":22,"Lantern":73,"SacredBark":55,"Mango":104,"Omamori":9,"Whetstone":33,"Letter Opener":37,"Empty Cage":19,"White Beast Statue":59,"Anchor":40,"TheAbacus":9,"HornCleat":69,"Gambling Chip":49,"MealTicket":12,"Membership Card":73,"PureWater":0,"StrikeDummy":9,"FossilizedHelix":107}],"FossilizedHelix":[20]},"card_choices":[{"not_picked":["EmptyFist","Evaluate"],"picked":"FearNoEvil","floor":1.0},{"not_picked":["PathToVictory","Pray"],"picked":"FlurryOfBlows","floor":4.0},{"not_picked":["DevaForm","Halt","ClearTheMind"],"picked":"SKIP","floor":7.0},{"not_picked":["CarveReality","ClearTheMind"],"picked":"Vault","floor":8},{"not_picked":["Protect","Prostrate","Conclude"],"picked":"SKIP","floor":13},{"not_picked":["FlyingSleeves","Consecrate"],"picked":"TalkToTheHand","floor":14},{"not_picked":["Nirvana","Sanctity","Crescendo"],"picked":"SKIP","floor":18},{"not_picked":["PathToVictory","FlurryOfBlows","Protect"],"picked":"SKIP","floor":20},{"not_picked":["Wallop","EmptyFist+1"],"picked":"Tantrum","floor":22},{"not_picked":["EmptyFist","Protect","Wireheading"],"picked":"SKIP","floor":23},{"not_picked":["BowlingBash","Perseverance","FlyingSleeves+1"],"picked":"SKIP","floor":25},{"not_picked":["CrushJoints","Perseverance","CutThroughFate"],"picked":"SKIP","floor":27},{"not_picked":["Evaluate","Weave","Conclude"],"picked":"SKIP","floor":29},{"not_picked":["TalkToTheHand+1","FlurryOfBlows"],"picked":"MentalFortress+1","floor":30},{"not_picked":["ClearTheMind","Wallop","Consecrate"],"picked":"SKIP","floor":31},{"not_picked":["ClearTheMind","Wallop","Consecrate"],"picked":"SKIP","floor":31},{"not_picked":["Halt","Crescendo","Nirvana+1"],"picked":"SKIP","floor":35},{"not_picked":["FearNoEvil","Crescendo"],"picked":"WaveOfTheHand","floor":37},{"not_picked":["Swivel","Conclude","Prostrate"],"picked":"SKIP","floor":40},{"not_picked":["FlyingSleeves+1","ClearTheMind+1","EmptyBody"],"picked":"SKIP","floor":42},{"not_picked":["WreathOfFlame","CrushJoints","Protect+1"],"picked":"SKIP","floor":47},{"not_picked":["FlyingSleeves","FollowUp","PathToVictory+1"],"picked":"SKIP","floor":55}],"player_experience":1284645,"relics_obtained":[{"floor":8,"key":"Omamori"},{"floor":9,"key":"StrikeDummy"},{"floor":13,"key":"MealTicket"},{"floor":23,"key":"Whetstone"},{"floor":25,"key":"Potion Belt"},{"floor":26,"key":"Letter Opener"},{"floor":27,"key":"Anchor"},{"floor":31,"key":"Gambling Chip"},{"floor":36,"key":"White Beast Statue"},{"floor":40,"key":"HornCleat"},{"floor":55,"key":"FossilizedHelix"}],"event_choices":[{"damage_healed":0.0,"max_hp_gain":0.0,"max_hp_loss":0.0,"gold_gain":0.0,"event_name":"Accursed Blacksmith","player_choice":"Forge","floor":2.0,"gold_loss":0.0,"damage_taken":0.0,"cards_upgraded":["Eruption"]},{"cards_removed":["Defend_P"],"damage_healed":0.0,"max_hp_gain":0.0,"max_hp_loss":0.0,"gold_gain":0.0,"event_name":"Living Wall","player_choice":"Forget","floor":5.0,"gold_loss":0.0,"damage_taken":0.0},{"damage_healed":0,"gold_gain":0,"player_choice":"Ignored","damage_taken":0,"max_hp_gain":0,"max_hp_loss":0,"event_name":"Liars Game","floor":12,"gold_loss":0},{"damage_healed":0,"gold_gain":0,"player_choice":"Obtained Relic","damage_taken":0,"relics_obtained":["Regal Pillow"],"max_hp_gain":0,"max_hp_loss":0,"event_name":"Addict","floor":19,"gold_loss":85},{"damage_healed":0,"gold_gain":999,"player_choice":"Gold","damage_taken":0,"max_hp_gain":0,"max_hp_loss":0,"event_name":"MindBloom","floor":38,"gold_loss":0,"cards_obtained":["Normality","Normality"]},{"damage_healed":0,"gold_gain":0,"player_choice":"Ignored","damage_taken":0,"max_hp_gain":0,"max_hp_loss":0,"event_name":"Tomb of Lord Red Mask","floor":39,"gold_loss":0},{"damage_healed":0,"gold_gain":0,"player_choice":"Memory 3","damage_taken":10,"max_hp_gain":0,"max_hp_loss":0,"event_name":"SensoryStone","floor":45,"gold_loss":0},{"cards_removed":["Eruption"],"damage_healed":0,"gold_gain":0,"player_choice":"Removed Attack","damage_taken":0,"max_hp_gain":0,"max_hp_loss":0,"event_name":"Falling","floor":48,"gold_loss":0}],"is_beta":false,"boss_relics":[{"not_picked":["Coffee Dripper","Runic Dome"],"picked":"Empty Cage"},{"not_picked":["Pandora\u0027s Box","Sozu"],"picked":"SacredBark"}],"items_purged_floors":[3,28,44,46,54],"is_endless":false,"potions_floor_spawned":[7,13,16,25,27,29,30,33,37,40,42,47,55],"ascension_level":20}