{"gold_per_floor":[119,119,133,149,167,167,202,202,202,237,252,59,91,105,105,184,184,194,206,63,80,80,107,107,122,175,175],"floor_reached":27,"playtime":2412,"items_purged":["Defend_P","Strike_P"],"score":710,"play_id":"77c35a1f-f99a-4bbb-b28d-21fa7d58cfbf","local_time":"20220812182707","is_ascension_mode":true,"campfire_choices":[{"data":"Conclude","floor":6.0,"key":"SMITH"},{"data":"Eruption","floor":8.0,"key":"SMITH"},{"data":"Tantrum","floor":15,"key":"SMITH"},{"data":"Adaptation","floor":24,"key":"SMITH"}],"neow_cost":"NONE","seed_source_timestamp":135525790253100,"circlet_count":0,"master_deck":["AscendersBane","Strike_P","Strike_P+1","Strike_P","Eruption+1","Vigilance","WreathOfFlame","Halt","Conclude+1","FearNoEvil+1","Adaptation+1","Tantrum+1","Ragnarok","MasterReality+1","WreathOfFlame+1","ThirdEye+1","TalkToTheHand","ClearTheMind"],"special_seed":0,"relics":["PureWater","Strawberry","FossilizedHelix","Letter Opener","Gambling Chip","Ornamental Fan","Astrolabe","Blue Candle","Whetstone"],"potions_floor_usage":[18],"damage_taken":[{"damage":2.0,"enemies":"Small Slimes","floor":1.0,"turns":3.0},{"damage":0.0,"enemies":"Cultist","floor":3.0,"turns":3.0},{"damage":0.0,"enemies":"Jaw Worm","floor":4.0,"turns":3.0},{"damage":15.0,"enemies":"Lots of Slimes","floor":5.0,"turns":4.0},{"damage":15.0,"enemies":"3 Sentries","floor":7.0,"turns":2.0},{"damage":0,"enemies":"Lagavulin","floor":10,"turns":7},{"damage":0,"enemies":"2 Fungi Beasts","floor":11,"turns":1},{"damage":0,"enemies":"Gremlin Nob","floor":13,"turns":2},{"damage":0,"enemies":"Large Slime","floor":14,"turns":3},{"damage":0,"enemies":"Slime Boss","floor":16,"turns":4},{"damage":0,"enemies":"3 Byrds","floor":18,"turns":4},{"damage":0,"enemies":"Spheric Guardian","floor":19,"turns":2},{"damage":16,"enemies":"Shelled Parasite and Fungi","floor":21,"turns":4},{"damage":26,"enemies":"Book of Stabbing","floor":23,"turns":5},{"damage":0,"enemies":"Chosen and Byrds","floor":25,"turns":2},{"damage":31,"enemies":"Slavers","floor":27,"turns":2}],"seed_played":"-5330304533882571750","potions_obtained":[{"floor":5.0,"key":"Energy Potion"},{"floor":11,"key":"DuplicationPotion"},{"floor":19,"key":"BlessingOfTheForge"},{"floor":23,"key":"Fire Potion"}],"is_trial":false,"path_per_floor":["M","?","M","M","M","R","E","R","T","E","M","$","E","M","R","B",null,"M","M","$","M","?","E","R","M","T","E"],"character_chosen":"WATCHER","items_purchased":["Adaptation","Tantrum","TalkToTheHand"],"campfire_rested":0,"item_purchase_floors":[12,12,20],"current_hp_per_floor":[59,66,66,66,51,51,36,36,36,36,36,36,36,36,36,36,65,65,65,65,49,49,23,23,23,23,0],"gold":175,"neow_bonus":"THREE_CARDS","is_prod":false,"is_daily":false,"chose_seed":false,"campfire_upgraded":4,"win_rate":0,"timestamp":1660343227,"path_taken":["M","?","M","M","?","R","E","R","T","E","M","$","E","M","R","BOSS","M","?","$","M","?","E","R","M","T","E"],"build_version":"2022-03-07","purchased_purges":2,"victory":false,"max_hp_per_floor":[68,75,75,75,75,75,75,75,75,75,75,75,75,75,75,75,75,75,75,75,75,75,75,75,75,75,75],"relic_stats":{"counters":[16,51],"Ornamental Fan":[24],"Gambling Chip":[27],"Astrolabe":["MasterReality","WreathOfFlame","ThirdEye"],"Blue Candle":[0],"Letter Opener":[40],"Whetstone":["Strike_P","FearNoEvil"],"PureWater":[12],"obtain_stats":[{"Ornamental Fan":13,"Strawberry":2,"Gambling Chip":10,"Astrolabe":17,"Blue Candle":23,"Letter Opener":9,"Whetstone":26,"PureWater":0,"FossilizedHelix":7},{"Ornamental Fan":8,"Strawberry":1,"Gambling Chip":6,"Astrolabe":10,"Blue Candle":14,"Letter Opener":5,"Whetstone":15,"PureWater":0,"FossilizedHelix":5},{"Ornamental Fan":25,"Strawberry":3,"Gambling Chip":22,"Astrolabe":32,"Blue Candle":47,"Letter Opener":15,"Whetstone":49,"PureWater":0,"FossilizedHelix":15}],"FossilizedHelix":[114]},"card_choices":[{"not_picked":["WindmillStrike","Halt"],"picked":"WreathOfFlame","floor":0.0},{"not_picked":["CutThroughFate","SashWhip"],"picked":"Halt","floor":1.0},{"not_picked":["Evaluate","Prostrate"],"picked":"Conclude","floor":3.0},{"not_picked":["CrushJoints","DeceiveReality","Protect"],"picked":"SKIP","floor":4.0},{"not_picked":["BowlingBash","CrushJoints","ClearTheMind"],"picked":"SKIP","floor":5.0},{"not_picked":["Vengeance","Crescendo","DevaForm"],"picked":"SKIP","floor":7.0},{"not_picked":["SignatureMove","WreathOfFlame"],"picked":"FearNoEvil","floor":10},{"not_picked":["Consecrate","BowlingBash","Crescendo"],"picked":"SKIP","floor":11},{"not_picked":["Consecrate","BowlingBash","Crescendo"],"picked":"SKIP","floor":11},{"not_picked":["PathToVictory","Alpha","WreathOfFlame"],"picked":"SKIP","floor":13},{"not_picked":["LikeWater","Halt","ClearTheMind"],"picked":"SKIP","floor":14},{"not_picked":["MasterReality","Brilliance"],"picked":"Ragnarok","floor":16},{"not_picked":["WindmillStrike","SashWhip","ThirdEye"],"picked":"SKIP","floor":18},{"not_picked":["Consecrate","Sanctity","Crescendo"],"picked":"SKIP","floor":19},{"not_picked":["ForeignInfluence","Consecrate","Vengeance"],"picked":"SKIP","floor":21},{"not_picked":["DeusExMachina","Perseverance","Consecrate"],"picked":"SKIP","floor":23},{"not_picked":["InnerPeace+1","ThirdEye","FlyingSleeves"],"picked":"SKIP","floor":25}],"player_experience":1281336,"relics_obtained":[{"floor":2.0,"key":"Strawberry"},{"floor":7.0,"key":"FossilizedHelix"},{"floor":9.0,"key":"Letter Opener"},{"floor":10,"key":"Gambling Chip"},{"floor":13,"key":"Ornamental Fan"},{"floor":23,"key":"Blue Candle"},{"floor":26,"key":"Whetstone"}],"event_choices":[{"damage_healed":0.0,"max_hp_gain":0.0,"max_hp_loss":0.0,"gold_gain":0.0,"event_name":"Wheel of Change","player_choice":"Relic","floor":2.0,"gold_loss":0.0,"damage_taken":0.0},{"damage_healed":0,"gold_gain":0,"player_choice":"Read","damage_taken":0,"max_hp_gain":0,"max_hp_loss":0,"event_name":"The Library","floor":22,"gold_loss":0,"cards_obtained":["ClearTheMind"]}],"is_beta":false,"boss_relics":[{"not_picked":["Busted Crown","Calling Bell"],"picked":"Astrolabe"}],"items_purged_floors":[12,20],"is_endless":false,"potions_floor_spawned":[5,11,14,16,19,21,23],"killed_by":"Slavers","ascension_level":20}