{"gold_per_floor":[111,122,135,60,76,102,102,136,136,146,146,177,203,213,213,290,290,303,314,314,314,239,239,139,152,152,71,100,113,113,123,123,198,198,216,226,279,279,169,202,212,245,268,268,286,286,316,191,191,191,191,191,191,49,80,80],"floor_reached":56,"playtime":3093,"items_purged":["Defend_P","Strike_P","Strike_P"],"score":2350,"play_id":"67f65e5a-6031-4fe1-91db-b66f822eb930","local_time":"20220821130141","is_ascension_mode":true,"campfire_choices":[{"data":"MentalFortress","floor":7.0,"key":"SMITH"},{"data":"Eruption","floor":15.0,"key":"SMITH"},{"data":"Vault","floor":23,"key":"SMITH"},{"floor":30,"key":"REST"},{"data":"MentalFortress","floor":32,"key":"SMITH"},{"data":"Scrawl","floor":44,"key":"SMITH"},{"floor":46,"key":"RECALL"},{"floor":49,"key":"REST"},{"floor":53,"key":"REST"}],"neow_cost":"PERCENT_DAMAGE","seed_source_timestamp":892982795234600,"circlet_count":0,"master_deck":["AscendersBane","Strike_P","Eruption+1","Vigilance","InnerPeace","MentalFortress+1","FlurryOfBlows+1","FearNoEvil","Vault+1","MentalFortress+1","Scrawl+1","Halt+1","Worship"],"special_seed":0,"relics":["PureWater","Gremlin Horn","Art of War","Kunai","CloakClasp","Strawberry","Runic Dome","Shuriken","Ancient Tea Set","SlaversCollar","Ice Cream","Anchor","Pen Nib","Blood Vial","Bag of Preparation"],"potions_floor_usage":[16,25,51,51,56,56],"damage_taken":[{"damage":7.0,"enemies":"Jaw Worm","floor":1.0,"turns":3.0},{"damage":0.0,"enemies":"Small Slimes","floor":2.0,"turns":3.0},{"damage":3.0,"enemies":"2 Louse","floor":3.0,"turns":3.0},{"damage":12.0,"enemies":"Exordium Wildlife","floor":5.0,"turns":3.0},{"damage":24.0,"enemies":"Gremlin Nob","floor":6.0,"turns":4.0},{"damage":1.0,"enemies":"3 Sentries","floor":8.0,"turns":5.0},{"damage":0.0,"enemies":"Lots of Slimes","floor":10.0,"turns":2.0},{"damage":5.0,"enemies":"Lagavulin","floor":12.0,"turns":6.0},{"damage":0.0,"enemies":"2 Fungi Beasts","floor":14.0,"turns":3.0},{"damage":0,"enemies":"Slime Boss","floor":16,"turns":7},{"damage":5,"enemies":"Shell Parasite","floor":18,"turns":4},{"damage":0,"enemies":"Spheric Guardian","floor":19,"turns":4},{"damage":14,"enemies":"Snake Plant","floor":25,"turns":4},{"damage":0,"enemies":"Gremlin Leader","floor":28,"turns":4},{"damage":20,"enemies":"Shelled Parasite and Fungi","floor":29,"turns":4},{"damage":0,"enemies":"Snecko","floor":31,"turns":4},{"damage":16,"enemies":"Automaton","floor":33,"turns":8},{"damage":0,"enemies":"Orb Walker","floor":35,"turns":3},{"damage":0,"enemies":"3 Shapes","floor":36,"turns":1},{"damage":23,"enemies":"2 Orb Walkers","floor":37,"turns":4},{"damage":0,"enemies":"Giant Head","floor":40,"turns":4},{"damage":0,"enemies":"Writhing Mass","floor":41,"turns":5},{"damage":0,"enemies":"Reptomancer","floor":42,"turns":5},{"damage":0,"enemies":"3 Darklings","floor":45,"turns":2},{"damage":0,"enemies":"Giant Head","floor":47,"turns":4},{"damage":0,"enemies":"Awakened One","floor":50,"turns":7},{"damage":42,"enemies":"Time Eater","floor":51,"turns":9},{"damage":39,"enemies":"Shield and Spear","floor":55,"turns":7},{"damage":43,"enemies":"The Heart","floor":56,"turns":4}],"seed_played":"7724534447278823114","potions_obtained":[{"floor":2.0,"key":"FearPotion"},{"floor":3.0,"key":"BottledMiracle"},{"floor":5.0,"key":"FairyPotion"},{"floor":8.0,"key":"Strength Potion"},{"floor":14.0,"key":"BlessingOfTheForge"},{"floor":16,"key":"Energy Potion"},{"floor":18,"key":"LiquidMemories"},{"floor":25,"key":"GamblersBrew"},{"floor":31,"key":"Fire Potion"},{"floor":41,"key":"Weak Potion"}],"is_trial":false,"path_per_floor":["M","M","M","?","M","E","R","E","T","M","?","E","T","M","R","B",null,"M","M","?","?","$","R","$","M","T","$","E","M","R","M","R","B",null,"M","M","?","?","?","E","M","E","T","R","M","R","E","$","R","B","B",null,"R","$","E","B"],"character_chosen":"WATCHER","items_purchased":["MentalFortress","Ancient Potion","Weak Potion"],"campfire_rested":3,"item_purchase_floors":[27,54,54],"current_hp_per_floor":[36,36,33,33,21,20,20,19,19,19,41,36,43,43,43,43,67,62,62,62,62,62,62,62,48,48,48,48,28,50,50,50,34,65,65,65,42,42,42,42,42,42,42,42,42,42,42,42,63,65,25,60,71,71,32,0],"gold":80,"neow_bonus":"REMOVE_TWO","is_prod":false,"is_daily":false,"chose_seed":false,"campfire_upgraded":5,"win_rate":0,"timestamp":1661101301,"path_taken":["M","M","M","?","M","E","R","E","T","M","?","E","?","M","R","BOSS","M","M","?","?","?","R","$","M","T","$","E","?","R","M","R","BOSS","M","?","?","?","?","E","M","E","T","R","?","R","E","$","R","BOSS","BOSS","R","$","E","BOSS"],"build_version":"2022-03-07","purchased_purges":3,"victory":false,"max_hp_per_floor":[68,68,68,68,68,68,68,68,68,68,68,68,75,75,75,75,75,75,75,75,75,75,75,75,75,75,75,75,75,75,75,75,75,75,75,75,75,71,71,71,71,71,71,71,71,71,71,71,71,71,71,71,71,71,71,71],"card_choices":[{"not_picked":["CrushJoints","ReachHeaven"],"picked":"InnerPeace","floor":1.0},{"not_picked":["WaveOfTheHand","Prostrate"],"picked":"MentalFortress","floor":2.0},{"not_picked":["ThirdEye","SashWhip"],"picked":"FlurryOfBlows","floor":3.0},{"not_picked":["CutThroughFate","EmptyFist"],"picked":"FearNoEvil","floor":5.0},{"not_picked":["Brilliance","SandsOfTime"],"picked":"Vault","floor":6.0},{"not_picked":["SashWhip","FlyingSleeves","Wallop"],"picked":"SKIP","floor":8.0},{"not_picked":["ThirdEye","Evaluate","Blasphemy"],"picked":"SKIP","floor":10.0},{"not_picked":["Prostrate","Wireheading","EmptyFist"],"picked":"SKIP","floor":12.0},{"not_picked":["Evaluate","Protect","Sanctity"],"picked":"SKIP","floor":14.0},{"not_picked":["PathToVictory","Prostrate","Study"],"picked":"SKIP","floor":18},{"not_picked":["Crescendo","FlurryOfBlows","Prostrate"],"picked":"SKIP","floor":19},{"not_picked":["SashWhip","Wireheading","FlurryOfBlows"],"picked":"SKIP","floor":25},{"not_picked":["LessonLearned","CutThroughFate","Prostrate"],"picked":"SKIP","floor":28},{"not_picked":["SashWhip","Indignation","EmptyFist"],"picked":"SKIP","floor":29},{"not_picked":["WreathOfFlame+1","Evaluate+1","Nirvana"],"picked":"SKIP","floor":31},{"not_picked":["Judgement","Establishment"],"picked":"Scrawl","floor":33},{"not_picked":["Evaluate","CrushJoints","JustLucky"],"picked":"SKIP","floor":35},{"not_picked":["JustLucky","FlyingSleeves","Halt"],"picked":"SKIP","floor":36},{"not_picked":["SignatureMove","ClearTheMind"],"picked":"Halt+1","floor":37},{"not_picked":["Meditate+1","Nirvana","Establishment"],"picked":"SKIP","floor":40},{"not_picked":["WaveOfTheHand","CutThroughFate+1","Consecrate"],"picked":"SKIP","floor":41},{"not_picked":["FlurryOfBlows","Devotion","SandsOfTime"],"picked":"SKIP","floor":42},{"not_picked":["Evaluate","EmptyBody","ReachHeaven"],"picked":"SKIP","floor":45},{"not_picked":["Evaluate","EmptyBody","ReachHeaven"],"picked":"SKIP","floor":45},{"not_picked":["DevaForm","Prostrate","BattleHymn"],"picked":"SKIP","floor":47},{"not_picked":["CutThroughFate","Nirvana"],"picked":"Worship","floor":55}],"player_experience":1133701,"relics_obtained":[{"floor":6.0,"key":"Gremlin Horn"},{"floor":8.0,"key":"Art of War"},{"floor":9.0,"key":"Kunai"},{"floor":12.0,"key":"CloakClasp"},{"floor":13.0,"key":"Strawberry"},{"floor":26,"key":"Shuriken"},{"floor":28,"key":"Ancient Tea Set"},{"floor":37,"key":"Ice Cream"},{"floor":40,"key":"Anchor"},{"floor":42,"key":"Pen Nib"},{"floor":47,"key":"Blood Vial"},{"floor":55,"key":"Bag of Preparation"}],"event_choices":[{"cards_removed":["Defend_P"],"damage_healed":0.0,"max_hp_gain":0.0,"max_hp_loss":0.0,"gold_gain":0.0,"event_name":"The Cleric","player_choice":"Card Removal","floor":4.0,"gold_loss":75.0,"damage_taken":0.0},{"damage_healed":22.0,"max_hp_gain":0.0,"max_hp_loss":0.0,"gold_gain":0.0,"event_name":"Big Fish","player_choice":"Banana","floor":11.0,"gold_loss":0.0,"damage_taken":0.0},{"damage_healed":0,"gold_gain":0,"player_choice":"Ignored","damage_taken":0,"max_hp_gain":0,"max_hp_loss":0,"event_name":"The Mausoleum","floor":20,"gold_loss":0},{"damage_healed":0,"gold_gain":0,"player_choice":"Ignored","damage_taken":0,"max_hp_gain":0,"max_hp_loss":0,"event_name":"Ghosts","floor":21,"gold_loss":0},{"damage_healed":0,"gold_gain":0,"player_choice":"Fight","damage_taken":0,"max_hp_gain":0,"max_hp_loss":0,"event_name":"Mysterious Sphere","floor":37,"gold_loss":0},{"damage_healed":0,"gold_gain":0,"player_choice":"Max HP","damage_taken":0,"max_hp_gain":0,"max_hp_loss":4,"event_name":"Winding Halls","floor":38,"gold_loss":0},{"cards_removed":["Strike_P"],"damage_healed":0,"gold_gain":0,"player_choice":"Upgrade and Remove","damage_taken":0,"max_hp_gain":0,"max_hp_loss":0,"event_name":"Designer","floor":39,"gold_loss":110,"cards_upgraded":["FlurryOfBlows"]}],"is_beta":false,"boss_relics":[{"not_picked":["Black Star","Cursed Key"],"picked":"Runic Dome"},{"not_picked":["Philosopher\u0027s Stone","Fusion Hammer"],"picked":"SlaversCollar"}],"items_purged_floors":[22,24,48],"is_endless":false,"potions_floor_spawned":[2,3,5,8,14,16,18,25,28,31,36,41,47],"killed_by":"The Heart","ascension_level":20}