{"gold_per_floor":[109,109,120,136,61,96,96,96,96,96,96,111,141,154,154,230,230,246,258,258],"floor_reached":20,"playtime":628,"items_purged":["Defend_P"],"score":418,"play_id":"ad848980-c520-4c4c-aaa5-2cabc89014b3","local_time":"20220828131542","is_ascension_mode":true,"campfire_choices":[{"floor":7,"key":"REST"},{"data":"Adaptation","floor":10,"key":"SMITH"},{"data":"Halt","floor":15,"key":"SMITH"}],"neow_cost":"PERCENT_DAMAGE","seed_source_timestamp":303602616562500,"circlet_count":0,"master_deck":["AscendersBane","Strike_P","Strike_P","Strike_P+1","Strike_P","Defend_P","Defend_P","Defend_P","Eruption","Vigilance","Adaptation+1","CrushJoints+1","Tantrum","Halt+1","MentalFortress"],"relics":["PureWater","Lizard Tail","CaptainsWheel","Whetstone","Dream Catcher","Fusion Hammer"],"potions_floor_usage":[13,16,20],"damage_taken":[{"damage":0,"enemies":"2 Louse","floor":1,"turns":2},{"damage":7,"enemies":"Jaw Worm","floor":3,"turns":4},{"damage":1,"enemies":"Cultist","floor":4,"turns":4},{"damage":16,"enemies":"Gremlin Nob","floor":6,"turns":3},{"damage":9,"enemies":"Red Slaver","floor":12,"turns":2},{"damage":0,"enemies":"Lagavulin","floor":13,"turns":4},{"damage":4,"enemies":"3 Louse","floor":14,"turns":3},{"damage":34,"enemies":"The Guardian","floor":16,"turns":7},{"damage":0,"enemies":"Chosen","floor":18,"turns":3},{"damage":29,"enemies":"2 Thieves","floor":19,"turns":5},{"damage":35,"enemies":"Sentry and Sphere","floor":20,"turns":3}],"seed_played":"-928362136331351169","potions_obtained":[{"floor":3,"key":"SteroidPotion"},{"floor":4,"key":"BlessingOfTheForge"},{"floor":18,"key":"Energy Potion"},{"floor":19,"key":"SpeedPotion"}],"is_trial":false,"path_per_floor":["M","?","M","M","$","E","R","$","T","R","?","M","E","M","R","B",null,"M","M","M"],"character_chosen":"WATCHER","items_purchased":[],"campfire_rested":1,"item_purchase_floors":[],"current_hp_per_floor":[43,38,31,30,30,14,34,34,34,34,34,25,25,21,21,24,57,57,28,0],"gold":258,"neow_bonus":"ONE_RARE_RELIC","is_prod":false,"is_daily":false,"chose_seed":false,"campfire_upgraded":2,"win_rate":0,"timestamp":1661706942,"path_taken":["M","?","M","M","?","E","R","$","T","R","?","?","E","M","R","BOSS","M","?","M"],"build_version":"2022-03-07","purchased_purges":1,"victory":false,"max_hp_per_floor":[68,68,68,68,68,68,68,68,68,68,68,68,68,68,68,68,68,68,68,68],"card_choices":[{"not_picked":["SashWhip","EmptyFist"],"picked":"Adaptation","floor":1},{"not_picked":["ForeignInfluence","Halt"],"picked":"CrushJoints","floor":3},{"not_picked":["Collect","Perseverance"],"picked":"Tantrum","floor":4},{"not_picked":["Tantrum","SashWhip","Evaluate"],"picked":"SKIP","floor":6},{"not_picked":["CarveReality","Swivel","ThirdEye"],"picked":"SKIP","floor":12},{"not_picked":["Protect","Judgement"],"picked":"Halt","floor":13},{"not_picked":["SignatureMove","FlyingSleeves","Conclude"],"picked":"SKIP","floor":14},{"not_picked":["CrushJoints","ClearTheMind","Halt"],"picked":"SKIP","floor":18},{"not_picked":["Consecrate","Protect"],"picked":"MentalFortress","floor":19}],"player_experience":1136794,"relics_obtained":[{"floor":6,"key":"Whetstone"},{"floor":13,"key":"Dream Catcher"}],"event_choices":[{"damage_healed":0,"gold_gain":0,"player_choice":"Success","damage_taken":5,"relics_obtained":["CaptainsWheel"],"max_hp_gain":0,"max_hp_loss":0,"event_name":"Scrap Ooze","floor":2,"gold_loss":0},{"damage_healed":0,"gold_gain":0,"player_choice":"Ignored","damage_taken":0,"max_hp_gain":0,"max_hp_loss":0,"event_name":"Shining Light","floor":11,"gold_loss":0}],"is_beta":false,"boss_relics":[{"not_picked":["Philosopher\u0027s Stone","SlaversCollar"],"picked":"Fusion Hammer"}],"items_purged_floors":[5],"is_endless":false,"potions_floor_spawned":[3,4,6,12,18,19],"killed_by":"Sentry and Sphere","ascension_level":20}