{"gold_per_floor":[119,119,139,139,151,151,163,183,260,260,260,260,278,303,303,404,404,415,340,357,447,466,466,541,541,619,638,648,662,662,562,562,562],"floor_reached":33,"playtime":1221,"items_purged":["Defend_P","Strike_P"],"score":274,"play_id":"8354ce44-0a19-4b26-b0d8-32c5ab224483","local_time":"20220914114504","is_ascension_mode":false,"campfire_choices":[{"data":"Eruption","floor":6,"key":"SMITH"},{"data":"EmptyFist","floor":11,"key":"SMITH"},{"data":"FlurryOfBlows","floor":15,"key":"SMITH"},{"data":"Scrawl","floor":23,"key":"SMITH"},{"floor":25,"key":"REST"},{"data":"Scrawl","floor":32,"key":"SMITH"}],"neow_cost":"NONE","seed_source_timestamp":658555492535600,"circlet_count":0,"master_deck":["Strike_P","Strike_P","Strike_P","Defend_P+1","Defend_P+1","Eruption+1","Vigilance","FearNoEvil","FlurryOfBlows+1","EmptyFist+1","Crescendo","Scrawl+1","Scrawl+1","Wallop+1","Impatience","WaveOfTheHand","Sanctity","Consecrate+1"],"relics":["VioletLotus"],"potions_floor_usage":[14,16,33],"damage_taken":[{"damage":0,"enemies":"Cultist","floor":1,"turns":4},{"damage":1,"enemies":"Jaw Worm","floor":3,"turns":4},{"damage":0,"enemies":"Small Slimes","floor":5,"turns":3},{"damage":1,"enemies":"2 Fungi Beasts","floor":7,"turns":2},{"damage":0,"enemies":"Gremlin Gang","floor":8,"turns":2},{"damage":0,"enemies":"Large Slime","floor":13,"turns":4},{"damage":0,"enemies":"Gremlin Nob","floor":14,"turns":2},{"damage":32,"enemies":"Hexaghost","floor":16,"turns":9},{"damage":10,"enemies":"Spheric Guardian","floor":18,"turns":3},{"damage":6,"enemies":"2 Thieves","floor":20,"turns":3},{"damage":0,"enemies":"Snake Plant","floor":22,"turns":2},{"damage":0,"enemies":"Chosen and Byrds","floor":27,"turns":3},{"damage":0,"enemies":"3 Cultists","floor":28,"turns":4},{"damage":4,"enemies":"Shelled Parasite and Fungi","floor":29,"turns":4},{"damage":58,"enemies":"Collector","floor":33,"turns":8}],"seed_played":"-5190547968133560024","potions_obtained":[{"floor":1,"key":"Weak Potion"},{"floor":7,"key":"SneckoOil"},{"floor":8,"key":"Ambrosia"},{"floor":16,"key":"LiquidBronze"},{"floor":20,"key":"BlessingOfTheForge"},{"floor":27,"key":"SteroidPotion"}],"is_trial":false,"path_per_floor":["M","?","M","?","M","R","M","M","T","?","R","?","M","E","R","B",null,"M","$","M","?","M","R","?","R","T","M","M","M","T","$","R","B"],"character_chosen":"WATCHER","items_purchased":[],"campfire_rested":1,"item_purchase_floors":[],"current_hp_per_floor":[72,65,64,64,64,64,63,63,63,49,49,54,54,54,54,22,77,67,67,61,43,43,43,36,59,59,59,59,55,55,55,55,0],"gold":562,"neow_bonus":"BOSS_RELIC","is_prod":false,"is_daily":false,"chose_seed":false,"campfire_upgraded":5,"win_rate":0,"timestamp":1663170304,"path_taken":["M","?","M","?","M","R","M","?","T","?","R","?","M","E","R","BOSS","M","$","M","?","?","R","?","R","T","M","M","?","?","$","R","BOSS"],"build_version":"2022-03-07","purchased_purges":2,"victory":false,"max_hp_per_floor":[72,72,72,72,72,72,72,72,72,72,72,77,77,77,77,77,77,77,77,77,77,77,77,77,77,77,77,77,77,77,77,77,77],"card_choices":[{"not_picked":["ReachHeaven","ClearTheMind"],"picked":"FearNoEvil","floor":1},{"not_picked":["PathToVictory","BattleHymn","CutThroughFate"],"picked":"SKIP","floor":3},{"not_picked":["Pray","CrushJoints"],"picked":"FlurryOfBlows","floor":5},{"not_picked":["ClearTheMind","Protect"],"picked":"EmptyFist","floor":7},{"not_picked":["Pray","CutThroughFate","Weave"],"picked":"SKIP","floor":8},{"not_picked":["SashWhip","LikeWater"],"picked":"Crescendo","floor":13},{"not_picked":["FlyingSleeves","WheelKick"],"picked":"Scrawl","floor":14},{"not_picked":["Blasphemy","Wish"],"picked":"Scrawl","floor":16},{"not_picked":["Perseverance","SashWhip+1","JustLucky"],"picked":"SKIP","floor":18},{"not_picked":["ClearTheMind+1","Consecrate"],"picked":"Wallop+1","floor":20},{"not_picked":["FollowUp+1","ThirdEye","ClearTheMind"],"picked":"SKIP","floor":22},{"not_picked":["EmptyBody","BowlingBash"],"picked":"WaveOfTheHand","floor":27},{"not_picked":["Wallop","Crescendo+1"],"picked":"Sanctity","floor":28},{"not_picked":["Worship","Protect"],"picked":"Consecrate+1","floor":29}],"player_experience":1147267,"relics_obtained":[],"event_choices":[{"cards_removed":["Defend_P"],"damage_healed":0,"gold_gain":0,"player_choice":"Card Removal","damage_taken":7,"max_hp_gain":0,"max_hp_loss":0,"event_name":"Golden Wing","floor":2,"gold_loss":0},{"damage_healed":0,"gold_gain":0,"player_choice":"Ignored","damage_taken":0,"max_hp_gain":0,"max_hp_loss":0,"event_name":"NoteForYourself","floor":4,"gold_loss":0},{"damage_healed":0,"gold_gain":0,"player_choice":"Entered Light","damage_taken":14,"max_hp_gain":0,"max_hp_loss":0,"event_name":"Shining Light","floor":10,"gold_loss":0,"cards_upgraded":["Defend_P","Defend_P"]},{"damage_healed":0,"gold_gain":0,"player_choice":"Donut","damage_taken":0,"max_hp_gain":5,"max_hp_loss":0,"event_name":"Big Fish","floor":12,"gold_loss":0},{"damage_healed":0,"gold_gain":90,"player_choice":"GOLD CARD ","damage_taken":18,"max_hp_gain":0,"max_hp_loss":0,"event_name":"Knowing Skull","floor":21,"potions_obtained":[],"gold_loss":0,"cards_obtained":["Impatience"]},{"damage_healed":0,"gold_gain":75,"player_choice":"Touch","damage_taken":7,"max_hp_gain":0,"max_hp_loss":0,"event_name":"FaceTrader","floor":24,"gold_loss":0}],"is_beta":false,"boss_relics":[{"not_picked":["Philosopher\u0027s Stone","Fusion Hammer","Coffee Dripper"]}],"items_purged_floors":[19,31],"is_endless":false,"potions_floor_spawned":[1,7,8,16,20,27,28],"killed_by":"Collector","ascension_level":0}