{"gold_per_floor":[99,99,99,99,99,99,99,24,24,24,0,0,0,0,0,0],"floor_reached":16,"playtime":432,"items_purged":["Defend_P"],"score":112,"play_id":"165fe475-0ed0-42e7-a3dd-0d1355dcc29a","local_time":"20220914115306","is_ascension_mode":false,"campfire_choices":[{"data":"Adaptation","floor":15,"key":"SMITH"}],"neow_cost":"NONE","seed_source_timestamp":659786085443500,"circlet_count":0,"master_deck":["Strike_P","Strike_P","Strike_P","Strike_P","Defend_P","Defend_P","Defend_P","Eruption","Vigilance","Indignation","Conclude","Halt","Sanctity","Adaptation+1","EmptyMind"],"special_seed":0,"relics":["Ectoplasm"],"potions_floor_usage":[10],"damage_taken":[{"damage":4.0,"enemies":"Jaw Worm","floor":1.0,"turns":4.0},{"damage":2.0,"enemies":"2 Louse","floor":3.0,"turns":2.0},{"damage":32.0,"enemies":"Gremlin Nob","floor":6.0,"turns":3.0},{"damage":0.0,"enemies":"Small Slimes","floor":7.0,"turns":2.0},{"damage":13,"enemies":"3 Sentries","floor":10,"turns":4},{"damage":2,"enemies":"Looter","floor":11,"turns":3},{"damage":0,"enemies":"Lots of Slimes","floor":12,"turns":1},{"damage":0,"enemies":"Blue Slaver","floor":13,"turns":3},{"damage":30,"enemies":"Hexaghost","floor":16,"turns":7}],"seed_played":"7685847621616253901","potions_obtained":[{"floor":1.0,"key":"Regen Potion"},{"floor":10,"key":"EssenceOfSteel"},{"floor":12,"key":"Energy Potion"}],"is_trial":false,"path_per_floor":["M","?","M","?","?","E","M","$","T","E","M","M","M","?","R","B"],"character_chosen":"WATCHER","items_purchased":[],"campfire_rested":0,"item_purchase_floors":[],"current_hp_per_floor":[68,57,55,60,60,28,28,28,28,27,25,25,25,25,25,0],"gold":0,"neow_bonus":"BOSS_RELIC","is_prod":false,"is_daily":false,"chose_seed":false,"campfire_upgraded":1,"win_rate":0,"timestamp":1663170786,"path_taken":["M","?","M","?","?","E","M","$","T","E","M","M","M","?","R","BOSS"],"build_version":"2022-03-07","purchased_purges":1,"victory":false,"max_hp_per_floor":[72,72,72,77,77,77,77,77,77,77,77,77,77,77,77,77],"card_choices":[{"not_picked":["Halt","Crescendo"],"picked":"Indignation","floor":1.0},{"not_picked":["JustLucky","Crescendo","DeceiveReality"],"picked":"SKIP","floor":3.0},{"not_picked":["Consecrate","Crescendo"],"picked":"Conclude","floor":6.0},{"not_picked":["Consecrate","SashWhip","CutThroughFate"],"picked":"SKIP","floor":7.0},{"not_picked":["WreathOfFlame","CutThroughFate"],"picked":"Halt","floor":10},{"not_picked":["CutThroughFate","CrushJoints"],"picked":"Sanctity","floor":11},{"not_picked":["Collect","Nirvana"],"picked":"Adaptation","floor":12},{"not_picked":["WaveOfTheHand","CrushJoints"],"picked":"EmptyMind","floor":13}],"player_experience":1148488,"relics_obtained":[],"event_choices":[{"damage_healed":0.0,"max_hp_gain":0.0,"max_hp_loss":0.0,"gold_gain":75.0,"event_name":"World of Goop","player_choice":"Gather Gold","floor":2.0,"gold_loss":0.0,"damage_taken":11.0},{"damage_healed":0.0,"max_hp_gain":5.0,"max_hp_loss":0.0,"gold_gain":0.0,"event_name":"Big Fish","player_choice":"Donut","floor":4.0,"gold_loss":0.0,"damage_taken":0.0},{"damage_healed":0.0,"max_hp_gain":0.0,"max_hp_loss":0.0,"gold_gain":0.0,"event_name":"Liars Game","player_choice":"Ignored","floor":5.0,"gold_loss":0.0,"damage_taken":0.0},{"damage_healed":0,"gold_gain":0,"player_choice":"Searched \u00271\u0027 times","damage_taken":0,"max_hp_gain":0,"max_hp_loss":0,"event_name":"Dead Adventurer","floor":14,"gold_loss":0}],"is_beta":false,"boss_relics":[],"items_purged_floors":[8],"is_endless":false,"potions_floor_spawned":[1,10,12],"killed_by":"Hexaghost","ascension_level":0}