{"gold_per_floor":[364,381,127,138,156,156,186,186,186,214,119,129,54,86,86,159,209,220,220,231,249,24,55,55,90,90,122,136,161,172,272,272,272],"floor_reached":33,"playtime":1387,"items_purged":["Injury","Defend_P","Defend_P"],"score":940,"play_id":"b39cfbc1-070f-425d-824b-68966d28b806","local_time":"20221018222425","is_ascension_mode":true,"campfire_choices":[{"data":"Eruption","floor":6,"key":"SMITH"},{"data":"CarveReality","floor":8,"key":"SMITH"},{"data":"BowlingBash","floor":15,"key":"SMITH"},{"data":"Vigilance","floor":24,"key":"SMITH"},{"data":"MentalFortress","floor":32,"key":"SMITH"}],"neow_cost":"CURSE","seed_source_timestamp":172924551992000,"circlet_count":0,"master_deck":["AscendersBane","Strike_P","Strike_P","Strike_P","Strike_P+1","Defend_P","Eruption+1","Vigilance+1","FlurryOfBlows","CarveReality+1","Consecrate","BowlingBash+1","Tantrum","Adaptation","InnerPeace","MentalFortress+1"],"relics":["PureWater","Membership Card","Mummified Hand","Gremlin Horn","Bag of Marbles","Tiny House","Sling","Toy Ornithopter","StrikeDummy","Bag of Preparation","CloakClasp","Smiling Mask","Boot","Shovel","White Beast Statue"],"potions_floor_usage":[7,14,14,21,21,23,33],"damage_taken":[{"damage":4,"enemies":"Jaw Worm","floor":1,"turns":5},{"damage":4,"enemies":"2 Louse","floor":2,"turns":4},{"damage":0,"enemies":"Cultist","floor":4,"turns":2},{"damage":1,"enemies":"3 Louse","floor":5,"turns":3},{"damage":8,"enemies":"Gremlin Nob","floor":7,"turns":3},{"damage":35,"enemies":"Lagavulin","floor":10,"turns":5},{"damage":10,"enemies":"Red Slaver","floor":12,"turns":3},{"damage":0,"enemies":"3 Sentries","floor":14,"turns":2},{"damage":0,"enemies":"Slime Boss","floor":16,"turns":4},{"damage":0,"enemies":"2 Thieves","floor":18,"turns":1},{"damage":0,"enemies":"Chosen","floor":20,"turns":2},{"damage":15,"enemies":"Snake Plant","floor":21,"turns":3},{"damage":15,"enemies":"Gremlin Leader","floor":23,"turns":3},{"damage":21,"enemies":"Book of Stabbing","floor":25,"turns":3},{"damage":0,"enemies":"Slavers","floor":27,"turns":1},{"damage":0,"enemies":"Snecko","floor":28,"turns":1},{"damage":0,"enemies":"Book of Stabbing","floor":29,"turns":2},{"damage":15,"enemies":"Centurion and Healer","floor":30,"turns":2},{"damage":0,"enemies":"Colosseum Slavers","floor":31,"turns":2},{"damage":0,"enemies":"Colosseum Nobs","floor":31,"turns":2},{"damage":45,"enemies":"Champ","floor":33,"turns":3}],"seed_played":"-986184312905499103","potions_obtained":[{"floor":2,"key":"FairyPotion"},{"floor":7,"key":"EntropicBrew"},{"floor":16,"key":"ColorlessPotion"},{"floor":20,"key":"GamblersBrew"},{"floor":21,"key":"SkillPotion"},{"floor":25,"key":"FairyPotion"},{"floor":29,"key":"LiquidMemories"},{"floor":30,"key":"StancePotion"}],"is_trial":false,"path_per_floor":["M","M","$","M","M","R","E","R","T","E","$","M","?","E","R","B",null,"M","?","M","M","$","E","R","E","T","E","M","E","M","?","R","B"],"character_chosen":"WATCHER","items_purchased":["Membership Card","StancePotion","Adaptation","Sling","Toy Ornithopter"],"campfire_rested":0,"item_purchase_floors":[3,3,11,22,22],"current_hp_per_floor":[57,53,53,53,52,52,44,44,44,9,9,20,20,20,20,20,61,61,61,61,46,46,36,36,15,15,15,15,15,21,21,21,0],"gold":272,"neow_bonus":"TWO_FIFTY_GOLD","is_prod":false,"is_daily":false,"chose_seed":false,"campfire_upgraded":5,"win_rate":0,"timestamp":1666146265,"path_taken":["M","M","$","M","M","R","E","R","T","E","$","M","?","E","R","BOSS","M","?","M","M","$","E","R","E","T","E","M","E","M","?","R","BOSS"],"build_version":"2022-10-04","purchased_purges":3,"victory":false,"max_hp_per_floor":[68,68,68,68,68,68,68,68,68,68,68,68,68,68,68,68,73,73,73,73,73,73,73,73,73,73,73,73,73,73,73,73,73],"card_choices":[{"not_picked":["EmptyBody","Prostrate"],"picked":"FlurryOfBlows","floor":1},{"not_picked":["LikeWater","Worship"],"picked":"CarveReality","floor":2},{"not_picked":["SignatureMove","ThirdEye","Nirvana"],"picked":"SKIP","floor":4},{"not_picked":["WaveOfTheHand","LikeWater"],"picked":"Consecrate","floor":5},{"not_picked":["LikeWater","Protect"],"picked":"BowlingBash","floor":7},{"not_picked":["DeceiveReality","Vault"],"picked":"Tantrum","floor":10},{"not_picked":["FollowUp","FlyingSleeves","SashWhip"],"picked":"SKIP","floor":12},{"not_picked":["SashWhip","Vengeance","Perseverance"],"picked":"SKIP","floor":14},{"not_picked":["FlurryOfBlows+1","DeceiveReality"],"picked":"InnerPeace","floor":18},{"not_picked":["Crescendo","SashWhip","Evaluate"],"picked":"SKIP","floor":20},{"not_picked":["FearNoEvil","Halt","Meditate"],"picked":"SKIP","floor":21},{"not_picked":["EmptyBody","Consecrate","Crescendo"],"picked":"SKIP","floor":23},{"not_picked":["BowlingBash","EmptyMind","EmptyBody"],"picked":"SKIP","floor":25},{"not_picked":["Wireheading","CarveReality","FearNoEvil+1"],"picked":"SKIP","floor":27},{"not_picked":["SashWhip","Wallop+1","LikeWater"],"picked":"SKIP","floor":28},{"not_picked":["Vengeance","FearNoEvil"],"picked":"MentalFortress","floor":29},{"not_picked":["InnerPeace","LikeWater","PathToVictory"],"picked":"SKIP","floor":30}],"player_experience":1167030,"relics_obtained":[{"floor":7,"key":"Mummified Hand"},{"floor":10,"key":"Gremlin Horn"},{"floor":14,"key":"Bag of Marbles"},{"floor":23,"key":"StrikeDummy"},{"floor":25,"key":"Bag of Preparation"},{"floor":26,"key":"CloakClasp"},{"floor":27,"key":"Smiling Mask"},{"floor":29,"key":"Boot"},{"floor":31,"key":"Shovel"},{"floor":31,"key":"White Beast Statue"}],"event_choices":[{"cards_removed":["Defend_P"],"damage_healed":0,"gold_gain":0,"player_choice":"Card Removal","damage_taken":0,"max_hp_gain":0,"max_hp_loss":0,"event_name":"The Cleric","floor":13,"gold_loss":75},{"damage_healed":0,"gold_gain":0,"player_choice":"Ignored","damage_taken":0,"max_hp_gain":0,"max_hp_loss":0,"event_name":"Cursed Tome","floor":19,"gold_loss":0},{"damage_healed":0,"gold_gain":0,"player_choice":"Fight","damage_taken":0,"max_hp_gain":0,"max_hp_loss":0,"event_name":"Colosseum","floor":31,"gold_loss":0},{"damage_healed":0,"gold_gain":0,"player_choice":"Fought Nobs","damage_taken":0,"max_hp_gain":0,"max_hp_loss":0,"event_name":"Colosseum","floor":31,"gold_loss":0}],"is_beta":false,"boss_relics":[{"not_picked":["Velvet Choker","Calling Bell"],"picked":"Tiny House"}],"items_purged_floors":[3,11,22],"is_endless":false,"potions_floor_spawned":[2,5,7,16,20,21,25,29,30],"killed_by":"Champ","ascension_level":20}