{"gold_per_floor":[118,118,43,56,74,74,87,112,112,112,123,154,154,167,167,239,239,258,273,243,258,158,192,224,236,248,276,88,99,99,131,131,205,205,224,224,74,94,40,40,40,40,40,40,40,59,91,108,108,108,108,108,108,25,54,54],"floor_reached":57,"playtime":3164,"items_purged":["Defend_P","Defend_P","Strike_P","ThirdEye"],"score":3089,"play_id":"0ac95609-2c14-4884-8266-e30789753042","local_time":"20221113172339","is_ascension_mode":true,"campfire_choices":[{"data":"FollowUp","floor":6.0,"key":"SMITH"},{"data":"Eruption","floor":10.0,"key":"SMITH"},{"floor":13.0,"key":"REST"},{"data":"Ragnarok","floor":15.0,"key":"SMITH"},{"data":"MentalFortress","floor":25.0,"key":"SMITH"},{"floor":30.0,"key":"REST"},{"floor":32,"key":"REST"},{"data":"Scrawl","floor":40,"key":"SMITH"},{"data":"Madness","floor":41,"key":"SMITH"},{"data":"Adaptation","floor":44,"key":"SMITH"},{"data":"Adaptation","floor":45,"key":"SMITH"},{"floor":49,"key":"RECALL"},{"data":"Collect","floor":53,"key":"SMITH"}],"neow_cost":"NONE","seed_source_timestamp":305354735447200,"circlet_count":0,"master_deck":["AscendersBane","Eruption+1","Vigilance","FollowUp+1","FearNoEvil","Crescendo","InnerPeace","Ragnarok+1","MentalFortress+1","Scrawl+1","Adaptation+1","Adaptation+1","FollowUp","Collect+1","Adaptation+1","FearNoEvil","Finesse","Madness+1","Vault","MentalFortress"],"special_seed":0,"relics":["PureWater","Kunai","InkBottle","Pantograph","Bird Faced Urn","VioletLotus","MawBank","Question Card","WingedGreaves","Pandora\u0027s Box","Blood Vial","Bottled Lightning"],"potions_floor_usage":[31,31,51,51],"damage_taken":[{"damage":1.0,"enemies":"Small Slimes","floor":1.0,"turns":6.0},{"damage":0.0,"enemies":"Cultist","floor":4.0,"turns":2.0},{"damage":7.0,"enemies":"Jaw Worm","floor":5.0,"turns":4.0},{"damage":10.0,"enemies":"Exordium Thugs","floor":7.0,"turns":6.0},{"damage":16.0,"enemies":"Gremlin Nob","floor":8.0,"turns":3.0},{"damage":19.0,"enemies":"Gremlin Gang","floor":11.0,"turns":3.0},{"damage":6.0,"enemies":"Lagavulin","floor":12.0,"turns":6.0},{"damage":8.0,"enemies":"Blue Slaver","floor":14.0,"turns":3.0},{"damage":0.0,"enemies":"Slime Boss","floor":16.0,"turns":4.0},{"damage":0.0,"enemies":"Spheric Guardian","floor":18.0,"turns":1.0},{"damage":17.0,"enemies":"3 Byrds","floor":19.0,"turns":5.0},{"damage":0.0,"enemies":"Centurion and Healer","floor":21.0,"turns":3.0},{"damage":13.0,"enemies":"Book of Stabbing","floor":23.0,"turns":3.0},{"damage":12.0,"enemies":"Shelled Parasite and Fungi","floor":24.0,"turns":2.0},{"damage":12.0,"enemies":"Cultist and Chosen","floor":27.0,"turns":4.0},{"damage":0.0,"enemies":"Chosen and Byrds","floor":29.0,"turns":4.0},{"damage":36,"enemies":"Slavers","floor":31,"turns":3},{"damage":0,"enemies":"Champ","floor":33,"turns":10},{"damage":24,"enemies":"3 Shapes","floor":35,"turns":4},{"damage":10,"enemies":"3 Darklings","floor":38,"turns":2},{"damage":0,"enemies":"Writhing Mass","floor":46,"turns":3},{"damage":0,"enemies":"Giant Head","floor":47,"turns":2},{"damage":0,"enemies":"Maw","floor":48,"turns":2},{"damage":0,"enemies":"Donu and Deca","floor":50,"turns":3},{"damage":19,"enemies":"Time Eater","floor":51,"turns":9},{"damage":19,"enemies":"Shield and Spear","floor":55,"turns":4},{"damage":35,"enemies":"The Heart","floor":56,"turns":7}],"seed_played":"-220066965632823436","potions_obtained":[{"floor":1.0,"key":"PowerPotion"},{"floor":5.0,"key":"Fire Potion"},{"floor":11.0,"key":"BlessingOfTheForge"},{"floor":16.0,"key":"EssenceOfSteel"},{"floor":20.0,"key":"LiquidMemories"},{"floor":20.0,"key":"Fire Potion"},{"floor":23.0,"key":"GamblersBrew"},{"floor":24.0,"key":"Swift Potion"},{"floor":27.0,"key":"ColorlessPotion"},{"floor":29.0,"key":"Fire Potion"},{"floor":46,"key":"Swift Potion"},{"floor":55,"key":"SteroidPotion"}],"is_trial":false,"path_per_floor":["M","?","$","M","M","R","M","E","T","R","M","E","R","M","R","B",null,"M","M","?","M","$","E","M","R","T","M","$","M","R","E","R","B",null,"M","?","$","M","$","R","R","?","T","R","R","M","E","M","R","B","B",null,"R","$","E","B",null],"character_chosen":"WATCHER","items_purchased":["Adaptation","Swift Potion","MentalFortress"],"campfire_rested":3,"item_purchase_floors":[28,39,54],"current_hp_per_floor":[60,60,60,60,53,53,43,27,27,27,8,2,22,14,14,39,61,61,44,44,44,44,33,23,23,23,13,13,17,37,3,23,54,65,46,36,36,32,32,32,32,56,56,56,56,56,56,56,56,56,43,53,53,53,39,25],"gold":54,"neow_bonus":"ONE_RANDOM_RARE_CARD","is_prod":false,"is_daily":false,"chose_seed":false,"campfire_upgraded":9,"win_rate":0,"timestamp":1668378219,"path_taken":["M","?","$","?","M","R","M","E","T","R","M","E","R","M","R","BOSS","M","M","?","M","?","E","M","R","T","M","$","?","R","E","R","BOSS","M","?","$","M","$","R","R","?","T","R","R","M","E","?","R","BOSS","BOSS","R","$","E","BOSS"],"build_version":"2022-10-04","purchased_purges":4,"victory":true,"max_hp_per_floor":[68,68,68,68,68,68,68,68,68,68,68,68,68,68,68,68,68,68,68,68,68,68,68,68,68,68,68,68,68,68,68,68,68,68,68,68,68,68,68,68,68,56,56,56,56,56,56,56,56,56,56,56,56,56,56,56],"relic_stats":{"counters":[27,108],"MawBank":60,"Question Card":13,"Blood Vial":4,"Pantograph":65,"Bird Faced Urn":[42],"Pandora\u0027s Box":["FollowUp","Collect","Adaptation","FearNoEvil","ThirdEye"],"VioletLotus":[114],"WingedGreaves":3,"Kunai":[113],"Bottled Lightning":"Scrawl","PureWater":[19],"obtain_stats":[{"Blood Vial":47,"Pantograph":9,"Bird Faced Urn":12,"Pandora\u0027s Box":34,"VioletLotus":17,"WingedGreaves":31,"Kunai":2,"Bottled Lightning":55,"PureWater":0,"MawBank":23,"Question Card":26,"InkBottle":8},{"Blood Vial":22,"Pantograph":5,"Bird Faced Urn":7,"Pandora\u0027s Box":18,"VioletLotus":9,"WingedGreaves":17,"Kunai":1,"Bottled Lightning":26,"PureWater":0,"MawBank":13,"Question Card":14,"InkBottle":5},{"Blood Vial":83,"Pantograph":21,"Bird Faced Urn":30,"Pandora\u0027s Box":72,"VioletLotus":37,"WingedGreaves":62,"Kunai":6,"Bottled Lightning":101,"PureWater":0,"MawBank":49,"Question Card":51,"InkBottle":21}],"InkBottle":[64]},"card_choices":[{"not_picked":["DeceiveReality","Protect","WaveOfTheHand"],"picked":"SKIP","floor":1.0},{"not_picked":["PathToVictory","WindmillStrike"],"picked":"FollowUp","floor":4.0},{"not_picked":["CrushJoints","Sanctity","BowlingBash"],"picked":"SKIP","floor":5.0},{"not_picked":["Blasphemy","Pray"],"picked":"FearNoEvil","floor":7.0},{"not_picked":["PathToVictory","Study"],"picked":"Crescendo","floor":8.0},{"not_picked":["ReachHeaven","BattleHymn"],"picked":"InnerPeace","floor":11.0},{"not_picked":["PathToVictory","Crescendo"],"picked":"Ragnarok","floor":12.0},{"not_picked":["Halt","Perseverance","Wallop"],"picked":"SKIP","floor":14.0},{"not_picked":["Perseverance","SashWhip+1","EmptyBody"],"picked":"SKIP","floor":18.0},{"not_picked":["WaveOfTheHand","Weave+1","Halt"],"picked":"SKIP","floor":19.0},{"not_picked":["DeceiveReality","FlyingSleeves"],"picked":"MentalFortress","floor":21.0},{"not_picked":["CutThroughFate","SashWhip"],"picked":"Scrawl","floor":23.0},{"not_picked":["FlyingSleeves+1","ThirdEye","Worship+1"],"picked":"SKIP","floor":24.0},{"not_picked":["Evaluate","FlurryOfBlows","Prostrate+1","PathToVictory"],"picked":"SKIP","floor":27.0},{"not_picked":["Conclude","CrushJoints","Prostrate","EmptyBody"],"picked":"SKIP","floor":29.0},{"not_picked":["Study","ForeignInfluence","SashWhip"],"picked":"Adaptation+1","floor":31},{"not_picked":["FlurryOfBlows","EmptyBody","FollowUp","Consecrate"],"picked":"SKIP","floor":35},{"not_picked":["Bandage Up","Violence","Blind"],"picked":"Finesse","floor":36},{"not_picked":["Trip","Transmutation","Good Instincts"],"picked":"Madness","floor":36},{"not_picked":["Pray","DeceiveReality+1","EmptyBody","Consecrate+1"],"picked":"SKIP","floor":38},{"not_picked":["CrushJoints","CutThroughFate","ThirdEye+1","FlyingSleeves"],"picked":"SKIP","floor":46},{"not_picked":["SandsOfTime","SashWhip","BowlingBash","Pray+1"],"picked":"SKIP","floor":47},{"not_picked":["FlurryOfBlows","Protect+1","Evaluate"],"picked":"Vault","floor":48},{"not_picked":["Consecrate","Sanctity+1","Fasting2","Pray+1"],"picked":"SKIP","floor":55}],"player_experience":1216962,"relics_obtained":[{"floor":8.0,"key":"InkBottle"},{"floor":9.0,"key":"Pantograph"},{"floor":12.0,"key":"Bird Faced Urn"},{"floor":23.0,"key":"MawBank"},{"floor":26.0,"key":"Question Card"},{"floor":31,"key":"WingedGreaves"},{"floor":47,"key":"Blood Vial"},{"floor":55,"key":"Bottled Lightning"}],"event_choices":[{"cards_removed":["SpiritShield"],"damage_healed":0.0,"max_hp_gain":0.0,"max_hp_loss":0.0,"gold_gain":0.0,"event_name":"WeMeetAgain","player_choice":"Gave Card","floor":2.0,"gold_loss":0.0,"damage_taken":0.0,"relics_obtained":["Kunai"]},{"damage_healed":0.0,"max_hp_gain":0.0,"max_hp_loss":0.0,"gold_gain":0.0,"event_name":"The Woman in Blue","player_choice":"Bought 2 Potions","floor":20.0,"gold_loss":0.0,"damage_taken":0.0},{"damage_healed":0,"gold_gain":0,"player_choice":"Memory 3","damage_taken":10,"max_hp_gain":0,"max_hp_loss":0,"event_name":"SensoryStone","floor":36,"gold_loss":0},{"damage_healed":56,"gold_gain":0,"player_choice":"Heal","damage_taken":0,"max_hp_gain":0,"max_hp_loss":12,"event_name":"The Moai Head","floor":42,"gold_loss":0}],"is_beta":false,"boss_relics":[{"not_picked":["Calling Bell","Busted Crown"],"picked":"VioletLotus"},{"not_picked":["Snecko Eye","Velvet Choker"],"picked":"Pandora\u0027s Box"}],"items_purged_floors":[3,22,28,37],"is_endless":false,"potions_floor_spawned":[1,5,11,16,21,23,24,27,29,46,55],"ascension_level":20}