{"gold_per_floor":[118,118,193,213,226,258,15,15,38,63,75,105,105,30,30,107,107,122,140,156,156,169,204,204,204,204,35,35,70,83,93,93,172,172,182,200,214,114,127,127,147,175,184,227,241,241,47,66,66,66],"floor_reached":50,"playtime":2327,"items_purged":["Defend_P","Defend_P","Regret"],"score":1228,"play_id":"8caed2c4-aea9-492d-816f-5278bad7ac7e","local_time":"20221219183933","is_ascension_mode":true,"campfire_choices":[{"data":"Eruption","floor":8,"key":"SMITH"},{"data":"Indignation","floor":15,"key":"SMITH"},{"data":"Scrawl","floor":24,"key":"SMITH"},{"data":"Crescendo","floor":28,"key":"SMITH"},{"data":"Vigilance","floor":32,"key":"SMITH"},{"data":"WheelKick","floor":40,"key":"SMITH"},{"floor":49,"key":"RECALL"}],"neow_cost":"TEN_PERCENT_HP_LOSS","seed_source_timestamp":66078178990200,"circlet_count":0,"master_deck":["AscendersBane","Strike_P","Strike_P","Strike_P","Strike_P","Defend_P","Defend_P","Eruption+1","Vigilance+1","Brilliance+1","CarveReality","Consecrate","Crescendo+1","Indignation+1","Scrawl+1","WheelKick+1","EmptyBody","Scrawl+1","Halt+1","Vengeance+1","MentalFortress","ClearTheMind+1"],"relics":["PureWater","MealTicket","TheAbacus","Anchor","CaptainsWheel","Pantograph","Coffee Dripper","InkBottle","Ice Cream","Medical Kit","Bronze Scales","Cursed Key","CeramicFish","Gambling Chip"],"potions_floor_usage":[6,12,23],"damage_taken":[{"damage":0,"enemies":"Small Slimes","floor":1,"turns":3},{"damage":0,"enemies":"Jaw Worm","floor":4,"turns":2},{"damage":2,"enemies":"2 Louse","floor":5,"turns":2},{"damage":17,"enemies":"3 Sentries","floor":6,"turns":6},{"damage":17,"enemies":"Gremlin Nob","floor":10,"turns":3},{"damage":0,"enemies":"Gremlin Gang","floor":11,"turns":2},{"damage":0,"enemies":"3 Sentries","floor":12,"turns":3},{"damage":34,"enemies":"Hexaghost","floor":16,"turns":7},{"damage":2,"enemies":"3 Byrds","floor":18,"turns":4},{"damage":0,"enemies":"Spheric Guardian","floor":19,"turns":1},{"damage":5,"enemies":"Centurion and Healer","floor":20,"turns":3},{"damage":0,"enemies":"Snake Plant","floor":22,"turns":2},{"damage":2,"enemies":"Book of Stabbing","floor":23,"turns":2},{"damage":0,"enemies":"Gremlin Leader","floor":29,"turns":3},{"damage":0,"enemies":"Snecko","floor":30,"turns":1},{"damage":0,"enemies":"Cultist and Chosen","floor":31,"turns":2},{"damage":46,"enemies":"Automaton","floor":33,"turns":8},{"damage":0,"enemies":"Orb Walker","floor":35,"turns":1},{"damage":7,"enemies":"3 Darklings","floor":36,"turns":2},{"damage":0,"enemies":"Sphere and 2 Shapes","floor":37,"turns":4},{"damage":14,"enemies":"4 Shapes","floor":39,"turns":3},{"damage":0,"enemies":"3 Darklings","floor":41,"turns":2},{"damage":5,"enemies":"Giant Head","floor":42,"turns":5},{"damage":75,"enemies":"Nemesis","floor":44,"turns":4},{"damage":4,"enemies":"Jaw Worm Horde","floor":45,"turns":2},{"damage":0,"enemies":"Maw","floor":48,"turns":4},{"damage":61,"enemies":"Time Eater","floor":50,"turns":7}],"seed_played":"7987762237168646341","potions_obtained":[{"floor":1,"key":"LiquidBronze"},{"floor":10,"key":"Swift Potion"},{"floor":11,"key":"Weak Potion"},{"floor":16,"key":"FairyPotion"},{"floor":20,"key":"AttackPotion"},{"floor":31,"key":"LiquidBronze"},{"floor":35,"key":"Ancient Potion"}],"is_trial":false,"path_per_floor":["M","?","?","M","M","E","$","R","T","E","M","E","?","$","R","B",null,"M","M","M","?","M","E","R","?","T","$","R","E","M","M","R","B",null,"M","M","M","$","M","R","M","E","T","E","M","T","$","M","R","B"],"character_chosen":"WATCHER","items_purchased":["TheAbacus","Indignation","Medical Kit","MentalFortress"],"campfire_rested":0,"item_purchase_floors":[7,14,27,47],"current_hp_per_floor":[61,66,55,55,53,36,51,51,51,34,34,34,34,49,49,33,59,57,57,52,52,52,50,50,50,50,65,65,65,65,65,65,21,56,56,49,49,64,50,50,50,45,45,20,16,16,31,31,31,0],"gold":66,"neow_bonus":"THREE_RARE_CARDS","is_prod":false,"is_daily":false,"chose_seed":false,"campfire_upgraded":6,"win_rate":0,"timestamp":1671493173,"path_taken":["M","?","?","M","M","E","$","R","T","E","M","E","?","$","R","BOSS","M","?","M","?","M","E","R","?","T","$","R","E","M","M","R","BOSS","M","M","M","$","M","R","M","E","T","E","M","?","$","M","R","BOSS"],"build_version":"2022-12-01","purchased_purges":3,"victory":false,"max_hp_per_floor":[62,67,67,67,67,67,67,67,67,67,67,67,67,67,67,67,67,67,67,67,67,67,67,67,67,67,67,67,67,67,67,67,67,67,67,67,67,67,67,67,67,67,67,67,67,67,67,67,67,67],"relic_stats":{"Ice Cream":[45],"counters":[27,88],"CeramicFish":36,"Medical Kit":[8],"Cursed Key":1,"TheAbacus":[156],"Pantograph":45,"Bronze Scales":[83],"Gambling Chip":[7],"MealTicket":75,"PureWater":[25],"obtain_stats":[{"Ice Cream":26,"CeramicFish":42,"Medical Kit":27,"Cursed Key":34,"Anchor":9,"CaptainsWheel":10,"TheAbacus":7,"Pantograph":12,"Bronze Scales":29,"Gambling Chip":44,"MealTicket":6,"Coffee Dripper":17,"PureWater":0,"InkBottle":23},{"Ice Cream":13,"CeramicFish":23,"Medical Kit":13,"Cursed Key":17,"Anchor":4,"CaptainsWheel":5,"TheAbacus":4,"Pantograph":7,"Bronze Scales":14,"Gambling Chip":24,"MealTicket":4,"Coffee Dripper":8,"PureWater":0,"InkBottle":13},{"Ice Cream":40,"CeramicFish":71,"Medical Kit":40,"Cursed Key":54,"Anchor":13,"CaptainsWheel":16,"TheAbacus":13,"Pantograph":21,"Bronze Scales":43,"Gambling Chip":75,"MealTicket":13,"Coffee Dripper":28,"PureWater":0,"InkBottle":40}],"InkBottle":[28]},"card_choices":[{"not_picked":["DeusExMachina","Alpha"],"picked":"Brilliance","floor":0},{"not_picked":["CrushJoints","WreathOfFlame"],"picked":"CarveReality","floor":1},{"not_picked":["TalkToTheHand","Halt"],"picked":"Consecrate","floor":4},{"not_picked":["BattleHymn","JustLucky","FlurryOfBlows"],"picked":"SKIP","floor":5},{"not_picked":["Halt","ThirdEye","Study"],"picked":"SKIP","floor":6},{"not_picked":["JustLucky","DeceiveReality","CutThroughFate"],"picked":"SKIP","floor":10},{"not_picked":["Wireheading","BowlingBash"],"picked":"Crescendo","floor":11},{"not_picked":["Consecrate","Prostrate","FlyingSleeves"],"picked":"SKIP","floor":12},{"not_picked":["SpiritShield","LessonLearned"],"picked":"Scrawl","floor":16},{"not_picked":["WaveOfTheHand","FlurryOfBlows","Evaluate"],"picked":"SKIP","floor":18},{"not_picked":["Swivel","WaveOfTheHand"],"picked":"WheelKick","floor":19},{"not_picked":["ReachHeaven","Perseverance"],"picked":"EmptyBody","floor":20},{"not_picked":["FlurryOfBlows","Fasting2","EmptyBody"],"picked":"SKIP","floor":22},{"not_picked":["Evaluate","Prostrate","BowlingBash"],"picked":"SKIP","floor":23},{"not_picked":["Study","BowlingBash","JustLucky"],"picked":"SKIP","floor":29},{"not_picked":["FlyingSleeves","Protect","BowlingBash"],"picked":"SKIP","floor":30},{"not_picked":["Wallop","Wish","EmptyBody"],"picked":"SKIP","floor":31},{"not_picked":["Meditate+1","EmptyBody"],"picked":"Halt+1","floor":35},{"not_picked":["ForeignInfluence","Consecrate","EmptyFist+1"],"picked":"SKIP","floor":36},{"not_picked":["DeceiveReality","Halt","Sanctity"],"picked":"SKIP","floor":37},{"not_picked":["Swivel","ThirdEye","FollowUp"],"picked":"SKIP","floor":39},{"not_picked":["Fasting2","Indignation+1","Prostrate"],"picked":"SKIP","floor":41},{"not_picked":["Halt+1","Devotion","JustLucky+1"],"picked":"SKIP","floor":42},{"not_picked":["Prostrate","FlyingSleeves"],"picked":"Vengeance+1","floor":44},{"not_picked":["WindmillStrike","Weave","PathToVictory"],"picked":"SKIP","floor":45},{"not_picked":["FlyingSleeves+1","Fasting2"],"picked":"ClearTheMind+1","floor":48}],"player_experience":1323281,"relics_obtained":[{"floor":6,"key":"MealTicket"},{"floor":9,"key":"Anchor"},{"floor":10,"key":"CaptainsWheel"},{"floor":12,"key":"Pantograph"},{"floor":23,"key":"InkBottle"},{"floor":26,"key":"Ice Cream"},{"floor":29,"key":"Bronze Scales"},{"floor":42,"key":"CeramicFish"},{"floor":44,"key":"Gambling Chip"}],"event_choices":[{"damage_healed":0,"gold_gain":0,"player_choice":"Donut","damage_taken":0,"max_hp_gain":5,"max_hp_loss":0,"event_name":"Big Fish","floor":2,"gold_loss":0},{"damage_healed":0,"gold_gain":75,"player_choice":"Gather Gold","damage_taken":11,"max_hp_gain":0,"max_hp_loss":0,"event_name":"World of Goop","floor":3,"gold_loss":0},{"damage_healed":0,"gold_gain":0,"player_choice":"Forge","damage_taken":0,"max_hp_gain":0,"max_hp_loss":0,"event_name":"Accursed Blacksmith","floor":13,"gold_loss":0,"cards_upgraded":["Brilliance"]},{"damage_healed":0,"gold_gain":0,"player_choice":"Ignored","damage_taken":0,"max_hp_gain":0,"max_hp_loss":0,"event_name":"Cursed Tome","floor":21,"gold_loss":0},{"damage_healed":0,"gold_gain":0,"player_choice":"Copied","damage_taken":0,"max_hp_gain":0,"max_hp_loss":0,"event_name":"Duplicator","floor":25,"gold_loss":0,"cards_obtained":["Scrawl"]}],"is_beta":false,"boss_relics":[{"not_picked":["Sozu","Fusion Hammer"],"picked":"Coffee Dripper"},{"not_picked":["Busted Crown","Black Star"],"picked":"Cursed Key"}],"items_purged_floors":[7,38,47],"is_endless":false,"potions_floor_spawned":[1,10,11,16,18,20,22,31,35,37,41],"killed_by":"Time Eater","ascension_level":20}