{"gold_per_floor":[114,189,208,224,109,109,109,140,140,140,170,170,189,216,216,292,292,292],"floor_reached":18,"playtime":601,"items_purged":["Defend_P"],"score":406,"play_id":"ee3a1e5f-bd79-4e2f-914d-dca0ed3be0dd","local_time":"20221222173504","is_ascension_mode":true,"campfire_choices":[{"floor":7,"key":"REST"},{"data":"EmptyFist","floor":12,"key":"SMITH"},{"data":"TalkToTheHand","floor":15,"key":"SMITH"}],"neow_cost":"TEN_PERCENT_HP_LOSS","seed_source_timestamp":323087839294000,"circlet_count":0,"master_deck":["AscendersBane","Strike_P","Strike_P+1","Strike_P","Strike_P","Defend_P","Eruption+1","Vigilance","Protect","TalkToTheHand+1","EmptyFist+1","CarveReality"],"special_seed":0,"relics":["PureWater","Mummified Hand","Smiling Mask","Pantograph","Art of War","Turnip","VioletLotus"],"potions_floor_usage":[16],"damage_taken":[{"damage":0.0,"enemies":"Jaw Worm","floor":1.0,"turns":5.0},{"damage":0.0,"enemies":"2 Louse","floor":3.0,"turns":2.0},{"damage":8,"enemies":"Small Slimes","floor":4,"turns":3},{"damage":0,"enemies":"Lagavulin","floor":8,"turns":4},{"damage":5,"enemies":"3 Sentries","floor":11,"turns":4},{"damage":6,"enemies":"Exordium Wildlife","floor":13,"turns":2},{"damage":1,"enemies":"Gremlin Nob","floor":14,"turns":3},{"damage":1,"enemies":"Slime Boss","floor":16,"turns":5},{"damage":61,"enemies":"3 Byrds","floor":18,"turns":4}],"seed_played":"814892455807945083","potions_obtained":[{"floor":4,"key":"SneckoOil"},{"floor":8,"key":"SteroidPotion"},{"floor":13,"key":"Energy Potion"},{"floor":16,"key":"CultistPotion"}],"is_trial":false,"path_per_floor":["M","?","M","M","$","?","R","E","T","T","E","R","M","E","R","B",null,"M"],"character_chosen":"WATCHER","items_purchased":["CarveReality"],"campfire_rested":1,"item_purchase_floors":[5],"current_hp_per_floor":[61,50,50,42,42,23,41,41,41,41,36,36,30,29,29,53,60,0],"gold":292,"neow_bonus":"TRANSFORM_TWO_CARDS","is_prod":false,"is_daily":false,"chose_seed":false,"campfire_upgraded":2,"win_rate":0,"timestamp":1671748504,"path_taken":["M","?","M","M","$","?","R","E","T","?","E","R","M","E","R","BOSS","M"],"build_version":"2022-12-18","purchased_purges":1,"victory":false,"max_hp_per_floor":[62,62,62,62,62,62,62,62,62,62,62,62,62,62,62,62,62,62],"relic_stats":{"counters":[9,32],"Mummified Hand":[0],"Pantograph":25,"Turnip":[3],"VioletLotus":[1],"Art of War":[2],"PureWater":[8],"Smiling Mask":0,"obtain_stats":[{"Mummified Hand":8,"Pantograph":10,"Turnip":14,"VioletLotus":17,"Art of War":11,"PureWater":0,"Smiling Mask":9},{"Mummified Hand":4,"Pantograph":4,"Turnip":7,"VioletLotus":8,"Art of War":5,"PureWater":0,"Smiling Mask":4},{"Mummified Hand":14,"Pantograph":14,"Turnip":23,"VioletLotus":28,"Art of War":18,"PureWater":0,"Smiling Mask":14}]},"card_choices":[{"not_picked":["PathToVictory","Halt"],"picked":"EmptyFist","floor":1.0},{"not_picked":["FlurryOfBlows","Sanctity","BowlingBash"],"picked":"SKIP","floor":3.0},{"not_picked":["Evaluate","Study","LikeWater"],"picked":"SKIP","floor":4},{"not_picked":["SignatureMove","Swivel","FollowUp"],"picked":"SKIP","floor":8},{"not_picked":["Swivel","WheelKick","Devotion"],"picked":"SKIP","floor":11},{"not_picked":["WindmillStrike","ThirdEye","Consecrate"],"picked":"SKIP","floor":13},{"not_picked":["FlurryOfBlows","Indignation","Swivel"],"picked":"SKIP","floor":14}],"player_experience":1332454,"relics_obtained":[{"floor":8,"key":"Mummified Hand"},{"floor":9,"key":"Smiling Mask"},{"floor":10,"key":"Pantograph"},{"floor":11,"key":"Art of War"},{"floor":14,"key":"Turnip"}],"event_choices":[{"damage_healed":0.0,"max_hp_gain":0.0,"max_hp_loss":0.0,"gold_gain":75.0,"event_name":"World of Goop","player_choice":"Gather Gold","floor":2.0,"gold_loss":0.0,"damage_taken":11.0},{"damage_healed":0,"gold_gain":0,"player_choice":"Entered Light","damage_taken":19,"max_hp_gain":0,"max_hp_loss":0,"event_name":"Shining Light","floor":6,"gold_loss":0,"cards_upgraded":["Strike_P","Eruption"]}],"is_beta":false,"boss_relics":[{"not_picked":["Sozu","Empty Cage"],"picked":"VioletLotus"}],"items_purged_floors":[5],"is_endless":false,"potions_floor_spawned":[4,8,13,16],"killed_by":"3 Byrds","ascension_level":20}