{"gold_per_floor":[20,20,32,44,61,61,75,75,75,75,108,108,136,155,155,228,228,248,248,268,193,206,239,256,80,80,105,155,173,173,173,173,246,246,261,277,152,163,181,181],"floor_reached":40,"playtime":1654,"items_purged":["Defend_P","Defend_P","Strike_P"],"score":1055,"play_id":"53d40731-dd3b-479c-800c-2b1b3d42bdb1","local_time":"20221227032935","is_ascension_mode":true,"campfire_choices":[{"data":"Eruption","floor":6,"key":"SMITH"},{"data":"EmptyFist","floor":8,"key":"SMITH"},{"data":"Consecrate","floor":10,"key":"SMITH"},{"data":"Crescendo","floor":15,"key":"SMITH"},{"data":"Scrawl","floor":30,"key":"SMITH"},{"data":"Adaptation","floor":32,"key":"SMITH"}],"neow_cost":"NO_GOLD","seed_source_timestamp":703337344989700,"circlet_count":0,"master_deck":["AscendersBane","Strike_P","Strike_P","Strike_P","Eruption+1","Vigilance","Master of Strategy","Consecrate+1","MentalFortress","InnerPeace","EmptyFist+1","Crescendo+1","Scrawl+1","Adaptation+1"],"relics":["PureWater","Du-Vu Doll","FossilizedHelix","Cursed Key","Nloth\u0027s Gift","StrikeDummy","Art of War","Runic Dome"],"potions_floor_usage":[5,16,22,23,27,38],"damage_taken":[{"damage":0,"enemies":"2 Louse","floor":1,"turns":2},{"damage":7,"enemies":"Jaw Worm","floor":3,"turns":3},{"damage":1,"enemies":"Cultist","floor":4,"turns":3},{"damage":10,"enemies":"Gremlin Gang","floor":5,"turns":4},{"damage":8,"enemies":"3 Louse","floor":7,"turns":2},{"damage":5,"enemies":"3 Sentries","floor":11,"turns":5},{"damage":0,"enemies":"Gremlin Nob","floor":13,"turns":3},{"damage":0,"enemies":"Red Slaver","floor":14,"turns":2},{"damage":8,"enemies":"Hexaghost","floor":16,"turns":7},{"damage":0,"enemies":"Spheric Guardian","floor":18,"turns":1},{"damage":0,"enemies":"Shell Parasite","floor":20,"turns":2},{"damage":0,"enemies":"Sentry and Sphere","floor":22,"turns":3},{"damage":12,"enemies":"Book of Stabbing","floor":23,"turns":3},{"damage":0,"enemies":"3 Cultists","floor":24,"turns":2},{"damage":7,"enemies":"Slavers","floor":27,"turns":3},{"damage":8,"enemies":"Snake Plant","floor":29,"turns":2},{"damage":0,"enemies":"Collector","floor":33,"turns":4},{"damage":0,"enemies":"3 Darklings","floor":35,"turns":1},{"damage":0,"enemies":"Orb Walker","floor":36,"turns":2},{"damage":0,"enemies":"Sphere and 2 Shapes","floor":38,"turns":1},{"damage":25,"enemies":"3 Darklings","floor":39,"turns":2},{"damage":59,"enemies":"Nemesis","floor":40,"turns":5}],"seed_played":"5377699052567009020","potions_obtained":[{"floor":1,"key":"SkillPotion"},{"floor":3,"key":"Swift Potion"},{"floor":7,"key":"Fire Potion"},{"floor":16,"key":"Regen Potion"},{"floor":22,"key":"Strength Potion"},{"floor":23,"key":"Fruit Juice"},{"floor":27,"key":"Fruit Juice"},{"floor":38,"key":"Ancient Potion"}],"is_trial":false,"path_per_floor":["M","?","M","M","M","R","M","R","T","R","E","?","E","M","R","B",null,"M","?","M","$","M","E","M","$","T","E","?","M","R","?","R","B",null,"M","M","$","M","M","E"],"character_chosen":"WATCHER","items_purchased":["Adaptation"],"campfire_rested":0,"item_purchase_floors":[25],"current_hp_per_floor":[61,61,54,53,43,43,35,35,35,35,30,23,37,37,37,29,69,69,69,69,69,78,66,66,66,66,64,56,48,48,48,48,48,77,77,77,77,82,57,0],"gold":181,"neow_bonus":"RANDOM_COLORLESS_2","is_prod":false,"is_daily":false,"chose_seed":false,"campfire_upgraded":6,"win_rate":0,"timestamp":1672129775,"path_taken":["M","?","M","M","M","R","M","R","T","R","E","?","E","M","R","BOSS","M","?","?","$","M","E","?","$","T","E","?","?","R","?","R","BOSS","M","M","$","M","M","E"],"build_version":"2022-12-18","purchased_purges":3,"victory":false,"max_hp_per_floor":[68,68,68,68,68,68,68,68,68,68,68,68,82,82,82,82,82,82,82,82,82,82,82,82,82,82,87,87,87,87,87,87,87,87,87,87,87,92,92,92],"relic_stats":{"counters":[22,62],"Nloth\u0027s Gift":1,"Art of War":[0],"PureWater":[19],"Cursed Key":0,"obtain_stats":[{"Du-Vu Doll":9,"Runic Dome":34,"Mango":13,"Nloth\u0027s Gift":19,"Art of War":27,"PureWater":0,"Cursed Key":17,"StrikeDummy":23,"FossilizedHelix":11},{"Du-Vu Doll":5,"Runic Dome":17,"Mango":7,"Nloth\u0027s Gift":10,"Art of War":15,"PureWater":0,"Cursed Key":9,"StrikeDummy":13,"FossilizedHelix":6},{"Du-Vu Doll":14,"Runic Dome":51,"Mango":22,"Nloth\u0027s Gift":32,"Art of War":45,"PureWater":0,"Cursed Key":31,"StrikeDummy":40,"FossilizedHelix":19}],"FossilizedHelix":[106]},"card_choices":[{"not_picked":["Thinking Ahead","Panache"],"picked":"Master of Strategy","floor":0},{"not_picked":["WindmillStrike","EmptyBody"],"picked":"Consecrate","floor":1},{"not_picked":["ReachHeaven","WreathOfFlame"],"picked":"MentalFortress","floor":3},{"not_picked":["SashWhip","Consecrate","Vengeance"],"picked":"SKIP","floor":4},{"not_picked":["Prostrate","Consecrate"],"picked":"InnerPeace","floor":5},{"not_picked":["PathToVictory","Wireheading"],"picked":"EmptyFist","floor":7},{"not_picked":["Perseverance","EmptyBody","SashWhip"],"picked":"SKIP","floor":11},{"not_picked":["PathToVictory","ThirdEye","CutThroughFate"],"picked":"SKIP","floor":13},{"not_picked":["ClearTheMind","Swivel"],"picked":"Crescendo","floor":14},{"not_picked":["MasterReality","ConjureBlade"],"picked":"Scrawl","floor":16},{"not_picked":["FlurryOfBlows","Sanctity+1","EmptyBody"],"picked":"SKIP","floor":18},{"not_picked":["EmptyFist+1","FlurryOfBlows","Evaluate"],"picked":"SKIP","floor":20},{"not_picked":["ForeignInfluence","ThirdEye","Study"],"picked":"SKIP","floor":22},{"not_picked":["Vengeance","FlurryOfBlows","Ragnarok"],"picked":"SKIP","floor":23},{"not_picked":["JustLucky","WindmillStrike","Crescendo"],"picked":"SKIP","floor":24},{"not_picked":["ThirdEye","Weave","Alpha"],"picked":"SKIP","floor":27},{"not_picked":["ThirdEye","Weave","Alpha"],"picked":"SKIP","floor":27},{"not_picked":["InnerPeace+1","EmptyBody","Protect"],"picked":"SKIP","floor":29},{"not_picked":["Consecrate","ThirdEye","SignatureMove"],"picked":"SKIP","floor":35},{"not_picked":["FlyingSleeves","Evaluate+1","ReachHeaven"],"picked":"SKIP","floor":36},{"not_picked":["DeusExMachina","LikeWater","CutThroughFate"],"picked":"SKIP","floor":38},{"not_picked":["DeceiveReality","ReachHeaven","PathToVictory"],"picked":"SKIP","floor":39}],"player_experience":1343233,"relics_obtained":[{"floor":9,"key":"Du-Vu Doll"},{"floor":11,"key":"FossilizedHelix"},{"floor":13,"key":"Mango"},{"floor":23,"key":"StrikeDummy"},{"floor":27,"key":"Art of War"}],"event_choices":[{"cards_removed":["Defend_P"],"damage_healed":0,"gold_gain":0,"player_choice":"Forget","damage_taken":0,"max_hp_gain":0,"max_hp_loss":0,"event_name":"Living Wall","floor":2,"gold_loss":0},{"cards_removed":["Defend_P"],"damage_healed":0,"gold_gain":0,"player_choice":"Card Removal","damage_taken":7,"max_hp_gain":0,"max_hp_loss":0,"event_name":"Golden Wing","floor":12,"gold_loss":0},{"damage_healed":0,"gold_gain":0,"player_choice":"Traded Relic","damage_taken":0,"relics_obtained":["Nloth\u0027s Gift"],"max_hp_gain":0,"max_hp_loss":0,"event_name":"N\u0027loth","floor":19,"relics_lost":["Mango"],"gold_loss":0},{"damage_healed":0,"gold_gain":50,"player_choice":"Touch","damage_taken":8,"max_hp_gain":0,"max_hp_loss":0,"event_name":"FaceTrader","floor":28,"gold_loss":0},{"damage_healed":0,"gold_gain":0,"player_choice":"0 cards matched","damage_taken":0,"max_hp_gain":0,"max_hp_loss":0,"event_name":"Match and Keep!","floor":31,"gold_loss":0,"cards_obtained":[]}],"is_beta":false,"boss_relics":[{"not_picked":["HolyWater","Ectoplasm"],"picked":"Cursed Key"},{"not_picked":["Sozu","Black Star"],"picked":"Runic Dome"}],"items_purged_floors":[21,25,37],"is_endless":false,"potions_floor_spawned":[1,3,7,13,16,22,23,27,38,39],"killed_by":"Nemesis","ascension_level":20}