{"gold_per_floor":[112,124,124,49,60,93,93,122,122,122,22,38,38,73,73,144,144,161,161,161,36,46,46],"floor_reached":23,"playtime":821,"items_purged":["Defend_P","Defend_P","Strike_P"],"score":468,"play_id":"1bddfb4e-bd3f-4a12-8870-7b1f038588df","local_time":"20221227041634","is_ascension_mode":true,"campfire_choices":[{"data":"EmptyFist","floor":7,"key":"SMITH"},{"data":"Adaptation","floor":10,"key":"SMITH"},{"floor":15,"key":"REST"}],"neow_cost":"NONE","seed_source_timestamp":706976583890900,"circlet_count":0,"master_deck":["AscendersBane","Strike_P+1","Strike_P","Strike_P","Defend_P","Eruption","Vigilance+1","Dramatic Entrance","EmptyFist+1","Adaptation+1","CarveReality","Halt","MentalFortress","InnerPeace","FlurryOfBlows","LessonLearned"],"special_seed":0,"relics":["PureWater","TeardropLocket","Bottled Tornado","Shuriken","Akabeko","Runic Pyramid"],"potions_floor_usage":[16,20,22,23],"damage_taken":[{"damage":0.0,"enemies":"Small Slimes","floor":1.0,"turns":1.0},{"damage":0.0,"enemies":"Jaw Worm","floor":2.0,"turns":2.0},{"damage":0.0,"enemies":"2 Louse","floor":5.0,"turns":2.0},{"damage":0.0,"enemies":"Gremlin Nob","floor":6.0,"turns":2.0},{"damage":24,"enemies":"3 Sentries","floor":8,"turns":7},{"damage":5,"enemies":"Blue Slaver","floor":12,"turns":3},{"damage":9,"enemies":"Lagavulin","floor":14,"turns":5},{"damage":22,"enemies":"The Guardian","floor":16,"turns":6},{"damage":20,"enemies":"Chosen","floor":18,"turns":4},{"damage":0,"enemies":"2 Thieves","floor":20,"turns":1},{"damage":6,"enemies":"Snecko","floor":22,"turns":7},{"damage":35,"enemies":"Slavers","floor":23,"turns":2}],"seed_played":"-7774220648644061049","potions_obtained":[{"floor":2.0,"key":"Strength Potion"},{"floor":5.0,"key":"StancePotion"},{"floor":6.0,"key":"SmokeBomb"},{"floor":16,"key":"ColorlessPotion"},{"floor":22,"key":"Dexterity Potion"}],"is_trial":false,"path_per_floor":["M","M","?","$","M","E","R","E","T","R","$","M","?","E","R","B",null,"M","?","M","$","M","E"],"character_chosen":"WATCHER","items_purchased":[],"campfire_rested":1,"item_purchase_floors":[],"current_hp_per_floor":[61,61,54,54,54,54,54,30,30,30,30,25,30,21,42,20,60,40,40,40,40,34,0],"gold":46,"neow_bonus":"RANDOM_COLORLESS","is_prod":false,"is_daily":false,"chose_seed":false,"campfire_upgraded":2,"win_rate":0,"timestamp":1672132594,"path_taken":["M","M","?","?","?","E","R","E","T","R","$","M","?","E","R","BOSS","M","?","M","$","M","E"],"build_version":"2022-12-18","purchased_purges":3,"victory":false,"max_hp_per_floor":[68,68,68,68,68,68,68,68,68,68,68,68,73,73,73,73,73,73,73,73,73,73,73],"relic_stats":{"counters":[12,42],"Shuriken":[13],"PureWater":[9],"Bottled Tornado":"Adaptation","obtain_stats":[{"Shuriken":9,"TeardropLocket":6,"PureWater":0,"Bottled Tornado":8,"Akabeko":14,"Runic Pyramid":17},{"Shuriken":5,"TeardropLocket":4,"PureWater":0,"Bottled Tornado":5,"Akabeko":7,"Runic Pyramid":8},{"Shuriken":14,"TeardropLocket":7,"PureWater":0,"Bottled Tornado":14,"Akabeko":22,"Runic Pyramid":28}]},"card_choices":[{"not_picked":["Trip","Purity"],"picked":"Dramatic Entrance","floor":0.0},{"not_picked":["SashWhip","BowlingBash"],"picked":"EmptyFist","floor":1.0},{"not_picked":["ClearTheMind","EmptyBody"],"picked":"Adaptation","floor":2.0},{"not_picked":["SignatureMove","Protect"],"picked":"CarveReality","floor":5.0},{"not_picked":["TalkToTheHand","ThirdEye"],"picked":"Halt","floor":6.0},{"not_picked":["Vault","BowlingBash"],"picked":"MentalFortress","floor":8},{"not_picked":["Halt","ForeignInfluence"],"picked":"InnerPeace","floor":12},{"not_picked":["Crescendo","EmptyBody"],"picked":"FlurryOfBlows","floor":14},{"not_picked":["Wish","DeusExMachina"],"picked":"LessonLearned","floor":16},{"not_picked":["CrushJoints","Swivel","BowlingBash"],"picked":"SKIP","floor":18},{"not_picked":["WaveOfTheHand","Protect+1","FollowUp"],"picked":"SKIP","floor":22}],"player_experience":1346854,"relics_obtained":[{"floor":6.0,"key":"TeardropLocket"},{"floor":8,"key":"Bottled Tornado"},{"floor":9,"key":"Shuriken"},{"floor":14,"key":"Akabeko"}],"event_choices":[{"cards_removed":["Defend_P"],"damage_healed":0.0,"max_hp_gain":0.0,"max_hp_loss":0.0,"gold_gain":0.0,"event_name":"Golden Wing","player_choice":"Card Removal","floor":3.0,"gold_loss":0.0,"damage_taken":7.0},{"damage_healed":0,"gold_gain":0,"player_choice":"Donut","damage_taken":0,"max_hp_gain":5,"max_hp_loss":0,"event_name":"Big Fish","floor":13,"gold_loss":0},{"damage_healed":0,"gold_gain":0,"player_choice":"Ignored","damage_taken":0,"max_hp_gain":0,"max_hp_loss":0,"event_name":"Vampires","floor":19,"gold_loss":0}],"is_beta":false,"boss_relics":[{"not_picked":["Empty Cage","Pandora\u0027s Box"],"picked":"Runic Pyramid"}],"items_purged_floors":[4,11,21],"is_endless":false,"potions_floor_spawned":[2,5,6,16,22],"killed_by":"Slavers","ascension_level":20}