{"gold_per_floor":[15,15,31,41,41,75,75,103,126,174,188,188,188,188,188,188],"floor_reached":16,"playtime":717,"items_purged":[],"score":286,"play_id":"ce795cbc-0d31-4e13-b80a-2ce98a4c0bc0","local_time":"20221227025600","is_ascension_mode":true,"campfire_choices":[{"data":"Eruption","floor":7,"key":"SMITH"},{"floor":13,"key":"REST"},{"data":"MentalFortress","floor":15,"key":"SMITH"}],"neow_cost":"NO_GOLD","seed_source_timestamp":702260185212200,"circlet_count":0,"master_deck":["AscendersBane","Strike_P","Strike_P","Strike_P","Strike_P","Defend_P","Defend_P","Defend_P","Eruption+1","Vigilance","Magnetism","CarveReality","MentalFortress+1","Wallop","Vault","FearNoEvil"],"relics":["PureWater","Gremlin Horn","MealTicket","Bag of Marbles","Akabeko","Damaru","Golden Idol"],"potions_floor_usage":[10,10],"damage_taken":[{"damage":7,"enemies":"Cultist","floor":1,"turns":5},{"damage":2,"enemies":"Jaw Worm","floor":3,"turns":2},{"damage":15,"enemies":"Small Slimes","floor":4,"turns":5},{"damage":0,"enemies":"Lagavulin","floor":6,"turns":6},{"damage":16,"enemies":"Gremlin Nob","floor":8,"turns":3},{"damage":12,"enemies":"3 Sentries","floor":10,"turns":10},{"damage":0,"enemies":"Looter","floor":11,"turns":3},{"damage":31,"enemies":"The Guardian","floor":16,"turns":6}],"seed_played":"372404704841056430","potions_obtained":[{"floor":1,"key":"BottledMiracle"},{"floor":6,"key":"SkillPotion"},{"floor":14,"key":"Dexterity Potion"},{"floor":14,"key":"CultistPotion"}],"is_trial":false,"path_per_floor":["M","?","M","M","T","E","R","E","T","E","M","?","R","?","R","B"],"character_chosen":"WATCHER","items_purchased":[],"campfire_rested":1,"item_purchase_floors":[],"current_hp_per_floor":[54,54,52,37,37,37,37,21,21,9,9,9,27,27,27,0],"gold":188,"neow_bonus":"RANDOM_COLORLESS_2","is_prod":false,"is_daily":false,"chose_seed":false,"campfire_upgraded":2,"win_rate":0,"timestamp":1672127760,"path_taken":["M","?","M","M","?","E","R","E","T","E","M","?","R","?","R","BOSS"],"build_version":"2022-12-18","purchased_purges":0,"victory":false,"max_hp_per_floor":[68,68,68,68,68,68,68,68,68,68,68,62,62,62,62,62],"relic_stats":{"Gremlin Horn":[2,2],"counters":[8,40],"Golden Idol":0,"MealTicket":0,"PureWater":[7],"obtain_stats":[{"Gremlin Horn":5,"Golden Idol":12,"Damaru":10,"MealTicket":6,"Bag of Marbles":8,"PureWater":0,"Akabeko":9},{"Gremlin Horn":3,"Golden Idol":7,"Damaru":6,"MealTicket":4,"Bag of Marbles":5,"PureWater":0,"Akabeko":5},{"Gremlin Horn":12,"Golden Idol":34,"Damaru":31,"MealTicket":18,"Bag of Marbles":21,"PureWater":0,"Akabeko":21}]},"card_choices":[{"not_picked":["Chrysalis","Violence"],"picked":"Magnetism","floor":0},{"not_picked":["ClearTheMind","InnerPeace"],"picked":"CarveReality","floor":1},{"not_picked":["BattleHymn","Weave"],"picked":"MentalFortress","floor":3},{"not_picked":["BattleHymn","Prostrate","Halt"],"picked":"SKIP","floor":4},{"not_picked":["CrushJoints","Omniscience"],"picked":"Wallop","floor":6},{"not_picked":["Establishment","Collect","WaveOfTheHand"],"picked":"SKIP","floor":8},{"not_picked":["ForeignInfluence","PathToVictory"],"picked":"Vault","floor":10},{"not_picked":["FlyingSleeves","BowlingBash"],"picked":"FearNoEvil","floor":11}],"player_experience":1342171,"relics_obtained":[{"floor":5,"key":"Gremlin Horn"},{"floor":6,"key":"MealTicket"},{"floor":8,"key":"Bag of Marbles"},{"floor":9,"key":"Akabeko"},{"floor":10,"key":"Damaru"}],"event_choices":[{"cards_removed":["Defend_P"],"damage_healed":0,"gold_gain":0,"player_choice":"Forget","damage_taken":0,"max_hp_gain":0,"max_hp_loss":0,"event_name":"Living Wall","floor":2,"gold_loss":0},{"damage_healed":0,"gold_gain":0,"player_choice":"Lose Max HP","damage_taken":0,"relics_obtained":["Golden Idol"],"max_hp_gain":0,"max_hp_loss":6,"event_name":"Golden Idol","floor":12,"gold_loss":0},{"damage_healed":0,"gold_gain":0,"player_choice":"Got Potions","damage_taken":0,"max_hp_gain":0,"max_hp_loss":0,"event_name":"Lab","floor":14,"gold_loss":0}],"is_beta":false,"boss_relics":[],"items_purged_floors":[],"is_endless":false,"potions_floor_spawned":[1,6],"killed_by":"The Guardian","ascension_level":20}