{"gold_per_floor":[112,123,135,135,156,156,195,195,195,195,215,259,184,207,207,296,296,320,245,245,263,313,351,351,390,415,75,115,140,140,140,140,140],"floor_reached":33,"playtime":1099,"items_purged":["Defend_P","Strike_P"],"score":726,"play_id":"a9573de2-c4cb-47b5-9506-b14f729d6115","local_time":"20230123172633","is_ascension_mode":true,"campfire_choices":[{"data":"BattleHymn","floor":6,"key":"SMITH"},{"data":"ForeignInfluence","floor":10,"key":"SMITH"},{"data":"Prostrate","floor":15,"key":"SMITH"},{"data":"Pray","floor":24,"key":"SMITH"},{"data":"Devotion","floor":30,"key":"SMITH"},{"data":"Ghostly","floor":32,"key":"SMITH"}],"neow_cost":"NONE","seed_source_timestamp":405157488833000,"circlet_count":0,"master_deck":["AscendersBane","Strike_P","Strike_P","Defend_P","Defend_P","Defend_P","Eruption","Vigilance","BattleHymn+1","Crescendo","EmptyFist","ForeignInfluence+1","Pray+1","TalkToTheHand","Prostrate+1","Vault","Prostrate+1","InnerPeace","FearNoEvil","MentalFortress","Pray","Devotion+1","Ghostly","Ghostly","Ghostly+1"],"relics":["PureWater","Oddly Smooth Stone","Golden Idol","Juzu Bracelet","Omamori","Letter Opener","Coffee Dripper","Happy Flower","Turnip","Art of War","Bag of Preparation","Orrery","Calipers"],"potions_floor_usage":[12,23,25,33,33],"damage_taken":[{"damage":0,"enemies":"2 Louse","floor":1,"turns":2},{"damage":1,"enemies":"Jaw Worm","floor":2,"turns":4},{"damage":0,"enemies":"Cultist","floor":3,"turns":3},{"damage":6,"enemies":"2 Fungi Beasts","floor":5,"turns":4},{"damage":5,"enemies":"Gremlin Nob","floor":7,"turns":3},{"damage":0,"enemies":"Large Slime","floor":11,"turns":3},{"damage":0,"enemies":"Lagavulin","floor":12,"turns":4},{"damage":0,"enemies":"Exordium Wildlife","floor":14,"turns":1},{"damage":16,"enemies":"Hexaghost","floor":16,"turns":6},{"damage":0,"enemies":"Chosen","floor":18,"turns":3},{"damage":3,"enemies":"3 Byrds","floor":21,"turns":5},{"damage":14,"enemies":"Slavers","floor":23,"turns":4},{"damage":0,"enemies":"Book of Stabbing","floor":25,"turns":3},{"damage":21,"enemies":"Gremlin Leader","floor":28,"turns":4},{"damage":3,"enemies":"Snake Plant","floor":29,"turns":3},{"damage":19,"enemies":"Automaton","floor":33,"turns":2}],"seed_played":"2438652201959995330","potions_obtained":[{"floor":1,"key":"BlessingOfTheForge"},{"floor":2,"key":"BlessingOfTheForge"},{"floor":16,"key":"BottledMiracle"},{"floor":23,"key":"BlessingOfTheForge"},{"floor":28,"key":"ColorlessPotion"}],"is_trial":false,"path_per_floor":["M","M","M","?","M","R","E","?","T","R","M","E","$","M","R","B",null,"M","?","T","M","?","E","R","E","T","$","E","M","R","?","R","B"],"character_chosen":"WATCHER","items_purchased":["Orrery","MentalFortress"],"campfire_rested":0,"item_purchase_floors":[27,27],"current_hp_per_floor":[61,60,60,60,54,54,49,49,49,49,49,49,49,49,49,33,55,55,55,55,52,52,38,38,38,38,38,17,14,14,14,14,0],"gold":140,"neow_bonus":"RANDOM_COMMON_RELIC","is_prod":false,"is_daily":false,"chose_seed":false,"campfire_upgraded":6,"win_rate":0,"timestamp":1674512793,"path_taken":["M","M","M","?","M","R","E","?","T","R","M","E","$","M","R","BOSS","M","?","?","M","?","E","R","E","T","$","E","M","R","?","R","BOSS"],"build_version":"2022-12-18","purchased_purges":2,"victory":false,"max_hp_per_floor":[68,68,68,62,62,62,62,62,62,62,62,62,62,62,62,62,62,62,62,62,62,62,62,62,62,62,62,62,62,62,31,31,31],"relic_stats":{"Calipers":[0],"Happy Flower":[7],"counters":[16,54],"Golden Idol":86,"Turnip":[0],"Juzu Bracelet":1,"Omamori":0,"Art of War":[2],"Bag of Preparation":[6],"Letter Opener":[144],"PureWater":[9],"obtain_stats":[{"Calipers":28,"Happy Flower":20,"Golden Idol":4,"Oddly Smooth Stone":0,"Juzu Bracelet":7,"Omamori":9,"Bag of Preparation":26,"Letter Opener":12,"Orrery":27,"Turnip":23,"Coffee Dripper":17,"Art of War":25,"PureWater":0},{"Calipers":14,"Happy Flower":10,"Golden Idol":3,"Oddly Smooth Stone":0,"Juzu Bracelet":5,"Omamori":5,"Bag of Preparation":13,"Letter Opener":7,"Orrery":13,"Turnip":12,"Coffee Dripper":9,"Art of War":13,"PureWater":0},{"Calipers":49,"Happy Flower":33,"Golden Idol":9,"Oddly Smooth Stone":0,"Juzu Bracelet":16,"Omamori":16,"Bag of Preparation":45,"Letter Opener":23,"Orrery":45,"Turnip":42,"Coffee Dripper":30,"Art of War":45,"PureWater":0}]},"card_choices":[{"not_picked":["CarveReality","Nirvana"],"picked":"BattleHymn","floor":1},{"not_picked":["Prostrate","PathToVictory"],"picked":"Crescendo","floor":2},{"not_picked":["FlyingSleeves","BattleHymn"],"picked":"EmptyFist","floor":3},{"not_picked":["FlyingSleeves","Crescendo"],"picked":"ForeignInfluence","floor":5},{"not_picked":["SashWhip","SandsOfTime"],"picked":"Pray","floor":7},{"not_picked":["WaveOfTheHand","LikeWater","EmptyFist"],"picked":"SKIP","floor":11},{"not_picked":["ForeignInfluence","Weave"],"picked":"TalkToTheHand","floor":12},{"not_picked":["DeceiveReality","EmptyFist"],"picked":"Prostrate","floor":14},{"not_picked":["Establishment","DevaForm"],"picked":"Vault","floor":16},{"not_picked":["JustLucky","BattleHymn","EmptyBody"],"picked":"SKIP","floor":18},{"not_picked":["WheelKick","EmptyBody"],"picked":"Prostrate+1","floor":21},{"not_picked":["WheelKick","Judgement"],"picked":"InnerPeace","floor":23},{"not_picked":["ClearTheMind","Weave","Prostrate"],"picked":"SKIP","floor":25},{"not_picked":["WheelKick","CrushJoints+1"],"picked":"FearNoEvil","floor":27},{"not_picked":["Protect","CrushJoints"],"picked":"Pray","floor":27},{"not_picked":["ForeignInfluence","FlurryOfBlows"],"picked":"Devotion","floor":28},{"not_picked":["MentalFortress","Consecrate","FlurryOfBlows+1"],"picked":"SKIP","floor":29}],"player_experience":1406891,"relics_obtained":[{"floor":7,"key":"Juzu Bracelet"},{"floor":9,"key":"Omamori"},{"floor":12,"key":"Letter Opener"},{"floor":20,"key":"Happy Flower"},{"floor":23,"key":"Turnip"},{"floor":25,"key":"Art of War"},{"floor":26,"key":"Bag of Preparation"},{"floor":28,"key":"Calipers"}],"event_choices":[{"damage_healed":0,"gold_gain":0,"player_choice":"Lose Max HP","damage_taken":0,"relics_obtained":["Golden Idol"],"max_hp_gain":0,"max_hp_loss":6,"event_name":"Golden Idol","floor":4,"gold_loss":0},{"damage_healed":0,"gold_gain":0,"player_choice":"Ignored","damage_taken":0,"max_hp_gain":0,"max_hp_loss":0,"event_name":"Liars Game","floor":8,"gold_loss":0},{"cards_removed":["Strike_P"],"damage_healed":0,"gold_gain":0,"player_choice":"Gave Gold","damage_taken":0,"max_hp_gain":0,"max_hp_loss":0,"event_name":"Beggar","floor":19,"gold_loss":75},{"damage_healed":0,"gold_gain":50,"player_choice":"Stole From Cult","damage_taken":0,"max_hp_gain":0,"max_hp_loss":0,"event_name":"Nest","floor":22,"gold_loss":0},{"damage_healed":0,"gold_gain":0,"player_choice":"Became a Ghost","damage_taken":0,"max_hp_gain":0,"max_hp_loss":31,"event_name":"Ghosts","floor":31,"gold_loss":0,"cards_obtained":["Ghostly","Ghostly","Ghostly"]}],"is_beta":false,"boss_relics":[{"not_picked":["Runic Dome","Runic Pyramid"],"picked":"Coffee Dripper"}],"items_purged_floors":[13,27],"is_endless":false,"potions_floor_spawned":[1,2,5,16,23,28],"killed_by":"Automaton","ascension_level":20}