{"gold_per_floor":[113,132,147,147,147,147,176,176,176,205,130,165,176,196,196,275,275,286,128,142,161,161,161],"floor_reached":23,"playtime":994,"items_purged":["Defend_P"],"score":572,"play_id":"ee6269f8-c4f6-4394-a27f-07fc7baf7edd","local_time":"20230123180152","is_ascension_mode":true,"campfire_choices":[{"data":"Eruption","floor":6.0,"key":"SMITH"},{"data":"Scrawl","floor":8,"key":"SMITH"},{"data":"Vault","floor":15,"key":"SMITH"}],"neow_cost":"NONE","seed_source_timestamp":407339773582600,"circlet_count":0,"master_deck":["AscendersBane","Defend_P","Eruption+1","Vigilance","Crescendo","Wallop","MentalFortress","Vault+1","Scrawl+1","ReachHeaven","CutThroughFate","MasterReality+1","Tantrum+1","Alpha+1","Pray+1","MentalFortress+1"],"special_seed":0,"relics":["PureWater","TungstenRod","Peace Pipe","MealTicket","Frozen Egg 2","Astrolabe"],"potions_floor_usage":[7,10,23,23],"damage_taken":[{"damage":1.0,"enemies":"Small Slimes","floor":1.0,"turns":3.0},{"damage":7.0,"enemies":"Jaw Worm","floor":2.0,"turns":3.0},{"damage":0.0,"enemies":"2 Louse","floor":3.0,"turns":1.0},{"damage":16,"enemies":"Gremlin Nob","floor":7,"turns":3},{"damage":11,"enemies":"3 Sentries","floor":10,"turns":9},{"damage":0,"enemies":"Gremlin Nob","floor":12,"turns":3},{"damage":1,"enemies":"Looter","floor":13,"turns":2},{"damage":4,"enemies":"2 Fungi Beasts","floor":14,"turns":2},{"damage":0,"enemies":"Slime Boss","floor":16,"turns":4},{"damage":0,"enemies":"Chosen","floor":18,"turns":4},{"damage":24,"enemies":"2 Thieves","floor":20,"turns":4},{"damage":12,"enemies":"Centurion and Healer","floor":21,"turns":5},{"damage":48,"enemies":"Slavers","floor":23,"turns":3}],"seed_played":"9022691959851567554","potions_obtained":[{"floor":2.0,"key":"SteroidPotion"},{"floor":7,"key":"StancePotion"},{"floor":13,"key":"Weak Potion"},{"floor":14,"key":"CultistPotion"},{"floor":21,"key":"Fruit Juice"}],"is_trial":false,"path_per_floor":["M","M","M","?","?","R","E","R","T","E","?","E","M","M","R","B",null,"M","$","M","M","?","E"],"character_chosen":"WATCHER","items_purchased":["MentalFortress+1"],"campfire_rested":0,"item_purchase_floors":[19],"current_hp_per_floor":[60,53,53,53,53,53,37,37,37,26,26,26,25,21,21,21,56,56,68,44,32,32,0],"gold":161,"neow_bonus":"REMOVE_CARD","is_prod":false,"is_daily":false,"chose_seed":false,"campfire_upgraded":3,"win_rate":0,"timestamp":1674514912,"path_taken":["M","M","M","?","?","R","E","R","T","E","?","E","M","M","R","BOSS","M","$","M","M","?","E"],"build_version":"2022-12-18","purchased_purges":1,"victory":false,"max_hp_per_floor":[68,68,68,68,68,68,68,68,68,68,68,68,68,68,68,68,68,68,68,68,68,68,73],"relic_stats":{"Peace Pipe":0,"counters":[13,46],"Astrolabe":["Tantrum","Alpha","Pray"],"MealTicket":12,"PureWater":[12],"obtain_stats":[{"Peace Pipe":9,"Astrolabe":17,"MealTicket":10,"PureWater":0,"Frozen Egg 2":12,"TungstenRod":7},{"Peace Pipe":4,"Astrolabe":9,"MealTicket":5,"PureWater":0,"Frozen Egg 2":6,"TungstenRod":4},{"Peace Pipe":10,"Astrolabe":30,"MealTicket":19,"PureWater":0,"Frozen Egg 2":22,"TungstenRod":10}],"TungstenRod":15},"card_choices":[{"not_picked":["Protect","SashWhip"],"picked":"Crescendo","floor":1.0},{"not_picked":["ClearTheMind","PathToVictory"],"picked":"Wallop","floor":2.0},{"not_picked":["Halt","Collect"],"picked":"MentalFortress","floor":3.0},{"not_picked":["TalkToTheHand","DeceiveReality"],"picked":"Scrawl","floor":7},{"not_picked":["Protect","Evaluate"],"picked":"ReachHeaven","floor":10},{"not_picked":["Prostrate","ClearTheMind","Protect"],"picked":"SKIP","floor":12},{"not_picked":["FollowUp","Brilliance"],"picked":"CutThroughFate","floor":13},{"not_picked":["ClearTheMind","BattleHymn+1","SashWhip"],"picked":"SKIP","floor":14},{"not_picked":["Judgement","Alpha"],"picked":"MasterReality+1","floor":16},{"not_picked":["CutThroughFate","EmptyBody","Prostrate"],"picked":"SKIP","floor":18},{"not_picked":["CutThroughFate","SashWhip","ClearTheMind"],"picked":"SKIP","floor":20},{"not_picked":["FollowUp","Consecrate","BowlingBash"],"picked":"SKIP","floor":21}],"player_experience":1408043,"relics_obtained":[{"floor":7,"key":"TungstenRod"},{"floor":9,"key":"Peace Pipe"},{"floor":10,"key":"MealTicket"},{"floor":12,"key":"Frozen Egg 2"}],"event_choices":[{"damage_healed":0.0,"max_hp_gain":0.0,"max_hp_loss":0.0,"gold_gain":0.0,"event_name":"Liars Game","player_choice":"Ignored","floor":4.0,"gold_loss":0.0,"damage_taken":0.0},{"damage_healed":0.0,"max_hp_gain":0.0,"max_hp_loss":0.0,"gold_gain":0.0,"cards_transformed":["Defend_P"],"event_name":"Living Wall","player_choice":"Change","floor":5.0,"gold_loss":0.0,"damage_taken":0.0,"cards_obtained":["Vault"]},{"cards_removed":["Strike_P"],"damage_healed":0,"gold_gain":0,"player_choice":"Card Removal","damage_taken":0,"max_hp_gain":0,"max_hp_loss":0,"event_name":"The Cleric","floor":11,"gold_loss":75},{"damage_healed":0,"gold_gain":0,"player_choice":"Ignored","damage_taken":0,"max_hp_gain":0,"max_hp_loss":0,"event_name":"Ghosts","floor":22,"gold_loss":0}],"is_beta":false,"boss_relics":[{"not_picked":["HolyWater","Black Star"],"picked":"Astrolabe"}],"items_purged_floors":[19],"is_endless":false,"potions_floor_spawned":[2,7,13,14,16,20,21],"killed_by":"Slavers","ascension_level":20}