{"gold_per_floor":[113,27,27,27,27,27,71,71,97,131,154,183,108,14,14,91,91,101,120,130,148,160,160,171,171,205,49,64,102,128,163,175,187],"floor_reached":33,"playtime":1550,"items_purged":["Defend_P","Shame"],"score":760,"play_id":"b29d93cb-6bf8-4598-b0cd-b420cd114fc5","local_time":"20230124121609","is_ascension_mode":true,"campfire_choices":[{"data":"Eruption","floor":6,"key":"SMITH"},{"data":"WheelKick","floor":8,"key":"SMITH"},{"data":"Strike_P","floor":15,"key":"PURGE"},{"data":"Strike_P","floor":23,"key":"PURGE"},{"data":"Strike_P","floor":25,"key":"PURGE"},{"floor":32,"key":"REST"}],"neow_cost":"NONE","seed_source_timestamp":472484729822200,"circlet_count":0,"master_deck":["AscendersBane","Strike_P","Defend_P+1","Defend_P+1","Defend_P+1","Eruption+1","Vigilance+1","MentalFortress","FearNoEvil","WheelKick+1","Conclude","EmptyBody","Tantrum","TalkToTheHand","CutThroughFate"],"relics":["PureWater","NeowsBlessing","Pear","CeramicFish","War Paint","Potion Belt","Peace Pipe","Anchor","Cursed Key","Ancient Tea Set","MawBank"],"potions_floor_usage":[20,20,24,29,29,31,33,33],"damage_taken":[{"damage":0,"enemies":"Small Slimes","floor":1,"turns":2},{"damage":0,"enemies":"Gremlin Nob","floor":7,"turns":1},{"damage":0,"enemies":"Lagavulin","floor":10,"turns":1},{"damage":0,"enemies":"2 Louse","floor":11,"turns":1},{"damage":20,"enemies":"3 Sentries","floor":12,"turns":4},{"damage":9,"enemies":"The Guardian","floor":16,"turns":12},{"damage":0,"enemies":"Spheric Guardian","floor":18,"turns":2},{"damage":0,"enemies":"2 Thieves","floor":19,"turns":2},{"damage":6,"enemies":"Sentry and Sphere","floor":20,"turns":3},{"damage":0,"enemies":"Snecko","floor":21,"turns":4},{"damage":0,"enemies":"Centurion and Healer","floor":22,"turns":4},{"damage":7,"enemies":"Snake Plant","floor":24,"turns":3},{"damage":0,"enemies":"3 Cultists","floor":28,"turns":3},{"damage":39,"enemies":"Slavers","floor":29,"turns":12},{"damage":16,"enemies":"Cultist and Chosen","floor":30,"turns":5},{"damage":0,"enemies":"Gremlin Leader","floor":31,"turns":5},{"damage":25,"enemies":"Collector","floor":33,"turns":6}],"seed_played":"1019095066320123325","potions_obtained":[{"floor":1,"key":"LiquidBronze"},{"floor":16,"key":"Block Potion"},{"floor":18,"key":"PowerPotion"},{"floor":19,"key":"SneckoOil"},{"floor":22,"key":"EssenceOfSteel"},{"floor":24,"key":"Ancient Potion"},{"floor":29,"key":"Fire Potion"}],"is_trial":false,"path_per_floor":["M","$","?","?","T","R","E","R","T","E","M","E","$","?","R","B",null,"M","M","M","M","M","R","M","R","T","$","M","E","M","E","R","B"],"character_chosen":"WATCHER","items_purchased":["FearNoEvil","Fire Potion"],"campfire_rested":1,"item_purchase_floors":[2,27],"current_hp_per_floor":[61,61,41,46,56,56,56,56,56,56,56,36,36,36,36,27,69,69,69,63,63,63,63,56,56,56,56,56,17,1,1,25,0],"gold":187,"neow_bonus":"THREE_ENEMY_KILL","is_prod":false,"is_daily":false,"chose_seed":false,"campfire_upgraded":2,"win_rate":0,"timestamp":1674580569,"path_taken":["M","$","?","?","?","R","E","R","T","E","M","E","?","?","R","BOSS","M","M","M","?","M","R","M","R","T","$","M","E","M","E","R","BOSS"],"build_version":"2022-12-18","purchased_purges":2,"victory":false,"max_hp_per_floor":[68,68,68,73,83,83,83,83,83,83,83,83,83,83,83,83,83,83,83,83,83,83,83,83,83,83,83,83,83,83,83,83,83],"relic_stats":{"Peace Pipe":3,"counters":[17,70],"CeramicFish":63,"PureWater":[9],"War Paint":["Vigilance","Defend_P"],"Cursed Key":1,"Ancient Tea Set":[2],"MawBank":24,"obtain_stats":[{"Potion Belt":10,"Peace Pipe":12,"Anchor":14,"Pear":5,"NeowsBlessing":0,"CeramicFish":7,"PureWater":0,"War Paint":9,"Cursed Key":17,"Ancient Tea Set":29,"MawBank":31},{"Potion Belt":3,"Peace Pipe":5,"Anchor":5,"Pear":1,"NeowsBlessing":0,"CeramicFish":2,"PureWater":0,"War Paint":2,"Cursed Key":6,"Ancient Tea Set":14,"MawBank":16},{"Potion Belt":4,"Peace Pipe":9,"Anchor":9,"Pear":2,"NeowsBlessing":0,"CeramicFish":3,"PureWater":0,"War Paint":3,"Cursed Key":21,"Ancient Tea Set":54,"MawBank":64}]},"card_choices":[{"not_picked":["Study","Prostrate"],"picked":"MentalFortress","floor":1},{"not_picked":["BattleHymn","FearNoEvil"],"picked":"WheelKick","floor":7},{"not_picked":["ForeignInfluence","Weave"],"picked":"Conclude","floor":10},{"not_picked":["Protect","CrushJoints"],"picked":"EmptyBody","floor":11},{"not_picked":["FlyingSleeves","WaveOfTheHand","Blasphemy"],"picked":"SKIP","floor":12},{"not_picked":["SashWhip","Crescendo","Protect"],"picked":"SKIP","floor":18},{"not_picked":["Wireheading","PathToVictory"],"picked":"Tantrum","floor":19},{"not_picked":["Wallop","PathToVictory","CrushJoints"],"picked":"SKIP","floor":20},{"not_picked":["EmptyFist+1","Prostrate","EmptyBody"],"picked":"SKIP","floor":21},{"not_picked":["CrushJoints","Worship","Omniscience"],"picked":"SKIP","floor":22},{"not_picked":["CutThroughFate","BattleHymn","Consecrate+1"],"picked":"SKIP","floor":24},{"not_picked":["Vengeance","Evaluate","PathToVictory+1"],"picked":"SKIP","floor":28},{"not_picked":["Devotion","ThirdEye"],"picked":"TalkToTheHand","floor":29},{"not_picked":["Fasting2+1","PathToVictory"],"picked":"CutThroughFate","floor":30},{"not_picked":["BattleHymn","Perseverance","WheelKick"],"picked":"SKIP","floor":31}],"player_experience":1410817,"relics_obtained":[{"floor":5,"key":"Pear"},{"floor":7,"key":"CeramicFish"},{"floor":9,"key":"War Paint"},{"floor":10,"key":"Potion Belt"},{"floor":12,"key":"Peace Pipe"},{"floor":29,"key":"Ancient Tea Set"},{"floor":31,"key":"MawBank"}],"event_choices":[{"damage_healed":0,"gold_gain":0,"player_choice":"Entered Light","damage_taken":20,"max_hp_gain":0,"max_hp_loss":0,"event_name":"Shining Light","floor":3,"gold_loss":0,"cards_upgraded":["Defend_P","Defend_P"]},{"damage_healed":0,"gold_gain":0,"player_choice":"Donut","damage_taken":0,"max_hp_gain":5,"max_hp_loss":0,"event_name":"Big Fish","floor":4,"gold_loss":0},{"damage_healed":0,"gold_gain":0,"player_choice":"Paid Gold","damage_taken":0,"relics_obtained":["Anchor"],"max_hp_gain":0,"max_hp_loss":0,"event_name":"WeMeetAgain","floor":14,"gold_loss":94}],"is_beta":false,"boss_relics":[{"not_picked":["Coffee Dripper","Busted Crown"],"picked":"Cursed Key"}],"items_purged_floors":[13,27],"is_endless":false,"potions_floor_spawned":[1,16,18,19,22,24,29],"killed_by":"Collector","ascension_level":20}