{"gold_per_floor":[10,10,26,50,50,65,65,96,121,134,134,175,175,200,200,296,296,315,315,0,0,13,13,49,49,98,142,161,181,215,238,238,238],"floor_reached":33,"playtime":1538,"items_purged":["WindmillStrike"],"score":740,"play_id":"ba2451de-dc6f-4a21-b7a6-bdbdf53a55e6","local_time":"20230123182754","is_ascension_mode":true,"campfire_choices":[{"data":"Eruption","floor":7.0,"key":"SMITH"},{"floor":11.0,"key":"REST"},{"data":"Ragnarok","floor":15.0,"key":"SMITH"},{"data":"Omniscience","floor":23,"key":"SMITH"},{"data":"Omniscience","floor":25,"key":"SMITH"},{"floor":32,"key":"REST"}],"neow_cost":"NO_GOLD","seed_source_timestamp":408386655040000,"circlet_count":0,"master_deck":["AscendersBane","Eruption+1","Vigilance","JustLucky","Omniscience+1","FlurryOfBlows","Halt","CarveReality","TalkToTheHand","MentalFortress","Ragnarok+1","EmptyBody","ConjureBlade+1","Omniscience+1","TalkToTheHand","EmptyFist","ReachHeaven","Vengeance","EmptyMind","ThirdEye+1","Evaluate+1","Evaluate+1","Evaluate+1"],"special_seed":0,"relics":["PureWater","Golden Idol","Oddly Smooth Stone","Art of War","Toy Ornithopter","Pandora\u0027s Box","Bag of Preparation","Toxic Egg 2","Kunai","Lantern","MealTicket","Red Mask"],"potions_floor_usage":[18,27,30],"damage_taken":[{"damage":0.0,"enemies":"Cultist","floor":1.0,"turns":2.0},{"damage":0.0,"enemies":"Small Slimes","floor":3.0,"turns":2.0},{"damage":4.0,"enemies":"Jaw Worm","floor":4.0,"turns":3.0},{"damage":28.0,"enemies":"Exordium Thugs","floor":6.0,"turns":3.0},{"damage":12.0,"enemies":"Lagavulin","floor":8.0,"turns":7.0},{"damage":0.0,"enemies":"Large Slime","floor":10.0,"turns":2.0},{"damage":32.0,"enemies":"Gremlin Nob","floor":12.0,"turns":4.0},{"damage":0.0,"enemies":"2 Fungi Beasts","floor":14.0,"turns":2.0},{"damage":0.0,"enemies":"Slime Boss","floor":16.0,"turns":4.0},{"damage":8,"enemies":"Shell Parasite","floor":18,"turns":4},{"damage":32,"enemies":"Chosen","floor":22,"turns":4},{"damage":46,"enemies":"Gremlin Leader","floor":24,"turns":6},{"damage":0,"enemies":"Book of Stabbing","floor":27,"turns":5},{"damage":0,"enemies":"Snake Plant","floor":28,"turns":3},{"damage":7,"enemies":"Snecko","floor":29,"turns":3},{"damage":12,"enemies":"Masked Bandits","floor":30,"turns":6},{"damage":71,"enemies":"Collector","floor":33,"turns":6}],"seed_played":"6667166193167496759","potions_obtained":[{"floor":6.0,"key":"SteroidPotion"},{"floor":8.0,"key":"BottledMiracle"},{"floor":12.0,"key":"FairyPotion"},{"floor":22,"key":"FairyPotion"},{"floor":24,"key":"EssenceOfSteel"},{"floor":28,"key":"GamblersBrew"},{"floor":30,"key":"FairyPotion"}],"is_trial":false,"path_per_floor":["M","?","M","M","?","M","R","E","T","M","R","E","?","M","R","B",null,"M","?","$","T","M","R","E","R","T","E","M","M","?","T","R","B"],"character_chosen":"WATCHER","items_purchased":["Bag of Preparation","EmptyMind"],"campfire_rested":2,"item_purchase_floors":[20,20],"current_hp_per_floor":[61,61,61,57,57,29,29,17,17,17,35,3,3,3,3,3,47,44,44,44,44,12,12,18,18,18,23,23,16,9,9,27,0],"gold":238,"neow_bonus":"TRANSFORM_TWO_CARDS","is_prod":false,"is_daily":false,"chose_seed":false,"campfire_upgraded":4,"win_rate":0,"timestamp":1674516474,"path_taken":["M","?","M","M","?","M","R","E","T","M","R","E","?","?","R","BOSS","M","?","$","?","M","R","E","R","T","E","M","M","?","?","R","BOSS"],"build_version":"2022-12-18","purchased_purges":1,"victory":false,"max_hp_per_floor":[68,62,62,62,62,62,62,62,62,62,62,62,62,62,62,62,62,62,62,62,62,62,62,62,62,62,62,62,62,62,62,62,62],"relic_stats":{"counters":[17,66],"Golden Idol":90,"Pandora\u0027s Box":["WindmillStrike","ConjureBlade","Omniscience","TalkToTheHand","EmptyFist","ReachHeaven"],"MealTicket":0,"Art of War":[3],"Bag of Preparation":[14],"Kunai":[14],"PureWater":[13],"obtain_stats":[{"Lantern":26,"Golden Idol":2,"Oddly Smooth Stone":8,"Pandora\u0027s Box":17,"MealTicket":27,"Art of War":9,"Bag of Preparation":20,"Red Mask":30,"Kunai":24,"PureWater":0,"Toxic Egg 2":21,"Toy Ornithopter":12},{"Lantern":12,"Golden Idol":1,"Oddly Smooth Stone":5,"Pandora\u0027s Box":9,"MealTicket":13,"Art of War":5,"Bag of Preparation":10,"Red Mask":16,"Kunai":12,"PureWater":0,"Toxic Egg 2":10,"Toy Ornithopter":7},{"Lantern":43,"Golden Idol":2,"Oddly Smooth Stone":17,"Pandora\u0027s Box":29,"MealTicket":48,"Art of War":17,"Bag of Preparation":33,"Red Mask":60,"Kunai":43,"PureWater":0,"Toxic Egg 2":33,"Toy Ornithopter":23}],"Toy Ornithopter":15},"card_choices":[{"not_picked":["FollowUp","ForeignInfluence"],"picked":"FlurryOfBlows","floor":1.0},{"not_picked":["Protect","Crescendo","JustLucky"],"picked":"SKIP","floor":3.0},{"not_picked":["ThirdEye","Protect","Weave"],"picked":"SKIP","floor":4.0},{"not_picked":["Protect","JustLucky"],"picked":"Halt","floor":6.0},{"not_picked":["Crescendo","Establishment"],"picked":"CarveReality","floor":8.0},{"not_picked":["SashWhip","Prostrate"],"picked":"TalkToTheHand","floor":10.0},{"not_picked":["Weave","Evaluate"],"picked":"MentalFortress","floor":12.0},{"not_picked":["JustLucky","Protect"],"picked":"EmptyBody","floor":14.0},{"not_picked":["EmptyFist","ThirdEye"],"picked":"Vengeance","floor":18},{"not_picked":["FollowUp+1","FlyingSleeves","Wireheading"],"picked":"SKIP","floor":22},{"not_picked":["ClearTheMind+1","FollowUp"],"picked":"ThirdEye+1","floor":24},{"not_picked":["SashWhip","FlyingSleeves","BowlingBash"],"picked":"SKIP","floor":27},{"not_picked":["BowlingBash","WreathOfFlame+1"],"picked":"Evaluate+1","floor":28},{"not_picked":["Study","ThirdEye+1"],"picked":"Evaluate+1","floor":29},{"not_picked":["Halt+1","EmptyBody+1"],"picked":"Evaluate+1","floor":30}],"player_experience":1409037,"relics_obtained":[{"floor":8.0,"key":"Oddly Smooth Stone"},{"floor":9.0,"key":"Art of War"},{"floor":12.0,"key":"Toy Ornithopter"},{"floor":21,"key":"Toxic Egg 2"},{"floor":24,"key":"Kunai"},{"floor":26,"key":"Lantern"},{"floor":27,"key":"MealTicket"},{"floor":30,"key":"Red Mask"}],"event_choices":[{"damage_healed":0.0,"max_hp_gain":0.0,"max_hp_loss":6.0,"gold_gain":0.0,"event_name":"Golden Idol","player_choice":"Lose Max HP","floor":2.0,"gold_loss":0.0,"damage_taken":0.0,"relics_obtained":["Golden Idol"]},{"damage_healed":0.0,"max_hp_gain":0.0,"max_hp_loss":0.0,"gold_gain":0.0,"event_name":"Liars Game","player_choice":"Ignored","floor":5.0,"gold_loss":0.0,"damage_taken":0.0},{"damage_healed":0.0,"max_hp_gain":0.0,"max_hp_loss":0.0,"gold_gain":0.0,"event_name":"Match and Keep!","player_choice":"1 cards matched","floor":13.0,"gold_loss":0.0,"damage_taken":0.0,"cards_obtained":["Ragnarok"]},{"damage_healed":0,"gold_gain":0,"player_choice":"Forge","damage_taken":0,"max_hp_gain":0,"max_hp_loss":0,"event_name":"Accursed Blacksmith","floor":19,"gold_loss":0,"cards_upgraded":["ConjureBlade"]},{"damage_healed":0,"gold_gain":0,"player_choice":"Fought Bandits","damage_taken":0,"max_hp_gain":0,"max_hp_loss":0,"event_name":"Masked Bandits","floor":30,"gold_loss":0}],"is_beta":false,"boss_relics":[{"not_picked":["Snecko Eye","Runic Pyramid"],"picked":"Pandora\u0027s Box"}],"items_purged_floors":[20],"is_endless":false,"potions_floor_spawned":[6,8,12,16,22,24,28,30],"killed_by":"Collector","ascension_level":20}