{"gold_per_floor":[214,214,32,44,59,59,88,88,113,126,152,168,197,197,197,273,273,283,50,62,77,77,77,23,53,53,78,96,121,121,138,138,138],"floor_reached":33,"playtime":1777,"items_purged":["Defend_P"],"score":700,"play_id":"8c573209-a78d-4e1f-8fc7-a14199474547","local_time":"20230119005411","is_ascension_mode":true,"campfire_choices":[{"data":"SandsOfTime","floor":6.0,"key":"SMITH"},{"data":"Eruption","floor":8.0,"key":"SMITH"},{"data":"CrushJoints","floor":15.0,"key":"SMITH"},{"floor":23,"key":"REST"},{"data":"Adaptation","floor":32,"key":"SMITH"}],"neow_cost":"NONE","seed_source_timestamp":0,"circlet_count":0,"master_deck":["AscendersBane","Strike_P","Strike_P","Strike_P","Defend_P","Defend_P","Eruption+1","Vigilance","Sanctity","CrushJoints+1","CarveReality","SandsOfTime+1","Vault+1","FlurryOfBlows","Vault","Adaptation+1","InnerPeace"],"special_seed":0,"relics":["PureWater","TheAbacus","Omamori","Vajra","Art of War","Bird Faced Urn","Empty Cage","ClockworkSouvenir","Potion Belt","PreservedInsect","Bottled Lightning","StrikeDummy"],"potions_floor_usage":[25,27,28,33],"damage_taken":[{"damage":0.0,"enemies":"Cultist","floor":1.0,"turns":3.0},{"damage":5.0,"enemies":"2 Louse","floor":4.0,"turns":2.0},{"damage":2.0,"enemies":"Small Slimes","floor":5.0,"turns":2.0},{"damage":16.0,"enemies":"Gremlin Nob","floor":7.0,"turns":3.0},{"damage":1.0,"enemies":"Exordium Wildlife","floor":10.0,"turns":4.0},{"damage":0.0,"enemies":"Lagavulin","floor":11.0,"turns":4.0},{"damage":0.0,"enemies":"Lots of Slimes","floor":12.0,"turns":5.0},{"damage":3.0,"enemies":"3 Sentries","floor":13.0,"turns":3.0},{"damage":27.0,"enemies":"Hexaghost","floor":16.0,"turns":6.0},{"damage":16.0,"enemies":"2 Thieves","floor":18.0,"turns":4.0},{"damage":0,"enemies":"Shell Parasite","floor":20,"turns":1},{"damage":24,"enemies":"3 Cultists","floor":21,"turns":4},{"damage":1,"enemies":"Book of Stabbing","floor":25,"turns":4},{"damage":3,"enemies":"Slavers","floor":27,"turns":4},{"damage":10,"enemies":"Shelled Parasite and Fungi","floor":28,"turns":5},{"damage":4,"enemies":"Gremlin Leader","floor":29,"turns":4},{"damage":0,"enemies":"Snake Plant","floor":31,"turns":2},{"damage":46,"enemies":"Automaton","floor":33,"turns":8}],"seed_played":"1722011120955697439","potions_obtained":[{"floor":7.0,"key":"SteroidPotion"},{"floor":10.0,"key":"BottledMiracle"},{"floor":12.0,"key":"Block Potion"},{"floor":18.0,"key":"PowerPotion"},{"floor":21,"key":"SkillPotion"},{"floor":27,"key":"DistilledChaos"},{"floor":29,"key":"Dexterity Potion"}],"is_trial":false,"path_per_floor":["M","?","$","M","M","R","E","R","T","M","E","M","E","?","R","B",null,"M","$","M","M","?","R","$","E","T","E","M","E","?","M","R","B"],"character_chosen":"WATCHER","items_purchased":["TheAbacus","CrushJoints","ClockworkSouvenir","AttackPotion"],"campfire_rested":1,"item_purchase_floors":[3,3,19,24],"current_hp_per_floor":[61,66,66,61,59,59,43,43,43,42,42,42,39,39,39,12,58,42,42,42,20,20,41,41,40,40,39,31,29,29,29,29,0],"gold":138,"neow_bonus":"HUNDRED_GOLD","is_prod":false,"is_daily":false,"chose_seed":false,"campfire_upgraded":4,"win_rate":0,"timestamp":1674107651,"path_taken":["M","?","$","M","M","R","E","R","T","M","E","M","E","?","R","BOSS","M","$","?","M","?","R","$","E","T","E","M","E","?","M","R","BOSS"],"build_version":"2022-12-18","purchased_purges":1,"victory":false,"max_hp_per_floor":[68,73,73,73,73,73,73,73,73,73,73,73,73,73,73,73,73,73,73,73,73,73,73,73,73,73,73,73,73,73,73,73,73],"relic_stats":{"TheAbacus":[102],"counters":[18,68],"Bird Faced Urn":[10],"PreservedInsect":87,"Omamori":1,"Art of War":[4],"Bottled Lightning":"Vault","PureWater":[16],"obtain_stats":[{"Potion Belt":25,"TheAbacus":3,"Bird Faced Urn":13,"Vajra":9,"PreservedInsect":26,"Omamori":7,"Art of War":11,"Bottled Lightning":27,"PureWater":0,"Empty Cage":17,"StrikeDummy":29,"ClockworkSouvenir":19},{"Potion Belt":13,"TheAbacus":1,"Bird Faced Urn":8,"Vajra":4,"PreservedInsect":13,"Omamori":4,"Art of War":6,"Bottled Lightning":14,"PureWater":0,"Empty Cage":9,"StrikeDummy":16,"ClockworkSouvenir":10},{"Potion Belt":45,"TheAbacus":3,"Bird Faced Urn":26,"Vajra":10,"PreservedInsect":45,"Omamori":10,"Art of War":18,"Bottled Lightning":49,"PureWater":0,"Empty Cage":32,"StrikeDummy":58,"ClockworkSouvenir":36}]},"card_choices":[{"not_picked":["EmptyFist","Halt"],"picked":"Sanctity","floor":1.0},{"not_picked":["Consecrate","PathToVictory"],"picked":"CarveReality","floor":4.0},{"not_picked":["Crescendo","Sanctity"],"picked":"SandsOfTime","floor":5.0},{"not_picked":["CutThroughFate","LikeWater","Judgement"],"picked":"SKIP","floor":7.0},{"not_picked":["Crescendo","FlyingSleeves","Indignation"],"picked":"SKIP","floor":10.0},{"not_picked":["TalkToTheHand","CutThroughFate"],"picked":"Vault","floor":11.0},{"not_picked":["EmptyBody","EmptyFist","Wallop"],"picked":"SKIP","floor":12.0},{"not_picked":["Prostrate","Swivel"],"picked":"FlurryOfBlows","floor":13.0},{"not_picked":["DevaForm","Devotion"],"picked":"Vault","floor":16.0},{"not_picked":["Collect","CutThroughFate","FlurryOfBlows"],"picked":"SKIP","floor":18.0},{"not_picked":["Vengeance","SashWhip+1"],"picked":"Adaptation","floor":20},{"not_picked":["PathToVictory","EmptyBody","JustLucky+1"],"picked":"SKIP","floor":21},{"not_picked":["BowlingBash","Establishment","ClearTheMind"],"picked":"SKIP","floor":25},{"not_picked":["ReachHeaven","EmptyBody","Crescendo"],"picked":"SKIP","floor":27},{"not_picked":["Halt","Wish"],"picked":"InnerPeace","floor":28},{"not_picked":["Vengeance","Protect","FearNoEvil+1"],"picked":"SKIP","floor":29},{"not_picked":["Weave","EmptyFist","Evaluate+1"],"picked":"SKIP","floor":31}],"player_experience":1399638,"relics_obtained":[{"floor":7.0,"key":"Omamori"},{"floor":9.0,"key":"Vajra"},{"floor":11.0,"key":"Art of War"},{"floor":13.0,"key":"Bird Faced Urn"},{"floor":25,"key":"Potion Belt"},{"floor":26,"key":"PreservedInsect"},{"floor":27,"key":"Bottled Lightning"},{"floor":29,"key":"StrikeDummy"}],"event_choices":[{"damage_healed":0.0,"max_hp_gain":5.0,"max_hp_loss":0.0,"gold_gain":0.0,"event_name":"Big Fish","player_choice":"Donut","floor":2.0,"gold_loss":0.0,"damage_taken":0.0},{"damage_healed":0.0,"max_hp_gain":0.0,"max_hp_loss":0.0,"gold_gain":0.0,"event_name":"Upgrade Shrine","player_choice":"Upgraded","floor":14.0,"gold_loss":0.0,"damage_taken":0.0,"cards_upgraded":["Vault"]},{"damage_healed":0,"gold_gain":0,"player_choice":"Ignored","damage_taken":0,"max_hp_gain":0,"max_hp_loss":0,"event_name":"Cursed Tome","floor":22,"gold_loss":0},{"damage_healed":0,"gold_gain":0,"player_choice":"Cursed","damage_taken":0,"max_hp_gain":0,"max_hp_loss":0,"event_name":"Wheel of Change","floor":30,"gold_loss":0,"cards_obtained":["Decay"]}],"is_beta":false,"boss_relics":[{"not_picked":["Ectoplasm","SacredBark"],"picked":"Empty Cage"}],"items_purged_floors":[19],"is_endless":false,"potions_floor_spawned":[7,10,12,18,21,27,29],"killed_by":"Automaton","ascension_level":20}