{"gold_per_floor":[111,36,36,57,57,57,91,91,116,159,159,209,224,245,245,340,340,360,373,373,298,311,347,365,399,399,442,456,456,506,57,57,152,152,167,167,191,191,66,66,101,122,122,156,156,200,223,254,254,254,254,254,254,31,65,65],"floor_reached":57,"playtime":3191,"items_purged":["Defend_P","Defend_P","Strike_P","Defend_P"],"score":3287,"play_id":"32974ebe-3586-492d-a7a5-a1bd2f003510","local_time":"20230118113418","is_ascension_mode":true,"campfire_choices":[{"data":"Eruption","floor":6,"key":"SMITH"},{"data":"Adaptation","floor":8,"key":"SMITH"},{"data":"CutThroughFate","floor":11,"key":"SMITH"},{"data":"FearNoEvil","floor":15,"key":"SMITH"},{"floor":29,"key":"REST"},{"floor":32,"key":"REST"},{"floor":40,"key":"RECALL"},{"data":"MentalFortress","floor":45,"key":"SMITH"},{"data":"Evaluate","floor":49,"key":"SMITH"},{"data":"Vigilance","floor":53,"key":"SMITH"}],"neow_cost":"NONE","seed_source_timestamp":389973411627300,"circlet_count":0,"master_deck":["AscendersBane","Eruption+1","Vigilance+1","Adaptation+1","FearNoEvil+1","CutThroughFate+1","Tantrum","Evaluate+1","MentalFortress+1"],"special_seed":0,"relics":["PureWater","Nunchaku","Golden Idol","Toy Ornithopter","Centennial Puzzle","Black Star","Question Card","Mercury Hourglass","Molten Egg 2","Omamori","Matryoshka","Blue Candle","Lizard Tail","InkBottle","Empty Cage","Bird Faced Urn","Bottled Tornado","Smiling Mask","Ancient Tea Set","HornCleat","Art of War","Du-Vu Doll","Sundial","Calipers","Medical Kit","Shuriken","Lantern"],"potions_floor_usage":[7,23,25,27,35,37,42,44,56],"damage_taken":[{"damage":2.0,"enemies":"Jaw Worm","floor":1.0,"turns":3.0},{"damage":1.0,"enemies":"2 Louse","floor":4.0,"turns":3.0},{"damage":22,"enemies":"3 Sentries","floor":7,"turns":8},{"damage":3,"enemies":"Gremlin Nob","floor":10,"turns":3},{"damage":0,"enemies":"Cultist","floor":13,"turns":2},{"damage":6,"enemies":"Looter","floor":14,"turns":2},{"damage":14,"enemies":"Hexaghost","floor":16,"turns":6},{"damage":1,"enemies":"Spheric Guardian","floor":18,"turns":3},{"damage":7,"enemies":"Chosen","floor":19,"turns":3},{"damage":4,"enemies":"Centurion and Healer","floor":22,"turns":5},{"damage":7,"enemies":"Book of Stabbing","floor":23,"turns":2},{"damage":5,"enemies":"Snecko","floor":24,"turns":4},{"damage":12,"enemies":"Slavers","floor":25,"turns":2},{"damage":1,"enemies":"Book of Stabbing","floor":27,"turns":3},{"damage":19,"enemies":"Shelled Parasite and Fungi","floor":28,"turns":2},{"damage":5,"enemies":"Champ","floor":33,"turns":2},{"damage":1,"enemies":"3 Darklings","floor":35,"turns":3},{"damage":5,"enemies":"3 Shapes","floor":37,"turns":2},{"damage":1,"enemies":"Nemesis","floor":41,"turns":1},{"damage":1,"enemies":"Transient","floor":42,"turns":1},{"damage":0,"enemies":"Giant Head","floor":44,"turns":3},{"damage":1,"enemies":"Reptomancer","floor":46,"turns":3},{"damage":9,"enemies":"4 Shapes","floor":47,"turns":2},{"damage":1,"enemies":"Mind Bloom Boss Battle","floor":48,"turns":2},{"damage":1,"enemies":"Awakened One","floor":50,"turns":2},{"damage":6,"enemies":"Time Eater","floor":51,"turns":9},{"damage":1,"enemies":"Shield and Spear","floor":55,"turns":2},{"damage":28,"enemies":"The Heart","floor":56,"turns":7}],"seed_played":"-1152334263260774839","potions_obtained":[{"floor":1.0,"key":"Explosive Potion"},{"floor":7,"key":"Ambrosia"},{"floor":16,"key":"DuplicationPotion"},{"floor":23,"key":"Energy Potion"},{"floor":33,"key":"Swift Potion"},{"floor":35,"key":"Block Potion"},{"floor":37,"key":"Fruit Juice"},{"floor":42,"key":"Fruit Juice"},{"floor":44,"key":"FearPotion"},{"floor":48,"key":"PowerPotion"}],"is_trial":false,"path_per_floor":["M","$","?","M","?","R","E","R","T","E","R","?","M","M","R","B",null,"M","M","?","?","M","E","M","E","T","E","M","R","?","$","R","B",null,"M","?","M","?","$","R","E","M","T","E","R","E","M","?","R","B","B",null,"R","$","E","B",null],"character_chosen":"WATCHER","items_purchased":["InkBottle","DistilledChaos","Medical Kit"],"campfire_rested":2,"item_purchase_floors":[31,31,54],"current_hp_per_floor":[59,59,59,58,58,58,36,36,36,33,33,33,33,27,27,13,50,49,42,42,42,38,36,31,24,24,28,9,27,27,27,45,40,57,61,61,57,57,57,57,56,67,67,72,72,71,63,66,66,69,67,71,71,71,72,48],"gold":65,"neow_bonus":"RANDOM_COMMON_RELIC","is_prod":false,"is_daily":false,"chose_seed":false,"campfire_upgraded":7,"win_rate":0,"timestamp":1674059658,"path_taken":["M","$","?","M","?","R","E","R","T","E","R","?","?","M","R","BOSS","M","M","?","?","M","E","M","E","T","E","M","R","?","$","R","BOSS","M","?","M","?","$","R","E","M","T","E","R","E","M","?","R","BOSS","BOSS","R","$","E","BOSS"],"build_version":"2022-12-18","purchased_purges":4,"victory":true,"max_hp_per_floor":[68,68,62,62,62,62,62,62,62,62,62,62,62,62,62,62,62,62,62,62,62,62,62,62,62,62,62,62,62,62,62,62,62,62,62,62,62,62,62,62,62,67,67,72,72,72,72,72,72,72,72,72,72,72,72,72],"relic_stats":{"Calipers":[589],"counters":[28,90],"Golden Idol":214,"Blue Candle":[9],"Omamori":0,"Bottled Tornado":"Adaptation","Question Card":14,"Smiling Mask":100,"Ancient Tea Set":[6],"Medical Kit":[2],"Mercury Hourglass":[213],"Nunchaku":[50],"Centennial Puzzle":[62],"Lizard Tail":0,"Matryoshka":1,"Sundial":[70],"Shuriken":[15],"Bird Faced Urn":[19],"Black Star":7,"Art of War":[1],"PureWater":[21],"obtain_stats":[{"Lantern":55,"Calipers":48,"Bottled Tornado":41,"Empty Cage":34,"Smiling Mask":43,"Ancient Tea Set":43,"Nunchaku":0,"Centennial Puzzle":10,"Lizard Tail":27,"Matryoshka":26,"HornCleat":44,"Sundial":46,"InkBottle":31,"Golden Idol":3,"Blue Candle":27,"Omamori":25,"Question Card":23,"Medical Kit":54,"Mercury Hourglass":23,"Du-Vu Doll":46,"Shuriken":55,"Bird Faced Urn":41,"Molten Egg 2":25,"Black Star":17,"Art of War":44,"PureWater":0,"Toy Ornithopter":7},{"Lantern":27,"Calipers":24,"Bottled Tornado":19,"Empty Cage":16,"Smiling Mask":20,"Ancient Tea Set":20,"Nunchaku":0,"Centennial Puzzle":4,"Lizard Tail":14,"Matryoshka":13,"HornCleat":21,"Sundial":22,"InkBottle":15,"Golden Idol":1,"Blue Candle":14,"Omamori":13,"Question Card":11,"Medical Kit":26,"Mercury Hourglass":11,"Du-Vu Doll":22,"Shuriken":27,"Bird Faced Urn":19,"Molten Egg 2":13,"Black Star":7,"Art of War":21,"PureWater":0,"Toy Ornithopter":3},{"Lantern":83,"Calipers":70,"Bottled Tornado":59,"Empty Cage":53,"Smiling Mask":60,"Ancient Tea Set":60,"Nunchaku":0,"Centennial Puzzle":17,"Lizard Tail":49,"Matryoshka":46,"HornCleat":63,"Sundial":66,"InkBottle":51,"Golden Idol":3,"Blue Candle":49,"Omamori":46,"Question Card":40,"Medical Kit":81,"Mercury Hourglass":40,"Du-Vu Doll":66,"Shuriken":83,"Bird Faced Urn":59,"Molten Egg 2":46,"Black Star":27,"Art of War":63,"PureWater":0,"Toy Ornithopter":14}],"Toy Ornithopter":28,"InkBottle":[32]},"card_choices":[{"not_picked":["ClearTheMind","Pray"],"picked":"Adaptation","floor":1.0},{"not_picked":["Indignation","LikeWater"],"picked":"FearNoEvil","floor":4.0},{"not_picked":["Crescendo","BowlingBash"],"picked":"CutThroughFate","floor":7},{"not_picked":["Nirvana","WaveOfTheHand"],"picked":"Tantrum","floor":10},{"not_picked":["SashWhip","BattleHymn","PathToVictory"],"picked":"SKIP","floor":13},{"not_picked":["ClearTheMind","BowlingBash","WheelKick"],"picked":"SKIP","floor":14},{"not_picked":["Adaptation","ReachHeaven","Study"],"picked":"SKIP","floor":18},{"not_picked":["CarveReality","Pray","Consecrate"],"picked":"SKIP","floor":19},{"not_picked":["BowlingBash","Protect","CarveReality"],"picked":"SKIP","floor":22},{"not_picked":["Wallop","SandsOfTime","PathToVictory"],"picked":"SKIP","floor":23},{"not_picked":["FollowUp","Evaluate","CutThroughFate","EmptyBody"],"picked":"SKIP","floor":24},{"not_picked":["EmptyBody","Brilliance+1","CutThroughFate+1","Wallop+1"],"picked":"SKIP","floor":25},{"not_picked":["EmptyFist+1","ClearTheMind","Meditate","CrushJoints+1"],"picked":"SKIP","floor":27},{"not_picked":["Swivel","FearNoEvil+1","Perseverance","SashWhip+1"],"picked":"SKIP","floor":28},{"not_picked":["LikeWater","ForeignInfluence","Pray","ThirdEye"],"picked":"SKIP","floor":35},{"not_picked":["SignatureMove+1","Worship","Collect","EmptyBody+1"],"picked":"SKIP","floor":37},{"not_picked":["Swivel","ConjureBlade","EmptyBody","Meditate"],"picked":"SKIP","floor":41},{"not_picked":["FollowUp+1","Evaluate","JustLucky+1","Nirvana"],"picked":"SKIP","floor":42},{"not_picked":["FollowUp+1","JustLucky+1","Nirvana"],"picked":"Evaluate","floor":42},{"not_picked":["Study","Evaluate","EmptyBody+1"],"picked":"MentalFortress","floor":44},{"not_picked":["FollowUp+1","LessonLearned+1","BattleHymn+1","LikeWater"],"picked":"SKIP","floor":46},{"not_picked":["Evaluate","EmptyFist+1","BowlingBash+1","SignatureMove+1"],"picked":"SKIP","floor":47},{"not_picked":["LikeWater","CutThroughFate+1","Prostrate+1","JustLucky+1"],"picked":"SKIP","floor":55}],"player_experience":1396447,"relics_obtained":[{"floor":7,"key":"Toy Ornithopter"},{"floor":10,"key":"Centennial Puzzle"},{"floor":23,"key":"Question Card"},{"floor":23,"key":"Mercury Hourglass"},{"floor":25,"key":"Molten Egg 2"},{"floor":25,"key":"Omamori"},{"floor":26,"key":"Matryoshka"},{"floor":27,"key":"Blue Candle"},{"floor":27,"key":"Lizard Tail"},{"floor":41,"key":"Bird Faced Urn"},{"floor":41,"key":"Bottled Tornado"},{"floor":43,"key":"Smiling Mask"},{"floor":43,"key":"Ancient Tea Set"},{"floor":44,"key":"HornCleat"},{"floor":44,"key":"Art of War"},{"floor":46,"key":"Du-Vu Doll"},{"floor":46,"key":"Sundial"},{"floor":48,"key":"Calipers"},{"floor":55,"key":"Shuriken"},{"floor":55,"key":"Lantern"}],"event_choices":[{"damage_healed":0.0,"max_hp_gain":0.0,"max_hp_loss":6.0,"gold_gain":0.0,"event_name":"Golden Idol","player_choice":"Lose Max HP","floor":3.0,"gold_loss":0.0,"damage_taken":0.0,"relics_obtained":["Golden Idol"]},{"damage_healed":0,"gold_gain":0,"player_choice":"Ignored","damage_taken":0,"max_hp_gain":0,"max_hp_loss":0,"event_name":"Liars Game","floor":5,"gold_loss":0},{"damage_healed":0,"gold_gain":50,"player_choice":"Pray","damage_taken":0,"max_hp_gain":0,"max_hp_loss":0,"event_name":"Golden Shrine","floor":12,"gold_loss":0},{"damage_healed":0,"gold_gain":0,"player_choice":"Ignored","damage_taken":0,"max_hp_gain":0,"max_hp_loss":0,"event_name":"Cursed Tome","floor":20,"gold_loss":0},{"cards_removed":["Strike_P"],"damage_healed":0,"gold_gain":0,"player_choice":"Gave Gold","damage_taken":0,"max_hp_gain":0,"max_hp_loss":0,"event_name":"Beggar","floor":21,"gold_loss":75},{"damage_healed":0,"gold_gain":50,"player_choice":"Stole From Cult","damage_taken":0,"max_hp_gain":0,"max_hp_loss":0,"event_name":"Nest","floor":30,"gold_loss":0},{"cards_removed":["Defend_P"],"damage_healed":0,"gold_gain":0,"player_choice":"Removed Skill","damage_taken":0,"max_hp_gain":0,"max_hp_loss":0,"event_name":"Falling","floor":36,"gold_loss":0},{"damage_healed":0,"gold_gain":0,"player_choice":"Ignored","damage_taken":0,"max_hp_gain":0,"max_hp_loss":0,"event_name":"Mysterious Sphere","floor":38,"gold_loss":0},{"damage_healed":0,"gold_gain":0,"player_choice":"Fight","damage_taken":0,"max_hp_gain":0,"max_hp_loss":0,"event_name":"MindBloom","floor":48,"gold_loss":0}],"is_beta":false,"boss_relics":[{"not_picked":["SacredBark","Cursed Key"],"picked":"Black Star"},{"not_picked":["VioletLotus","HolyWater"],"picked":"Empty Cage"}],"items_purged_floors":[2,31,39,54],"is_endless":false,"potions_floor_spawned":[1,7,16,22,23,33,35,37,42,44,48,55],"ascension_level":20}