{"gold_per_floor":[11,26,43,56,3,31,31,45,45,72,92,92,92,131,131,131],"floor_reached":16,"playtime":577,"items_purged":[],"score":344,"play_id":"75f28446-6e5b-4703-a9f2-7ef84b725c1b","local_time":"20230119010432","is_ascension_mode":true,"campfire_choices":[{"data":"Apotheosis","floor":7,"key":"SMITH"},{"data":"WindmillStrike","floor":15,"key":"SMITH"}],"neow_cost":"NO_GOLD","seed_source_timestamp":1160437487400,"circlet_count":0,"master_deck":["AscendersBane","Strike_P","Strike_P","Strike_P","Strike_P","Defend_P","Defend_P","Defend_P","Defend_P","Eruption","Vigilance","Apotheosis+1","FlurryOfBlows","TalkToTheHand","WindmillStrike+1","LessonLearned"],"relics":["PureWater","Gambling Chip","Damaru","Oddly Smooth Stone","Golden Idol","Eternal Feather","StrikeDummy"],"potions_floor_usage":[5,6,14,16],"damage_taken":[{"damage":0,"enemies":"Cultist","floor":1,"turns":3},{"damage":4,"enemies":"Small Slimes","floor":2,"turns":4},{"damage":4,"enemies":"2 Louse","floor":3,"turns":2},{"damage":0,"enemies":"Large Slime","floor":4,"turns":3},{"damage":16,"enemies":"Gremlin Nob","floor":6,"turns":3},{"damage":9,"enemies":"3 Louse","floor":8,"turns":5},{"damage":0,"enemies":"Lagavulin","floor":10,"turns":6},{"damage":0,"enemies":"Blue Slaver","floor":11,"turns":4},{"damage":0,"enemies":"Gremlin Nob","floor":14,"turns":2},{"damage":44,"enemies":"Hexaghost","floor":16,"turns":11}],"seed_played":"-4571509612818097025","potions_obtained":[{"floor":1,"key":"Fire Potion"},{"floor":3,"key":"Fruit Juice"},{"floor":6,"key":"SteroidPotion"}],"is_trial":false,"path_per_floor":["M","M","M","M","$","E","R","M","T","E","M","?","?","E","R","B"],"character_chosen":"WATCHER","items_purchased":["Explosive Potion"],"campfire_rested":0,"item_purchase_floors":[5],"current_hp_per_floor":[61,57,53,53,58,42,42,33,33,33,33,33,28,28,37,0],"gold":131,"neow_bonus":"RANDOM_COLORLESS_2","is_prod":false,"is_daily":false,"chose_seed":false,"campfire_upgraded":2,"win_rate":0,"timestamp":1674108272,"path_taken":["M","M","?","M","$","E","R","M","T","E","?","?","?","E","R","BOSS"],"build_version":"2022-12-18","purchased_purges":0,"victory":false,"max_hp_per_floor":[68,68,68,68,73,73,73,73,73,73,73,66,66,66,66,66],"card_choices":[{"not_picked":["Sadistic Nature","Chrysalis"],"picked":"Apotheosis","floor":0},{"not_picked":["Consecrate","EmptyFist"],"picked":"FlurryOfBlows","floor":1},{"not_picked":["EmptyFist","EmptyBody"],"picked":"TalkToTheHand","floor":2},{"not_picked":["SashWhip","Protect","WreathOfFlame"],"picked":"SKIP","floor":3},{"not_picked":["TalkToTheHand","ThirdEye"],"picked":"WindmillStrike","floor":4},{"not_picked":["LikeWater","Vengeance","CrushJoints"],"picked":"SKIP","floor":6},{"not_picked":["LikeWater","Vengeance","CrushJoints"],"picked":"SKIP","floor":6},{"not_picked":["WaveOfTheHand","DeusExMachina","JustLucky"],"picked":"SKIP","floor":8},{"not_picked":["ClearTheMind","ThirdEye","Protect"],"picked":"SKIP","floor":10},{"not_picked":["ClearTheMind","ThirdEye","Protect"],"picked":"SKIP","floor":10},{"not_picked":["ClearTheMind","ThirdEye"],"picked":"LessonLearned","floor":11},{"not_picked":["MasterReality","Evaluate","Consecrate"],"picked":"SKIP","floor":14}],"player_experience":1401415,"relics_obtained":[{"floor":6,"key":"Gambling Chip"},{"floor":9,"key":"Damaru"},{"floor":10,"key":"Oddly Smooth Stone"},{"floor":14,"key":"StrikeDummy"}],"event_choices":[{"damage_healed":0,"gold_gain":0,"player_choice":"Lose Max HP","damage_taken":0,"relics_obtained":["Golden Idol"],"max_hp_gain":0,"max_hp_loss":7,"event_name":"Golden Idol","floor":12,"gold_loss":0},{"damage_healed":0,"gold_gain":0,"player_choice":"Success","damage_taken":5,"relics_obtained":["Eternal Feather"],"max_hp_gain":0,"max_hp_loss":0,"event_name":"Scrap Ooze","floor":13,"gold_loss":0}],"is_beta":false,"boss_relics":[],"items_purged_floors":[],"is_endless":false,"potions_floor_spawned":[1,3,6,11],"killed_by":"Hexaghost","ascension_level":20}