{"gold_per_floor":[110,110,110,123,138,163,179,179,233,248,259,289,289,320,320,398,398,415,432,250,250,165,191,6,38,38,72,82,100,150,170,170,170],"floor_reached":33,"playtime":2154,"items_purged":["Defend_P","Defend_P"],"score":954,"play_id":"a9e2bd0d-be09-4b77-b88a-1551ae127a0b","local_time":"20230119204819","is_ascension_mode":true,"campfire_choices":[{"floor":8,"key":"REST"},{"data":"CrushJoints","floor":13,"key":"SMITH"},{"data":"Conclude","floor":15,"key":"SMITH"},{"floor":32,"key":"REST"}],"neow_cost":"NONE","seed_source_timestamp":70609966568400,"circlet_count":0,"master_deck":["AscendersBane","Strike_P","Strike_P","Strike_P+1","Strike_P+1","Defend_P","Eruption+1","Vigilance+1","CrushJoints+1","Halt+1","Tantrum","Wallop+1","CutThroughFate","FearNoEvil","Conclude+1","LessonLearned","TalkToTheHand+1","PanicButton","Ghostly","Ghostly","Ghostly+1","EmptyMind","ThirdEye+1","Evaluate+1"],"relics":["PureWater","Singing Bowl","Akabeko","Nunchaku","Ornamental Fan","Fusion Hammer","Blue Candle","StrikeDummy","Toxic Egg 2","Happy Flower","Regal Pillow"],"potions_floor_usage":[6,25,25],"damage_taken":[{"damage":0,"enemies":"Cultist","floor":1,"turns":2},{"damage":0,"enemies":"Jaw Worm","floor":4,"turns":2},{"damage":0,"enemies":"2 Louse","floor":5,"turns":1},{"damage":11,"enemies":"3 Sentries","floor":6,"turns":5},{"damage":12,"enemies":"Exordium Wildlife","floor":7,"turns":2},{"damage":0,"enemies":"2 Fungi Beasts","floor":10,"turns":3},{"damage":0,"enemies":"Lots of Slimes","floor":11,"turns":2},{"damage":0,"enemies":"Gremlin Nob","floor":12,"turns":2},{"damage":0,"enemies":"Lagavulin","floor":14,"turns":3},{"damage":0,"enemies":"Slime Boss","floor":16,"turns":5},{"damage":0,"enemies":"Chosen","floor":18,"turns":3},{"damage":0,"enemies":"3 Byrds","floor":19,"turns":4},{"damage":0,"enemies":"Book of Stabbing","floor":23,"turns":5},{"damage":0,"enemies":"Slavers","floor":25,"turns":4},{"damage":9,"enemies":"Book of Stabbing","floor":27,"turns":3},{"damage":2,"enemies":"Snake Plant","floor":28,"turns":6},{"damage":0,"enemies":"3 Cultists","floor":29,"turns":4},{"damage":0,"enemies":"Cultist and Chosen","floor":31,"turns":3},{"damage":47,"enemies":"Automaton","floor":33,"turns":6}],"seed_played":"-7945322903492367174","potions_obtained":[{"floor":5,"key":"ColorlessPotion"},{"floor":6,"key":"StancePotion"},{"floor":10,"key":"AttackPotion"},{"floor":28,"key":"Energy Potion"},{"floor":29,"key":"Explosive Potion"}],"is_trial":false,"path_per_floor":["M","?","?","M","M","E","M","R","T","M","M","E","R","E","R","B",null,"M","M","$","?","?","E","$","E","T","E","M","M","?","M","R","B"],"character_chosen":"WATCHER","items_purchased":["PanicButton","EmptyMind"],"campfire_rested":2,"item_purchase_floors":[20,24],"current_hp_per_floor":[61,41,41,41,41,32,20,41,41,43,43,43,43,43,43,43,65,65,67,67,37,37,39,39,39,39,32,30,32,28,30,45,0],"gold":170,"neow_bonus":"UPGRADE_CARD","is_prod":false,"is_daily":false,"chose_seed":false,"campfire_upgraded":2,"win_rate":0,"timestamp":1674179299,"path_taken":["M","?","?","M","M","E","M","R","T","M","M","E","R","E","R","BOSS","M","?","$","?","?","E","$","E","T","E","M","M","?","?","R","BOSS"],"build_version":"2022-12-18","purchased_purges":2,"victory":false,"max_hp_per_floor":[68,68,68,68,68,70,70,70,70,72,72,72,72,72,72,72,72,72,74,74,37,37,39,39,39,39,41,41,43,43,45,45,45],"relic_stats":{"Nunchaku":[11],"Regal Pillow":2,"Singing Bowl":14,"Happy Flower":[7],"counters":[19,65],"Ornamental Fan":[92],"Blue Candle":[0],"PureWater":[12],"obtain_stats":[{"Nunchaku":12,"Regal Pillow":27,"Singing Bowl":6,"Happy Flower":26,"Ornamental Fan":14,"Blue Candle":22,"Fusion Hammer":17,"PureWater":0,"Toxic Egg 2":25,"StrikeDummy":23,"Akabeko":9},{"Nunchaku":8,"Regal Pillow":15,"Singing Bowl":4,"Happy Flower":14,"Ornamental Fan":9,"Blue Candle":12,"Fusion Hammer":10,"PureWater":0,"Toxic Egg 2":14,"StrikeDummy":13,"Akabeko":5},{"Nunchaku":19,"Regal Pillow":46,"Singing Bowl":10,"Happy Flower":43,"Ornamental Fan":22,"Blue Candle":34,"Fusion Hammer":27,"PureWater":0,"Toxic Egg 2":43,"StrikeDummy":39,"Akabeko":12}]},"card_choices":[{"not_picked":["Meditate","WaveOfTheHand"],"picked":"CrushJoints","floor":1},{"not_picked":["Weave","Wallop"],"picked":"Halt","floor":4},{"not_picked":["CutThroughFate","PathToVictory"],"picked":"Tantrum","floor":5},{"not_picked":["Vengeance","ClearTheMind","FollowUp"],"picked":"Singing Bowl","floor":6},{"not_picked":["Pray","ClearTheMind"],"picked":"Wallop","floor":7},{"not_picked":["Crescendo","DeceiveReality","Protect"],"picked":"Singing Bowl","floor":10},{"not_picked":["ThirdEye","EmptyBody"],"picked":"CutThroughFate","floor":11},{"not_picked":["Wallop","ThirdEye"],"picked":"FearNoEvil","floor":12},{"not_picked":["PathToVictory","Crescendo"],"picked":"Conclude","floor":14},{"not_picked":["Alpha","MasterReality"],"picked":"LessonLearned","floor":16},{"not_picked":["Protect","CutThroughFate"],"picked":"TalkToTheHand+1","floor":18},{"not_picked":["Evaluate","CutThroughFate","Nirvana"],"picked":"Singing Bowl","floor":19},{"not_picked":["ClearTheMind","EmptyBody","Alpha"],"picked":"Singing Bowl","floor":23},{"not_picked":["Weave","SashWhip"],"picked":"ThirdEye+1","floor":25},{"not_picked":["LikeWater","Vengeance+1","EmptyFist"],"picked":"Singing Bowl","floor":27},{"not_picked":["SignatureMove","PathToVictory+1"],"picked":"Evaluate+1","floor":28},{"not_picked":["Pray+1","Crescendo+1","FlyingSleeves"],"picked":"Singing Bowl","floor":29},{"not_picked":["Prostrate+1","PathToVictory+1","Collect+1"],"picked":"Singing Bowl","floor":31}],"player_experience":1401992,"relics_obtained":[{"floor":6,"key":"Singing Bowl"},{"floor":9,"key":"Akabeko"},{"floor":12,"key":"Nunchaku"},{"floor":14,"key":"Ornamental Fan"},{"floor":23,"key":"StrikeDummy"},{"floor":25,"key":"Toxic Egg 2"},{"floor":26,"key":"Happy Flower"},{"floor":27,"key":"Regal Pillow"}],"event_choices":[{"damage_healed":0,"gold_gain":0,"player_choice":"Entered Light","damage_taken":20,"max_hp_gain":0,"max_hp_loss":0,"event_name":"Shining Light","floor":2,"gold_loss":0,"cards_upgraded":["Strike_P","Strike_P"]},{"cards_removed":["Defend_P"],"damage_healed":0,"gold_gain":0,"player_choice":"Card Removal","damage_taken":0,"max_hp_gain":0,"max_hp_loss":0,"event_name":"Wheel of Change","floor":3,"gold_loss":0},{"damage_healed":0,"gold_gain":0,"player_choice":"Became a Ghost","damage_taken":0,"max_hp_gain":0,"max_hp_loss":37,"event_name":"Ghosts","floor":21,"gold_loss":0,"cards_obtained":["Ghostly","Ghostly","Ghostly"]},{"damage_healed":0,"gold_gain":0,"player_choice":"Obtained Relic","damage_taken":0,"relics_obtained":["Blue Candle"],"max_hp_gain":0,"max_hp_loss":0,"event_name":"Addict","floor":22,"gold_loss":85},{"damage_healed":0,"gold_gain":50,"player_choice":"Touch","damage_taken":4,"max_hp_gain":0,"max_hp_loss":0,"event_name":"FaceTrader","floor":30,"gold_loss":0}],"is_beta":false,"boss_relics":[{"not_picked":["VioletLotus","Velvet Choker"],"picked":"Fusion Hammer"}],"items_purged_floors":[20,24],"is_endless":false,"potions_floor_spawned":[5,6,10,12,28,29],"killed_by":"Automaton","ascension_level":20}