{"gold_per_floor":[109,124,140,151,170,200,200,233,233,259,259,259,147,480,480,557,557,571,583,408,408,424,424,438,438,438,452,452,477,477,490,490,565,565,577,577,602,614,168,168,188,213,213,63,63,63,109,124,124,124,124],"floor_reached":51,"playtime":2267,"items_purged":["Defend_P","Strike_P","Strike_P","Strike_P"],"score":1500,"play_id":"24339af1-8967-4a84-a28a-d9f65ccaffd5","local_time":"20230220214732","is_ascension_mode":true,"campfire_choices":[{"floor":7.0,"key":"REST"},{"floor":12.0,"key":"REST"},{"data":"Eruption","floor":15.0,"key":"SMITH"},{"data":"Scrawl","floor":23.0,"key":"SMITH"},{"floor":28.0,"key":"REST"},{"floor":30.0,"key":"REST"},{"floor":32.0,"key":"RECALL"},{"floor":40.0,"key":"REST"},{"floor":45,"key":"REST"},{"floor":49,"key":"DIG"}],"neow_cost":"NONE","seed_source_timestamp":500076646907900,"circlet_count":0,"master_deck":["AscendersBane","Strike_P","Defend_P+1","Defend_P","Eruption+1","Vigilance","MasterReality","Tantrum+1","BowlingBash+1","Wallop+1","Vault+1","WheelKick+1","ClearTheMind","Scrawl+1","FearNoEvil","MentalFortress+1","LessonLearned","Scrawl+1","Madness","Madness","WheelKick+1","Alpha+1","EmptyMind+1"],"special_seed":0,"relics":["HolyWater","Mercury Hourglass","Oddly Smooth Stone","Turnip","Question Card","Old Coin","Toy Ornithopter","Dream Catcher","Fusion Hammer","Shovel","Medical Kit","Bag of Preparation","Lantern","Bronze Scales","Happy Flower"],"potions_floor_usage":[51],"damage_taken":[{"damage":0.0,"enemies":"Cultist","floor":1.0,"turns":3.0},{"damage":0.0,"enemies":"Small Slimes","floor":2.0,"turns":2.0},{"damage":14.0,"enemies":"2 Louse","floor":3.0,"turns":2.0},{"damage":13.0,"enemies":"Lots of Slimes","floor":4.0,"turns":3.0},{"damage":13.0,"enemies":"Exordium Wildlife","floor":5.0,"turns":4.0},{"damage":16.0,"enemies":"Gremlin Nob","floor":6.0,"turns":3.0},{"damage":12.0,"enemies":"Lagavulin","floor":8.0,"turns":5.0},{"damage":0.0,"enemies":"Gremlin Nob","floor":10.0,"turns":3.0},{"damage":0.0,"enemies":"Lagavulin","floor":14.0,"turns":3.0},{"damage":11.0,"enemies":"Hexaghost","floor":16.0,"turns":8.0},{"damage":0.0,"enemies":"Spheric Guardian","floor":18.0,"turns":1.0},{"damage":0.0,"enemies":"Shell Parasite","floor":19.0,"turns":4.0},{"damage":24.0,"enemies":"Sentry and Sphere","floor":22.0,"turns":4.0},{"damage":0.0,"enemies":"Snake Plant","floor":24.0,"turns":2.0},{"damage":2.0,"enemies":"Centurion and Healer","floor":27.0,"turns":7.0},{"damage":0.0,"enemies":"Gremlin Leader","floor":29.0,"turns":5.0},{"damage":0.0,"enemies":"3 Cultists","floor":31.0,"turns":4.0},{"damage":72.0,"enemies":"Collector","floor":33.0,"turns":9.0},{"damage":0.0,"enemies":"Orb Walker","floor":35.0,"turns":3.0},{"damage":0.0,"enemies":"Mind Bloom Boss Battle","floor":37.0,"turns":7.0},{"damage":0.0,"enemies":"3 Darklings","floor":38.0,"turns":3.0},{"damage":0.0,"enemies":"Sphere and 2 Shapes","floor":41.0,"turns":3.0},{"damage":17.0,"enemies":"Reptomancer","floor":42.0,"turns":6.0},{"damage":0,"enemies":"4 Shapes","floor":48,"turns":2},{"damage":27,"enemies":"Donu and Deca","floor":50,"turns":6},{"damage":43,"enemies":"Awakened One","floor":51,"turns":7}],"seed_played":"3913021918861133447","potions_obtained":[{"floor":1.0,"key":"Ancient Potion"},{"floor":3.0,"key":"SpeedPotion"},{"floor":6.0,"key":"BottledMiracle"},{"floor":10.0,"key":"FearPotion"},{"floor":22.0,"key":"ColorlessPotion"},{"floor":24.0,"key":"SmokeBomb"},{"floor":29.0,"key":"Swift Potion"},{"floor":35.0,"key":"DistilledChaos"},{"floor":48,"key":"FearPotion"}],"is_trial":false,"path_per_floor":["M","M","M","M","M","E","R","E","T","E","?","R","$","E","R","B",null,"M","M","$","?","M","R","M","?","T","M","R","E","R","M","R","B",null,"M","?","?","M","$","R","M","E","T","$","R","?","T","M","R","B","B"],"character_chosen":"WATCHER","basemod:card_modifiers":[null,null,null,null,null,null,null,null,null,null,null,null,null,null,null,null,null,null,null,null,null,null,null],"items_purchased":["WheelKick","FearNoEvil","Medical Kit","Bag of Preparation"],"campfire_rested":6,"item_purchase_floors":[13,20,39,39],"current_hp_per_floor":[61,61,47,34,21,5,25,13,13,13,13,33,33,33,33,22,57,57,57,57,57,33,33,33,33,33,31,51,51,68,68,68,1,51,51,39,39,39,39,59,59,42,42,42,62,62,62,62,62,35,0],"gold":124,"neow_bonus":"TRANSFORM_CARD","is_prod":false,"is_daily":false,"chose_seed":false,"campfire_upgraded":2,"win_rate":0,"timestamp":1676947652,"path_taken":["M","M","M","?","M","E","R","E","T","E","?","R","$","E","R","BOSS","M","?","$","?","M","R","M","?","T","?","R","E","R","M","R","BOSS","M","?","?","M","$","R","M","E","T","?","R","?","?","?","R","BOSS","BOSS"],"build_version":"2022-12-18","purchased_purges":4,"victory":false,"max_hp_per_floor":[68,68,68,68,68,68,68,68,68,68,68,68,68,68,68,68,68,68,68,68,68,68,68,68,68,68,68,68,68,68,68,68,68,68,68,68,68,68,68,68,68,68,68,68,68,68,68,68,68,68,68],"relic_stats":{"Happy Flower":[4],"counters":[26,109],"Bag of Preparation":[10],"Question Card":19,"Medical Kit":[0],"Mercury Hourglass":[384],"Dream Catcher":3,"Shovel":1,"Bronze Scales":[39],"HolyWater":[47],"Turnip":[16],"obtain_stats":[{"Lantern":42,"Happy Flower":49,"Oddly Smooth Stone":8,"Bag of Preparation":39,"Question Card":10,"Medical Kit":39,"Mercury Hourglass":6,"Old Coin":14,"Dream Catcher":29,"Shovel":37,"Bronze Scales":47,"HolyWater":17,"Turnip":9,"Fusion Hammer":34,"PureWater":0,"Toy Ornithopter":26},{"Lantern":23,"Happy Flower":24,"Oddly Smooth Stone":7,"Bag of Preparation":21,"Question Card":8,"Medical Kit":21,"Mercury Hourglass":6,"Old Coin":9,"Dream Catcher":16,"Shovel":20,"Bronze Scales":23,"HolyWater":10,"Turnip":7,"Fusion Hammer":18,"PureWater":0,"Toy Ornithopter":14},{"Lantern":94,"Happy Flower":96,"Oddly Smooth Stone":22,"Bag of Preparation":85,"Question Card":25,"Medical Kit":85,"Mercury Hourglass":17,"Old Coin":28,"Dream Catcher":59,"Shovel":82,"Bronze Scales":94,"HolyWater":36,"Turnip":22,"Fusion Hammer":72,"PureWater":0,"Toy Ornithopter":47}],"Toy Ornithopter":10},"card_choices":[{"not_picked":["PathToVictory","ThirdEye"],"picked":"Tantrum","floor":1.0},{"not_picked":["Fasting2","LikeWater","DeceiveReality"],"picked":"SKIP","floor":2.0},{"not_picked":["Wireheading","Sanctity","BowlingBash"],"picked":"SKIP","floor":3.0},{"not_picked":["Wireheading","Sanctity"],"picked":"BowlingBash","floor":3.0},{"not_picked":["Alpha","FlurryOfBlows","FlyingSleeves"],"picked":"SKIP","floor":4.0},{"not_picked":["BowlingBash","CrushJoints","Prostrate"],"picked":"SKIP","floor":5.0},{"not_picked":["Ragnarok","Vengeance"],"picked":"Wallop","floor":6.0},{"not_picked":["Crescendo","JustLucky"],"picked":"Vault","floor":8.0},{"not_picked":["ThirdEye","CutThroughFate","Protect"],"picked":"SKIP","floor":10.0},{"not_picked":["Tantrum","PathToVictory","ReachHeaven"],"picked":"ClearTheMind","floor":14.0},{"not_picked":["Establishment","Brilliance","DeusExMachina"],"picked":"Scrawl","floor":16.0},{"not_picked":["SashWhip","Prostrate","BattleHymn","FollowUp"],"picked":"SKIP","floor":18.0},{"not_picked":["CarveReality","Halt","Weave","Crescendo"],"picked":"SKIP","floor":19.0},{"not_picked":["CrushJoints","PathToVictory","FollowUp"],"picked":"MentalFortress+1","floor":22.0},{"not_picked":["Protect","JustLucky+1","Consecrate"],"picked":"LessonLearned","floor":24.0},{"not_picked":["EmptyBody","FearNoEvil+1","SignatureMove","Weave"],"picked":"SKIP","floor":27.0},{"not_picked":["Study","CutThroughFate","Sanctity","Consecrate"],"picked":"SKIP","floor":29.0},{"not_picked":["SignatureMove","Wallop","Conclude"],"picked":"Scrawl","floor":30.0},{"not_picked":["FlurryOfBlows","ThirdEye","CarveReality","PathToVictory"],"picked":"SKIP","floor":31.0},{"not_picked":["SashWhip","ThirdEye+1","Prostrate","Study"],"picked":"SKIP","floor":35.0},{"not_picked":["DeceiveReality","Crescendo","Prostrate"],"picked":"WheelKick+1","floor":37.0},{"not_picked":["FollowUp","Crescendo","BowlingBash","SignatureMove"],"picked":"SKIP","floor":38.0},{"not_picked":["PathToVictory","Vengeance","Halt"],"picked":"Alpha","floor":40.0},{"not_picked":["WaveOfTheHand","CarveReality","Study","FlyingSleeves"],"picked":"SKIP","floor":41.0},{"not_picked":["WindmillStrike","SashWhip","FlurryOfBlows","CutThroughFate"],"picked":"SKIP","floor":42.0},{"not_picked":["Vengeance+1","InnerPeace","Prostrate+1"],"picked":"Study+1","floor":45},{"not_picked":["ClearTheMind+1","Prostrate","Indignation"],"picked":"EmptyMind+1","floor":48}],"player_experience":1455377,"relics_obtained":[{"floor":6.0,"key":"Mercury Hourglass"},{"floor":8.0,"key":"Oddly Smooth Stone"},{"floor":9.0,"key":"Turnip"},{"floor":10.0,"key":"Question Card"},{"floor":14.0,"key":"Old Coin"},{"floor":26.0,"key":"Toy Ornithopter"},{"floor":29.0,"key":"Dream Catcher"},{"floor":37.0,"key":"Shovel"},{"floor":42.0,"key":"Lantern"},{"floor":47,"key":"Bronze Scales"},{"floor":49,"key":"Happy Flower"}],"event_choices":[{"damage_healed":0.0,"max_hp_gain":0.0,"max_hp_loss":0.0,"gold_gain":0.0,"event_name":"Accursed Blacksmith","player_choice":"Forge","floor":11.0,"gold_loss":0.0,"damage_taken":0.0,"cards_upgraded":["Wallop"]},{"damage_healed":0.0,"max_hp_gain":0.0,"max_hp_loss":0.0,"gold_gain":0.0,"event_name":"Ghosts","player_choice":"Ignored","floor":21.0,"gold_loss":0.0,"damage_taken":0.0},{"damage_healed":0.0,"max_hp_gain":0.0,"max_hp_loss":0.0,"gold_gain":0.0,"event_name":"Upgrade Shrine","player_choice":"Upgraded","floor":25.0,"gold_loss":0.0,"damage_taken":0.0,"cards_upgraded":["Vault"]},{"damage_healed":0.0,"max_hp_gain":0.0,"max_hp_loss":0.0,"gold_gain":0.0,"event_name":"Winding Halls","player_choice":"Embrace Madness","floor":36.0,"gold_loss":0.0,"damage_taken":12.0,"cards_obtained":["Madness","Madness"]},{"damage_healed":0.0,"max_hp_gain":0.0,"max_hp_loss":0.0,"gold_gain":0.0,"event_name":"MindBloom","player_choice":"Fight","floor":37.0,"gold_loss":0.0,"damage_taken":0.0},{"cards_removed":["Study"],"damage_healed":0,"gold_gain":0,"player_choice":"Removed Power","damage_taken":0,"max_hp_gain":0,"max_hp_loss":0,"event_name":"Falling","floor":46,"gold_loss":0}],"is_beta":false,"boss_relics":[{"not_picked":["Sozu","SacredBark"],"picked":"HolyWater"},{"not_picked":["Empty Cage","Cursed Key"],"picked":"Fusion Hammer"}],"items_purged_floors":[13,20,39,44],"is_endless":false,"potions_floor_spawned":[1,3,5,6,10,22,24,29,35,48],"killed_by":"Awakened One","ascension_level":20}