{"gold_per_floor":[364,364,376,58,68,99,111,139,139,139,159,173,173,207,207,283,283,296,296,296,196,196,196,230,246,246,20,30,30,59,77,77,151,151,167,167,167,167,192,192,192],"floor_reached":41,"playtime":1771,"items_purged":["Defend_P","Strike_P","Decay"],"score":1194,"play_id":"2da6339a-a6d0-4d17-b7ae-7a71077a055c","local_time":"20230213002433","is_ascension_mode":true,"campfire_choices":[{"floor":10.0,"key":"REST"},{"data":"Eruption","floor":15.0,"key":"SMITH"},{"data":"Scrawl","floor":23.0,"key":"SMITH"},{"data":"Adaptation","floor":32.0,"key":"SMITH"},{"data":"1","floor":40,"key":"LIFT"}],"neow_cost":"PERCENT_DAMAGE","seed_source_timestamp":2157538804435399,"circlet_count":0,"master_deck":["AscendersBane","Strike_P","Defend_P","Eruption+1","Vigilance","FearNoEvil","Adaptation+1","TalkToTheHand","Scrawl+1","FlurryOfBlows","MentalFortress","Vault"],"special_seed":0,"relics":["PureWater","Lee\u0027s Waffle","Juzu Bracelet","CaptainsWheel","Pocketwatch","Sundial","Black Star","Matryoshka","Blue Candle","Centennial Puzzle","Bottled Lightning","Membership Card","Orichalcum","Eternal Feather","Fusion Hammer","Girya"],"potions_floor_usage":[],"damage_taken":[{"damage":2.0,"enemies":"Cultist","floor":1.0,"turns":4.0},{"damage":7.0,"enemies":"Jaw Worm","floor":3.0,"turns":4.0},{"damage":2.0,"enemies":"2 Louse","floor":5.0,"turns":2.0},{"damage":37.0,"enemies":"3 Sentries","floor":6.0,"turns":6.0},{"damage":13.0,"enemies":"Large Slime","floor":7.0,"turns":4.0},{"damage":7.0,"enemies":"Lagavulin","floor":8.0,"turns":7.0},{"damage":8.0,"enemies":"Exordium Thugs","floor":11.0,"turns":5.0},{"damage":7.0,"enemies":"3 Louse","floor":12.0,"turns":4.0},{"damage":14.0,"enemies":"3 Sentries","floor":14.0,"turns":5.0},{"damage":0.0,"enemies":"Hexaghost","floor":16.0,"turns":6.0},{"damage":3.0,"enemies":"Spheric Guardian","floor":18.0,"turns":3.0},{"damage":16.0,"enemies":"Slavers","floor":24.0,"turns":6.0},{"damage":12.0,"enemies":"Shell Parasite","floor":25.0,"turns":3.0},{"damage":5.0,"enemies":"Cultist and Chosen","floor":28.0,"turns":3.0},{"damage":0.0,"enemies":"Gremlin Leader","floor":30.0,"turns":4.0},{"damage":2.0,"enemies":"Snecko","floor":31.0,"turns":3.0},{"damage":0.0,"enemies":"Champ","floor":33.0,"turns":1.0},{"damage":0.0,"enemies":"Orb Walker","floor":35.0,"turns":3.0},{"damage":0.0,"enemies":"Mind Bloom Boss Battle","floor":39.0,"turns":3.0},{"damage":67,"enemies":"Nemesis","floor":41,"turns":8}],"seed_played":"-5143349653715085495","potions_obtained":[{"floor":1.0,"key":"Ambrosia"},{"floor":5.0,"key":"ColorlessPotion"},{"floor":11.0,"key":"Regen Potion"},{"floor":14.0,"key":"Weak Potion"},{"floor":16.0,"key":"LiquidMemories"},{"floor":25.0,"key":"SneckoOil"},{"floor":28.0,"key":"Strength Potion"},{"floor":30.0,"key":"FearPotion"},{"floor":31.0,"key":"SteroidPotion"}],"is_trial":false,"path_per_floor":["M","?","M","$","M","E","M","E","T","R","M","M","?","E","R","B",null,"M","?","?","$","?","R","E","M","T","$","M","?","E","M","R","B",null,"M","?","?","?","?","R","E"],"character_chosen":"WATCHER","items_purchased":["Adaptation","Lee\u0027s Waffle","Membership Card"],"campfire_rested":1,"item_purchase_floors":[4,4,27],"current_hp_per_floor":[41,41,34,75,73,36,23,16,16,38,30,35,35,21,21,21,62,59,59,59,59,59,59,43,31,31,31,26,26,26,24,30,30,64,64,64,64,54,54,60,0],"gold":192,"neow_bonus":"TWO_FIFTY_GOLD","is_prod":false,"is_daily":false,"chose_seed":false,"campfire_upgraded":3,"win_rate":0,"timestamp":1676265873,"path_taken":["M","?","M","$","M","E","M","E","T","R","M","M","?","E","R","BOSS","M","?","?","$","?","R","E","M","T","$","M","?","E","M","R","BOSS","M","?","?","?","?","R","E"],"build_version":"2022-12-18","purchased_purges":3,"victory":false,"max_hp_per_floor":[68,68,68,75,75,75,75,75,75,75,75,75,75,75,75,75,75,75,75,75,75,75,75,75,75,75,75,75,75,75,75,75,75,75,75,75,71,71,71,71,71],"relic_stats":{"Girya":1,"Lee\u0027s Waffle":41,"counters":[20,84],"Blue Candle":[0],"Eternal Feather":12,"Juzu Bracelet":4,"Orichalcum":[12],"Centennial Puzzle":[9],"Matryoshka":1,"Sundial":[48],"Black Star":2,"Bottled Lightning":"Scrawl","Membership Card":62,"PureWater":[19],"obtain_stats":[{"Girya":39,"Lee\u0027s Waffle":4,"Blue Candle":24,"Eternal Feather":30,"Juzu Bracelet":6,"Orichalcum":30,"CaptainsWheel":8,"Centennial Puzzle":26,"Matryoshka":24,"Sundial":14,"Fusion Hammer":34,"Black Star":17,"Bottled Lightning":26,"Membership Card":27,"PureWater":0,"Pocketwatch":9},{"Girya":19,"Lee\u0027s Waffle":2,"Blue Candle":12,"Eternal Feather":15,"Juzu Bracelet":4,"Orichalcum":15,"CaptainsWheel":6,"Centennial Puzzle":13,"Matryoshka":12,"Sundial":9,"Fusion Hammer":17,"Black Star":10,"Bottled Lightning":13,"Membership Card":13,"PureWater":0,"Pocketwatch":6},{"Girya":76,"Lee\u0027s Waffle":8,"Blue Candle":56,"Eternal Feather":66,"Juzu Bracelet":16,"Orichalcum":66,"CaptainsWheel":27,"Centennial Puzzle":59,"Matryoshka":56,"Sundial":41,"Fusion Hammer":70,"Black Star":47,"Bottled Lightning":59,"Membership Card":59,"PureWater":0,"Pocketwatch":27}],"Pocketwatch":[48]},"card_choices":[{"not_picked":["CarveReality","CrushJoints"],"picked":"FearNoEvil","floor":1.0},{"not_picked":["LikeWater","BowlingBash","Halt"],"picked":"SKIP","floor":3.0},{"not_picked":["CrushJoints","Prostrate","SashWhip"],"picked":"SKIP","floor":5.0},{"not_picked":["Weave","SignatureMove","Protect"],"picked":"SKIP","floor":6.0},{"not_picked":["Protect","PathToVictory"],"picked":"TalkToTheHand","floor":7.0},{"not_picked":["Evaluate","Perseverance"],"picked":"Scrawl","floor":8.0},{"not_picked":["Crescendo","CutThroughFate","WaveOfTheHand"],"picked":"SKIP","floor":11.0},{"not_picked":["Evaluate","BowlingBash"],"picked":"FlurryOfBlows","floor":12.0},{"not_picked":["Perseverance","Brilliance","Study"],"picked":"SKIP","floor":14.0},{"not_picked":["WheelKick","Prostrate","LikeWater"],"picked":"SKIP","floor":18.0},{"not_picked":["SashWhip","Evaluate","Consecrate"],"picked":"SKIP","floor":24.0},{"not_picked":["MasterReality","JustLucky","Evaluate"],"picked":"SKIP","floor":25.0},{"not_picked":["FlyingSleeves","EmptyMind","PathToVictory"],"picked":"SKIP","floor":28.0},{"not_picked":["Brilliance","CutThroughFate","SignatureMove+1"],"picked":"SKIP","floor":30.0},{"not_picked":["CrushJoints","Halt+1","ThirdEye"],"picked":"SKIP","floor":31.0},{"not_picked":["LessonLearned","Ragnarok"],"picked":"Vault","floor":33.0},{"not_picked":["Weave","FollowUp","Evaluate"],"picked":"SKIP","floor":35.0}],"player_experience":1418666,"relics_obtained":[{"floor":6.0,"key":"Juzu Bracelet"},{"floor":8.0,"key":"CaptainsWheel"},{"floor":9.0,"key":"Pocketwatch"},{"floor":14.0,"key":"Sundial"},{"floor":24.0,"key":"Matryoshka"},{"floor":24.0,"key":"Blue Candle"},{"floor":26.0,"key":"Centennial Puzzle"},{"floor":26.0,"key":"Bottled Lightning"},{"floor":30.0,"key":"Orichalcum"},{"floor":30.0,"key":"Eternal Feather"},{"floor":39.0,"key":"Girya"}],"event_choices":[{"cards_removed":["Defend_P"],"damage_healed":0.0,"max_hp_gain":0.0,"max_hp_loss":0.0,"gold_gain":0.0,"event_name":"Purifier","player_choice":"Purged","floor":2.0,"gold_loss":0.0,"damage_taken":0.0},{"cards_removed":["Strike_P"],"damage_healed":0.0,"max_hp_gain":0.0,"max_hp_loss":0.0,"gold_gain":0.0,"event_name":"Bonfire Elementals","player_choice":"Offered Basic","floor":13.0,"gold_loss":0.0,"damage_taken":0.0},{"damage_healed":0.0,"max_hp_gain":0.0,"max_hp_loss":0.0,"gold_gain":0.0,"event_name":"Vampires","player_choice":"Ignored","floor":19.0,"gold_loss":0.0,"damage_taken":0.0},{"damage_healed":0.0,"max_hp_gain":0.0,"max_hp_loss":0.0,"gold_gain":0.0,"event_name":"Match and Keep!","player_choice":"1 cards matched","floor":20.0,"gold_loss":0.0,"damage_taken":0.0,"cards_obtained":["MentalFortress"]},{"damage_healed":0.0,"max_hp_gain":0.0,"max_hp_loss":0.0,"gold_gain":0.0,"event_name":"Wheel of Change","player_choice":"Cursed","floor":22.0,"gold_loss":0.0,"damage_taken":0.0,"cards_obtained":["Decay"]},{"cards_removed":["Defend_P"],"damage_healed":0.0,"max_hp_gain":0.0,"max_hp_loss":0.0,"gold_gain":0.0,"event_name":"Back to Basics","player_choice":"Elegance","floor":29.0,"gold_loss":0.0,"damage_taken":0.0},{"cards_removed":["Strike_P"],"damage_healed":0.0,"max_hp_gain":0.0,"max_hp_loss":0.0,"gold_gain":0.0,"event_name":"Falling","player_choice":"Removed Attack","floor":36.0,"gold_loss":0.0,"damage_taken":0.0},{"damage_healed":0.0,"max_hp_gain":0.0,"max_hp_loss":4.0,"gold_gain":0.0,"event_name":"Winding Halls","player_choice":"Max HP","floor":37.0,"gold_loss":0.0,"damage_taken":0.0},{"damage_healed":0.0,"max_hp_gain":0.0,"max_hp_loss":0.0,"gold_gain":0.0,"event_name":"SensoryStone","player_choice":"Memory 3","floor":38.0,"gold_loss":0.0,"damage_taken":10.0},{"damage_healed":0.0,"max_hp_gain":0.0,"max_hp_loss":0.0,"gold_gain":0.0,"event_name":"MindBloom","player_choice":"Fight","floor":39.0,"gold_loss":0.0,"damage_taken":0.0}],"is_beta":false,"boss_relics":[{"not_picked":["Tiny House","Cursed Key"],"picked":"Black Star"},{"not_picked":["Snecko Eye","Velvet Choker"],"picked":"Fusion Hammer"}],"items_purged_floors":[4,21,27],"is_endless":false,"potions_floor_spawned":[1,5,11,14,16,25,28,30,31,39],"killed_by":"Nemesis","ascension_level":20}