{"gold_per_floor":[114,128,53,68,38,68,68,78,78,78],"floor_reached":10,"playtime":275,"items_purged":["Defend_P"],"score":186,"play_id":"bc8297e1-24ce-4e36-8b0e-9d557f2b1804","local_time":"20230220210920","is_ascension_mode":true,"campfire_choices":[{"data":"Eruption","floor":7,"key":"SMITH"}],"neow_cost":"NONE","seed_source_timestamp":499793471126800,"circlet_count":0,"master_deck":["AscendersBane","Strike_P","Strike_P","Strike_P","Strike_P","Defend_P","Defend_P","Eruption+1","Vigilance","EmptyFist","FlurryOfBlows","SashWhip","Adaptation","Halt"],"relics":["PureWater","Smiling Mask","Meat on the Bone"],"potions_floor_usage":[6,10,10],"damage_taken":[{"damage":9,"enemies":"Jaw Worm","floor":1,"turns":4},{"damage":0,"enemies":"Cultist","floor":2,"turns":3},{"damage":12,"enemies":"2 Louse","floor":4,"turns":2},{"damage":0,"enemies":"Lagavulin","floor":6,"turns":4},{"damage":15,"enemies":"Red Slaver","floor":8,"turns":4},{"damage":35,"enemies":"Gremlin Nob","floor":10,"turns":3}],"seed_played":"6786734144885720124","potions_obtained":[{"floor":5,"key":"SkillPotion"},{"floor":5,"key":"AttackPotion"},{"floor":8,"key":"SkillPotion"}],"is_trial":false,"path_per_floor":["M","M","$","M","?","E","R","M","T","E"],"character_chosen":"WATCHER","basemod:card_modifiers":[null,null,null,null,null,null,null,null,null,null,null,null,null,null],"items_purchased":[],"campfire_rested":0,"item_purchase_floors":[],"current_hp_per_floor":[52,52,52,40,40,40,40,25,25,0],"gold":78,"neow_bonus":"REMOVE_CARD","is_prod":false,"is_daily":false,"chose_seed":false,"campfire_upgraded":1,"win_rate":0,"timestamp":1676945360,"path_taken":["M","M","$","M","?","E","R","?","T","E"],"build_version":"2022-12-18","purchased_purges":1,"victory":false,"max_hp_per_floor":[68,68,68,68,68,68,68,68,68,68],"relic_stats":{"counters":[6,20],"PureWater":[5],"Smiling Mask":0,"obtain_stats":[{"PureWater":0,"Smiling Mask":6,"Meat on the Bone":9},{"PureWater":0,"Smiling Mask":4,"Meat on the Bone":5},{"PureWater":0,"Smiling Mask":13,"Meat on the Bone":17}],"Meat on the Bone":0},"card_choices":[{"not_picked":["SashWhip","Consecrate"],"picked":"EmptyFist","floor":1},{"not_picked":["ClearTheMind","FollowUp"],"picked":"FlurryOfBlows","floor":2},{"not_picked":["Prostrate","WreathOfFlame"],"picked":"SashWhip","floor":4},{"not_picked":["Wish","Sanctity"],"picked":"Adaptation","floor":6},{"not_picked":["TalkToTheHand","Indignation"],"picked":"Halt","floor":8}],"player_experience":1455102,"relics_obtained":[{"floor":6,"key":"Smiling Mask"},{"floor":9,"key":"Meat on the Bone"}],"event_choices":[{"damage_healed":0,"gold_gain":0,"player_choice":"Bought 2 Potions","damage_taken":0,"max_hp_gain":0,"max_hp_loss":0,"event_name":"The Woman in Blue","floor":5,"gold_loss":0}],"is_beta":false,"boss_relics":[],"items_purged_floors":[3],"is_endless":false,"potions_floor_spawned":[8],"killed_by":"Gremlin Nob","ascension_level":20}