{"gold_per_floor":[114,129,140,41,57,92,92,121,144,175,185,203,203,220,220,296,296,314,314],"floor_reached":19,"playtime":1063,"items_purged":["Defend_P"],"score":432,"play_id":"83ca9111-71d4-49a6-89e1-501625d1948b","local_time":"20230219150254","is_ascension_mode":true,"campfire_choices":[{"floor":7.0,"key":"REST"},{"floor":13.0,"key":"REST"},{"data":"Fasting2","floor":15.0,"key":"SMITH"}],"neow_cost":"NONE","seed_source_timestamp":0,"circlet_count":0,"master_deck":["AscendersBane","Strike_P","Strike_P","Strike_P","Strike_P","Defend_P","Defend_P","Defend_P","Eruption","Vigilance","WindmillStrike","Adaptation","EmptyFist","Halt","Fasting2+1","Wireheading","ClearTheMind","ThirdEye"],"special_seed":0,"relics":["Busted Crown","The Courier","Lantern","Bag of Preparation","VioletLotus"],"potions_floor_usage":[19],"damage_taken":[{"damage":4.0,"enemies":"Small Slimes","floor":1.0,"turns":5.0},{"damage":2.0,"enemies":"Cultist","floor":2.0,"turns":4.0},{"damage":4.0,"enemies":"2 Louse","floor":3.0,"turns":3.0},{"damage":6.0,"enemies":"Blue Slaver","floor":5.0,"turns":4.0},{"damage":26.0,"enemies":"3 Sentries","floor":6.0,"turns":11.0},{"damage":0.0,"enemies":"Lagavulin","floor":8.0,"turns":5.0},{"damage":26.0,"enemies":"3 Sentries","floor":10.0,"turns":13.0},{"damage":0.0,"enemies":"Large Slime","floor":11.0,"turns":5.0},{"damage":5.0,"enemies":"Gremlin Gang","floor":12.0,"turns":5.0},{"damage":6.0,"enemies":"Looter","floor":14.0,"turns":4.0},{"damage":4.0,"enemies":"Hexaghost","floor":16.0,"turns":9.0},{"damage":19,"enemies":"2 Thieves","floor":18,"turns":4},{"damage":39,"enemies":"3 Byrds","floor":19,"turns":5}],"seed_played":"260645606219013359","potions_obtained":[{"floor":2.0,"key":"LiquidBronze"},{"floor":6.0,"key":"Block Potion"},{"floor":8.0,"key":"Dexterity Potion"},{"floor":12.0,"key":"Weak Potion"}],"is_trial":false,"path_per_floor":["M","M","M","$","M","E","R","E","T","E","M","M","R","M","R","B",null,"M","M"],"character_chosen":"WATCHER","basemod:card_modifiers":[null,null,null,null,null,null,null,null,null,null,null,null,null,null,null,null,null,null],"items_purchased":["EmptyFist"],"campfire_rested":2,"item_purchase_floors":[4],"current_hp_per_floor":[57,55,51,51,45,19,39,39,39,13,13,8,28,22,22,18,56,37,0],"gold":314,"neow_bonus":"BOSS_RELIC","is_prod":false,"is_daily":false,"chose_seed":false,"campfire_upgraded":1,"win_rate":0,"timestamp":1676836974,"path_taken":["M","M","M","$","M","E","R","E","T","E","M","M","R","M","R","BOSS","M","M"],"build_version":"2022-12-18","purchased_purges":1,"victory":false,"max_hp_per_floor":[68,68,68,68,68,68,68,68,68,68,68,68,68,68,68,68,68,68,68],"relic_stats":{"Busted Crown":24,"counters":[13,77],"The Courier":0,"VioletLotus":[4],"Bag of Preparation":[12],"obtain_stats":[{"Lantern":8,"Busted Crown":0,"The Courier":6,"VioletLotus":17,"Bag of Preparation":10,"PureWater":0},{"Lantern":6,"Busted Crown":0,"The Courier":5,"VioletLotus":11,"Bag of Preparation":7,"PureWater":0},{"Lantern":32,"Busted Crown":0,"The Courier":27,"VioletLotus":68,"Bag of Preparation":45,"PureWater":0}]},"card_choices":[{"not_picked":["FlyingSleeves"],"picked":"SKIP","floor":1.0},{"not_picked":[],"picked":"WindmillStrike","floor":2.0},{"not_picked":[],"picked":"Adaptation","floor":3.0},{"not_picked":[],"picked":"Halt","floor":5.0},{"not_picked":["Consecrate"],"picked":"SKIP","floor":6.0},{"not_picked":[],"picked":"Fasting2","floor":8.0},{"not_picked":[],"picked":"Wireheading","floor":10.0},{"not_picked":[],"picked":"ClearTheMind","floor":11.0},{"not_picked":[],"picked":"ThirdEye","floor":12.0},{"not_picked":["Consecrate"],"picked":"SKIP","floor":14.0},{"not_picked":["Halt"],"picked":"SKIP","floor":18}],"player_experience":1449539,"relics_obtained":[{"floor":6.0,"key":"The Courier"},{"floor":8.0,"key":"Lantern"},{"floor":10.0,"key":"Bag of Preparation"}],"event_choices":[],"is_beta":false,"boss_relics":[{"not_picked":["Pandora\u0027s Box","Runic Pyramid"],"picked":"VioletLotus"}],"items_purged_floors":[4],"is_endless":false,"potions_floor_spawned":[2,6,8,12,14],"killed_by":"3 Byrds","ascension_level":20}