{"gold_per_floor":[117,129,142,142,155,155,155,188,188,214,54,71,71,103,103,176,176,190,105,105,105,123,123,148,148,148,177,196,59,78,128,128,205,205,221,221,246,246,262,293,310,310,310,185,185,185,35,49,49,49,49,49,49,49,82,82],"floor_reached":56,"playtime":2700,"items_purged":["Strike_P","Conclude","FollowUp","Brilliance+1"],"score":2112,"play_id":"9960e276-2e2b-497d-8fdc-207c29fd9e43","local_time":"20230306235250","is_ascension_mode":true,"campfire_choices":[{"data":"Eruption","floor":6,"key":"SMITH"},{"data":"Crescendo","floor":13,"key":"SMITH"},{"data":"SandsOfTime","floor":15,"key":"SMITH"},{"floor":23,"key":"REST"},{"data":"Vault","floor":25,"key":"SMITH"},{"data":"Adaptation","floor":32,"key":"SMITH"},{"data":"TalkToTheHand","floor":46,"key":"SMITH"},{"floor":49,"key":"RECALL"},{"data":"Vault","floor":53,"key":"SMITH"}],"neow_cost":"PERCENT_DAMAGE","seed_source_timestamp":1716776100886800,"circlet_count":0,"master_deck":["AscendersBane","Eruption+1","Vigilance","Perseverance+1","FlurryOfBlows","Crescendo+1","Vault+1","InnerPeace","SandsOfTime+1","Adaptation","TalkToTheHand+1","Adaptation+1","Vault+1","Consecrate+1","Swivel+1","Madness","Madness","Flash of Steel","Prostrate+1"],"relics":["PureWater","WingedGreaves","CaptainsWheel","Bird Faced Urn","Shuriken","Pandora\u0027s Box","Pen Nib","TeardropLocket","Bronze Scales","Astrolabe","Turnip","Singing Bowl","Pocketwatch","FossilizedHelix"],"potions_floor_usage":[8,18,24,28,56],"damage_taken":[{"damage":0,"enemies":"2 Louse","floor":1,"turns":2},{"damage":0,"enemies":"Small Slimes","floor":2,"turns":2},{"damage":2,"enemies":"Jaw Worm","floor":3,"turns":3},{"damage":4,"enemies":"Large Slime","floor":5,"turns":5},{"damage":0,"enemies":"Lagavulin","floor":8,"turns":5},{"damage":7,"enemies":"3 Sentries","floor":10,"turns":7},{"damage":0,"enemies":"Looter","floor":12,"turns":3},{"damage":3,"enemies":"Gremlin Nob","floor":14,"turns":4},{"damage":3,"enemies":"Hexaghost","floor":16,"turns":7},{"damage":12,"enemies":"2 Thieves","floor":18,"turns":3},{"damage":0,"enemies":"Chosen","floor":22,"turns":3},{"damage":8,"enemies":"Book of Stabbing","floor":24,"turns":4},{"damage":12,"enemies":"Gremlin Leader","floor":27,"turns":5},{"damage":17,"enemies":"Centurion and Healer","floor":28,"turns":3},{"damage":0,"enemies":"Cultist and Chosen","floor":30,"turns":3},{"damage":12,"enemies":"Automaton","floor":33,"turns":4},{"damage":0,"enemies":"Orb Walker","floor":35,"turns":2},{"damage":0,"enemies":"Mind Bloom Boss Battle","floor":37,"turns":3},{"damage":4,"enemies":"3 Shapes","floor":39,"turns":5},{"damage":29,"enemies":"Nemesis","floor":40,"turns":4},{"damage":22,"enemies":"Sphere and 2 Shapes","floor":41,"turns":6},{"damage":0,"enemies":"Spire Growth","floor":48,"turns":4},{"damage":23,"enemies":"Awakened One","floor":50,"turns":6},{"damage":0,"enemies":"Donu and Deca","floor":51,"turns":3},{"damage":0,"enemies":"Shield and Spear","floor":55,"turns":3},{"damage":119,"enemies":"The Heart","floor":56,"turns":3}],"seed_played":"3419437475832514023","potions_obtained":[{"floor":2,"key":"DistilledChaos"},{"floor":3,"key":"Ambrosia"},{"floor":8,"key":"ColorlessPotion"},{"floor":18,"key":"Weak Potion"},{"floor":27,"key":"Ancient Potion"},{"floor":30,"key":"EssenceOfSteel"},{"floor":37,"key":"Explosive Potion"},{"floor":41,"key":"PowerPotion"}],"is_trial":false,"path_per_floor":["M","M","M","?","M","R","?","E","T","E","$","M","R","E","R","B",null,"M","?","?","?","M","R","E","R","T","E","M","$","M","?","R","B",null,"M","?","?","?","M","E","M","?","T","$","?","R","$","M","R","B","B",null,"R","$","E","B"],"character_chosen":"WATCHER","basemod:card_modifiers":[null,null,null,null,null,null,null,null,null,null,null,null,null,null,null,null,null,null,null],"items_purchased":["InnerPeace","Adaptation"],"campfire_rested":1,"item_purchase_floors":[11,29],"current_hp_per_floor":[43,43,41,21,17,17,39,39,39,32,32,32,32,29,29,26,58,46,46,27,27,29,50,44,44,44,34,19,19,23,23,23,15,59,61,48,52,42,42,19,3,3,3,3,63,63,63,65,65,44,48,61,61,61,67,0],"gold":82,"neow_bonus":"TRANSFORM_TWO_CARDS","is_prod":false,"is_daily":false,"chose_seed":false,"campfire_upgraded":7,"win_rate":0,"timestamp":1678164770,"path_taken":["M","M","M","?","M","R","?","E","T","E","$","M","R","E","R","BOSS","M","?","?","?","?","R","E","R","T","E","M","$","M","?","R","BOSS","M","?","?","?","M","E","M","?","T","$","?","R","$","M","R","BOSS","BOSS","R","$","E","BOSS"],"build_version":"2022-12-18","purchased_purges":4,"victory":false,"max_hp_per_floor":[68,68,68,68,68,68,68,68,68,68,68,68,68,68,68,68,68,68,68,73,73,73,73,73,73,73,73,73,73,73,73,73,73,73,73,73,73,73,73,75,77,77,77,77,63,63,63,65,65,65,65,65,65,65,67,67],"relic_stats":{"Singing Bowl":8,"counters":[26,102],"Astrolabe":["Brilliance","Consecrate","Swivel"],"Pen Nib":[23],"Shuriken":[65],"Bird Faced Urn":[46],"Bronze Scales":[36],"Pandora\u0027s Box":["Adaptation","TalkToTheHand","Conclude","Conclude","Ragnarok"],"WingedGreaves":3,"Turnip":[7],"PureWater":[20],"obtain_stats":[{"Singing Bowl":40,"Astrolabe":34,"Pen Nib":19,"TeardropLocket":24,"CaptainsWheel":9,"Shuriken":14,"Bird Faced Urn":10,"Bronze Scales":27,"Pandora\u0027s Box":17,"WingedGreaves":8,"Turnip":37,"PureWater":0,"FossilizedHelix":55,"Pocketwatch":43},{"Singing Bowl":20,"Astrolabe":16,"Pen Nib":10,"TeardropLocket":12,"CaptainsWheel":5,"Shuriken":8,"Bird Faced Urn":6,"Bronze Scales":13,"Pandora\u0027s Box":9,"WingedGreaves":5,"Turnip":18,"PureWater":0,"FossilizedHelix":25,"Pocketwatch":21},{"Singing Bowl":77,"Astrolabe":63,"Pen Nib":41,"TeardropLocket":48,"CaptainsWheel":17,"Shuriken":31,"Bird Faced Urn":24,"Bronze Scales":53,"Pandora\u0027s Box":38,"WingedGreaves":17,"Turnip":68,"PureWater":0,"FossilizedHelix":99,"Pocketwatch":83}],"FossilizedHelix":[2],"Pocketwatch":[11]},"card_choices":[{"not_picked":["CrushJoints","Wireheading"],"picked":"FollowUp","floor":1},{"not_picked":["Evaluate","CrushJoints"],"picked":"FlurryOfBlows","floor":2},{"not_picked":["Collect","BowlingBash"],"picked":"Crescendo","floor":3},{"not_picked":["ForeignInfluence","CrushJoints","ThirdEye"],"picked":"SKIP","floor":5},{"not_picked":["EmptyBody","CutThroughFate"],"picked":"Vault","floor":8},{"not_picked":["BowlingBash","Sanctity","CutThroughFate"],"picked":"SKIP","floor":10},{"not_picked":["FlurryOfBlows","JustLucky","FollowUp"],"picked":"SKIP","floor":12},{"not_picked":["CrushJoints","EmptyFist"],"picked":"SandsOfTime","floor":14},{"not_picked":["FollowUp","Fasting2","ForeignInfluence"],"picked":"SKIP","floor":18},{"not_picked":["Evaluate","CrushJoints","Halt"],"picked":"SKIP","floor":22},{"not_picked":["Halt+1","Brilliance","ThirdEye+1"],"picked":"SKIP","floor":24},{"not_picked":["EmptyFist","PathToVictory","ThirdEye"],"picked":"SKIP","floor":27},{"not_picked":["Consecrate","BowlingBash+1","PathToVictory"],"picked":"SKIP","floor":28},{"not_picked":["Protect","Nirvana","Crescendo"],"picked":"SKIP","floor":30},{"not_picked":["Alpha","SpiritShield"],"picked":"Vault","floor":33},{"not_picked":["FlurryOfBlows","EmptyBody","BowlingBash+1"],"picked":"SKIP","floor":35},{"not_picked":["Bandage Up","Transmutation"],"picked":"Flash of Steel","floor":38},{"not_picked":["SandsOfTime+1","Consecrate"],"picked":"Prostrate+1","floor":39},{"not_picked":["EmptyBody","Wallop","DeceiveReality"],"picked":"Singing Bowl","floor":40},{"not_picked":["EmptyBody+1","EmptyFist","Study"],"picked":"Singing Bowl","floor":41},{"not_picked":["Pray+1","Wireheading","CarveReality"],"picked":"Singing Bowl","floor":48},{"not_picked":["ReachHeaven","CutThroughFate+1","Prostrate+1"],"picked":"Singing Bowl","floor":55}],"player_experience":1497255,"relics_obtained":[{"floor":8,"key":"WingedGreaves"},{"floor":9,"key":"CaptainsWheel"},{"floor":10,"key":"Bird Faced Urn"},{"floor":14,"key":"Shuriken"},{"floor":24,"key":"TeardropLocket"},{"floor":27,"key":"Bronze Scales"},{"floor":37,"key":"Turnip"},{"floor":40,"key":"Singing Bowl"},{"floor":43,"key":"Pocketwatch"},{"floor":55,"key":"FossilizedHelix"}],"event_choices":[{"damage_healed":0,"gold_gain":0,"player_choice":"Entered Light","damage_taken":20,"max_hp_gain":0,"max_hp_loss":0,"event_name":"Shining Light","floor":4,"gold_loss":0,"cards_upgraded":["Defend_P","Perseverance"]},{"damage_healed":22,"gold_gain":0,"player_choice":"Banana","damage_taken":0,"max_hp_gain":0,"max_hp_loss":0,"event_name":"Big Fish","floor":7,"gold_loss":0},{"damage_healed":0,"gold_gain":0,"player_choice":"Obtained Relic","damage_taken":0,"relics_obtained":["Pen Nib"],"max_hp_gain":0,"max_hp_loss":0,"event_name":"Addict","floor":19,"gold_loss":85},{"damage_healed":0,"gold_gain":0,"player_choice":"Shed Blood","damage_taken":24,"max_hp_gain":5,"max_hp_loss":0,"event_name":"Forgotten Altar","floor":20,"gold_loss":0},{"damage_healed":0,"gold_gain":0,"player_choice":"0 cards matched","damage_taken":0,"max_hp_gain":0,"max_hp_loss":0,"event_name":"Match and Keep!","floor":21,"gold_loss":0,"cards_obtained":[]},{"damage_healed":0,"gold_gain":0,"player_choice":"0 cards matched","damage_taken":0,"max_hp_gain":0,"max_hp_loss":0,"event_name":"Match and Keep!","floor":21,"gold_loss":0,"cards_obtained":[]},{"damage_healed":0,"gold_gain":50,"player_choice":"Stole From Cult","damage_taken":0,"max_hp_gain":0,"max_hp_loss":0,"event_name":"Nest","floor":31,"gold_loss":0},{"damage_healed":0,"gold_gain":0,"player_choice":"Embrace Madness","damage_taken":13,"max_hp_gain":0,"max_hp_loss":0,"event_name":"Winding Halls","floor":36,"gold_loss":0,"cards_obtained":["Madness","Madness"]},{"damage_healed":0,"gold_gain":0,"player_choice":"Fight","damage_taken":0,"max_hp_gain":0,"max_hp_loss":0,"event_name":"MindBloom","floor":37,"gold_loss":0},{"damage_healed":0,"gold_gain":0,"player_choice":"Memory 3","damage_taken":10,"max_hp_gain":0,"max_hp_loss":0,"event_name":"SensoryStone","floor":38,"gold_loss":0},{"damage_healed":0,"gold_gain":0,"player_choice":"Ignored","damage_taken":0,"max_hp_gain":0,"max_hp_loss":0,"event_name":"Mysterious Sphere","floor":42,"gold_loss":0},{"damage_healed":63,"gold_gain":0,"player_choice":"Heal","damage_taken":0,"max_hp_gain":0,"max_hp_loss":14,"event_name":"The Moai Head","floor":45,"gold_loss":0}],"is_beta":false,"boss_relics":[{"not_picked":["Tiny House","SacredBark"],"picked":"Pandora\u0027s Box"},{"not_picked":["Sozu","Snecko Eye"],"picked":"Astrolabe"}],"items_purged_floors":[11,29,44,47],"is_endless":false,"potions_floor_spawned":[2,3,8,14,16,18,27,30,33,37,41],"killed_by":"The Heart","ascension_level":20}