{"neow_bonuses_skipped_log":["TRANSFORM_CARD","THREE_ENEMY_KILL","BOSS_RELIC"],"neow_costs_skipped_log":["NONE","NONE","NONE"],"potions_obtained_entropic_brew":[[],[],[],[],[],[],[],[],[],[],[],[],[],[],[],[],[],[],[],[],[],[],[],[],[],[],[],[],[],[],[]],"gold_per_floor":[16,35,335,352,370,402,402,423,423,434,19,19,19,53,53,132,132,143,143,163,10,10,10,42,42,110,110,35,66,80,80],"floor_reached":31,"playtime":972,"items_purged":["Strike_P","BowlingBash"],"score":612,"play_id":"4657c696-9824-4d42-84e4-d4dd6d76e86e","local_time":"20230314020205","score_breakdown":["Floors Climbed (31): 155","Enemies Slain (8): 16","Exordium Elites Killed (2): 20","City Elites Killed (2): 40","Bosses Slain (1): 50","Champion (1): 25","Ascension (20): 306"],"is_ascension_mode":true,"potions_obtained_alchemize":[[],[],[],[],[],[],[],[],[],[],[],[],[],[],[],[],[],[],[],[],[],[],[],[],[],[],[],[],[],[],[]],"campfire_choices":[{"floor":7,"key":"REST"},{"data":"ConjureBlade","floor":13,"key":"SMITH"},{"data":"Eruption","floor":15,"key":"SMITH"},{"data":"Adaptation","floor":23,"key":"SMITH"},{"data":"Vault","floor":25,"key":"SMITH"},{"data":"Tantrum","floor":27,"key":"SMITH"}],"lesson_learned_per_floor":[[],[],[],[],[],[],[],[],[],[],[],[],[],[],[],[],[],[],[],[],[],[],[],[],[],[],[],[],[],[],[]],"neow_cost":"NO_GOLD","improvable_cards":{},"seed_source_timestamp":2327459958784800,"shop_contents":[{"floor":11,"relics":["Bag of Marbles"],"cards":["SashWhip","SandsOfTime","PathToVictory","Evaluate","BattleHymn","Flash of Steel","Mayhem"],"potions":["SmokeBomb","BlessingOfTheForge","LiquidBronze"]},{"floor":21,"relics":["GoldenEye","Molten Egg 2","Frozen Eye"],"cards":["FlurryOfBlows","CrushJoints","Vault","Prostrate","Adaptation","Deep Breath","Secret Technique"],"potions":["Strength Potion","SmokeBomb"]},{"floor":22,"relics":["FossilizedHelix","Strawberry","Orrery"],"cards":["FollowUp","BowlingBash","EmptyBody","Collect","Adaptation","Jack Of All Trades","Transmutation"],"potions":["Strength Potion","PowerPotion","BlessingOfTheForge"]}],"circlet_count":0,"master_deck":["AscendersBane","Eruption+1","Vigilance+1","ConjureBlade+1","Meditate+1","FollowUp","Consecrate","CutThroughFate","Indignation","Adaptation+1","Vault+1","Tantrum+1","Meditate"],"potion_use_per_floor":[[],[],[],[],["Weak Potion"],["Fire Potion"],[],[],[],[],[],[],[],[],[],[],[],["DistilledChaos"],[],[],["Fruit Juice"],[],[],["PowerPotion"],[],[],[],[],["Explosive Potion"],[],[]],"relics":["PureWater","Old Coin","Gremlin Horn","Odd Mushroom","Torii","Medical Kit","Happy Flower","War Paint","Pandora\u0027s Box","CeramicFish","Letter Opener","Toy Ornithopter","Omamori"],"potions_floor_usage":[5,6,18,21,24,29],"damage_taken":[{"damage":7,"enemies":"Jaw Worm","floor":1,"turns":2},{"damage":0,"enemies":"2 Louse","floor":2,"turns":2},{"damage":0,"enemies":"Cultist","floor":4,"turns":2},{"damage":23,"enemies":"Exordium Thugs","floor":5,"turns":4},{"damage":6,"enemies":"Gremlin Nob","floor":6,"turns":3},{"damage":4,"enemies":"The Mushroom Lair","floor":8,"turns":3},{"damage":0,"enemies":"Blue Slaver","floor":10,"turns":2},{"damage":0,"enemies":"Lagavulin","floor":14,"turns":4},{"damage":7,"enemies":"Hexaghost","floor":16,"turns":5},{"damage":0,"enemies":"3 Byrds","floor":18,"turns":3},{"damage":0,"enemies":"Spheric Guardian","floor":20,"turns":4},{"damage":20,"enemies":"Book of Stabbing","floor":24,"turns":4},{"damage":18,"enemies":"Gremlin Leader","floor":29,"turns":2},{"damage":25,"enemies":"Chosen and Byrds","floor":30,"turns":5},{"damage":8,"enemies":"Snake Plant","floor":31,"turns":1}],"green_key_taken_log":29,"seed_played":"-7737784483752866732","neow_bonus_log":{"cardsObtained":["ConjureBlade","Meditate"],"cardsUpgraded":[],"cardsRemoved":[],"cardsTransformed":["Defend_P","Defend_P"],"relicsObtained":[],"maxHpGained":0,"goldGained":0,"damageTaken":0,"goldLost":99,"maxHpLost":0},"potions_obtained":[{"floor":2,"key":"Weak Potion"},{"floor":5,"key":"Fire Potion"},{"floor":8,"key":"Explosive Potion"},{"floor":16,"key":"DistilledChaos"},{"floor":18,"key":"Explosive Potion"},{"floor":20,"key":"Fruit Juice"},{"floor":24,"key":"Ancient Potion"}],"is_trial":false,"path_per_floor":["M","M","?","M","M","E","R","?","T","M","$","?","R","E","R","B",null,"M","?","M","$","$","R","E","R","T","R","?","E","M","M"],"character_chosen":"WATCHER","basemod:card_modifiers":[null,null,null,null,null,null,null,null,null,null,null,null,null],"items_purchased":["Medical Kit","Happy Flower","PowerPotion"],"campfire_rested":1,"item_purchase_floors":[11,11,21],"current_hp_per_floor":[54,54,36,36,13,7,27,23,23,23,23,45,45,45,45,38,61,61,61,61,66,66,66,46,46,46,46,46,33,8,0],"gold":80,"neow_bonus":"TRANSFORM_TWO_CARDS","is_prod":false,"is_daily":false,"rewards_skipped":[],"chose_seed":false,"campfire_upgraded":5,"win_rate":0,"floor_exit_playtime":[41,66,71,99,151,196,200,270,273,296,324,329,336,398,405,513,535,595,606,666,718,721,732,827,834,836,847,851,893,958],"timestamp":1678773725,"path_taken":["M","M","?","M","M","E","R","?","T","M","$","?","R","E","R","BOSS","M","?","M","?","$","R","E","R","T","R","?","E","?","M"],"build_version":"2022-12-18","purchased_purges":2,"victory":false,"max_hp_per_floor":[68,68,68,68,68,68,68,68,68,68,68,68,68,68,68,68,68,68,68,68,73,73,73,73,73,73,73,73,73,73,73],"relic_stats":{"Gremlin Horn":[7,7],"Torii":21,"Happy Flower":[9],"counters":[15,46],"CeramicFish":0,"Omamori":0,"Letter Opener":[6],"War Paint":["Meditate","Vigilance"],"Medical Kit":[5],"Pandora\u0027s Box":["WindmillStrike","Vault","Tantrum","BowlingBash","Meditate"],"PureWater":[12],"obtain_stats":[{"Gremlin Horn":6,"Torii":9,"Happy Flower":11,"CeramicFish":24,"Omamori":29,"Letter Opener":26,"Odd Mushroom":8,"War Paint":14,"Medical Kit":11,"Old Coin":3,"Pandora\u0027s Box":17,"PureWater":0,"Toy Ornithopter":28},{"Gremlin Horn":5,"Torii":6,"Happy Flower":7,"CeramicFish":12,"Omamori":13,"Letter Opener":12,"Odd Mushroom":6,"War Paint":8,"Medical Kit":7,"Old Coin":2,"Pandora\u0027s Box":9,"PureWater":0,"Toy Ornithopter":12},{"Gremlin Horn":13,"Torii":16,"Happy Flower":18,"CeramicFish":38,"Omamori":40,"Letter Opener":38,"Odd Mushroom":16,"War Paint":22,"Medical Kit":18,"Old Coin":4,"Pandora\u0027s Box":27,"PureWater":0,"Toy Ornithopter":38}],"Toy Ornithopter":5},"card_choices":[{"not_picked":["Halt","SignatureMove"],"picked":"FollowUp","floor":1},{"not_picked":["Vengeance","ClearTheMind"],"picked":"Consecrate","floor":2},{"not_picked":["Study","FlyingSleeves","BattleHymn"],"picked":"SKIP","floor":4},{"not_picked":["WaveOfTheHand","JustLucky"],"picked":"CutThroughFate","floor":5},{"not_picked":["PathToVictory","DevaForm","Consecrate"],"picked":"SKIP","floor":6},{"not_picked":["Evaluate","FlyingSleeves"],"picked":"Indignation","floor":8},{"not_picked":["Protect","CutThroughFate","Alpha"],"picked":"SKIP","floor":10},{"not_picked":["CutThroughFate","Halt"],"picked":"Adaptation","floor":14},{"not_picked":["Brilliance","Omniscience","Alpha"],"picked":"SKIP","floor":16},{"not_picked":["SandsOfTime+1","Indignation","WreathOfFlame"],"picked":"SKIP","floor":18},{"not_picked":["FollowUp","WaveOfTheHand","CutThroughFate"],"picked":"SKIP","floor":20},{"not_picked":["Prostrate","FlurryOfBlows","SignatureMove"],"picked":"SKIP","floor":24},{"not_picked":["Alpha","BowlingBash","Vengeance"],"picked":"SKIP","floor":29},{"not_picked":["Consecrate","FlyingSleeves","FlurryOfBlows"],"picked":"SKIP","floor":30}],"player_experience":1577139,"relics_obtained":[{"floor":6,"key":"Gremlin Horn"},{"floor":8,"key":"Odd Mushroom"},{"floor":9,"key":"Torii"},{"floor":14,"key":"War Paint"},{"floor":24,"key":"CeramicFish"},{"floor":26,"key":"Letter Opener"},{"floor":29,"key":"Omamori"}],"event_choices":[{"damage_healed":0,"gold_gain":0,"player_choice":"Success","damage_taken":18,"relics_obtained":["Old Coin"],"max_hp_gain":0,"max_hp_loss":0,"event_name":"Scrap Ooze","floor":3,"gold_loss":0},{"damage_healed":0,"gold_gain":0,"player_choice":"Fought Mushrooms","damage_taken":0,"max_hp_gain":0,"max_hp_loss":0,"event_name":"Mushrooms","floor":8,"gold_loss":0},{"damage_healed":22,"gold_gain":0,"player_choice":"Banana","damage_taken":0,"max_hp_gain":0,"max_hp_loss":0,"event_name":"Big Fish","floor":12,"gold_loss":0},{"cards_removed":["WindmillStrike"],"damage_healed":0,"gold_gain":0,"player_choice":"Elegance","damage_taken":0,"max_hp_gain":0,"max_hp_loss":0,"event_name":"Back to Basics","floor":19,"gold_loss":0},{"damage_healed":0,"gold_gain":0,"player_choice":"Paid Gold","damage_taken":0,"relics_obtained":["Toy Ornithopter"],"max_hp_gain":0,"max_hp_loss":0,"event_name":"WeMeetAgain","floor":28,"gold_loss":75}],"is_beta":false,"boss_relics":[{"not_picked":["Snecko Eye","Velvet Choker"],"picked":"Pandora\u0027s Box"}],"items_purged_floors":[11,21],"is_endless":false,"potions_floor_spawned":[2,5,8,16,18,20,24],"killed_by":"Snake Plant","ascension_level":20,"potion_discard_per_floor":[[],[],[],[],[],[],[],[],[],[],[],[],[],[],[],[],[],[],[],["Explosive Potion"],[],[],[],[],[],[],[],[],[],[],[]]}