{"gold_per_floor":[365,49,67,80,99,99,124,124,124,153,153,187,204,223,223,299,299,314,314,328,328,345,345,380,396,422,447,199,218,218,239,239,323,323,349,369,156,211,259,294,309,309,389,428,428,440,203,183,183,183,183,183,183,80,112,112],"floor_reached":56,"playtime":2899,"items_purged":["Defend_P","Defend_P","Conclude+1","Blasphemy"],"score":2559,"play_id":"08ba936f-4edd-4189-9369-37a143f65029","local_time":"20230307181812","is_ascension_mode":true,"campfire_choices":[{"data":"Wallop","floor":6,"key":"SMITH"},{"data":"Conclude","floor":8,"key":"SMITH"},{"data":"Adaptation","floor":11,"key":"SMITH"},{"data":"Meditate","floor":15,"key":"SMITH"},{"data":"Eruption","floor":23,"key":"SMITH"},{"floor":32,"key":"REST"},{"floor":42,"key":"REST"},{"floor":49,"key":"RECALL"},{"floor":53,"key":"REST"}],"neow_cost":"TEN_PERCENT_HP_LOSS","seed_source_timestamp":1782898220095500,"circlet_count":0,"master_deck":["AscendersBane","Strike_P","Strike_P","Strike_P","Eruption+1","Vigilance","Meditate+1","Adaptation+1","Wallop+1","Tantrum","FearNoEvil","MentalFortress","FlyingSleeves","Adaptation","Vault","MentalFortress","Scrawl","Establishment"],"relics":["HolyWater","TheAbacus","Unceasing Top","FossilizedHelix","StrikeDummy","Bag of Marbles","Darkstone Periapt","CeramicFish","Anchor","ClockworkSouvenir","Fusion Hammer","Membership Card","Du-Vu Doll","Pen Nib","WingedGreaves","Mango","Sundial","Bag of Preparation"],"potions_floor_usage":[7,16,24,33,36,40,55,56],"damage_taken":[{"damage":4,"enemies":"Cultist","floor":1,"turns":5},{"damage":4,"enemies":"Small Slimes","floor":3,"turns":3},{"damage":11,"enemies":"2 Louse","floor":4,"turns":2},{"damage":0,"enemies":"Looter","floor":5,"turns":2},{"damage":0,"enemies":"Lagavulin","floor":7,"turns":3},{"damage":0,"enemies":"3 Sentries","floor":10,"turns":3},{"damage":0,"enemies":"Lagavulin","floor":12,"turns":4},{"damage":0,"enemies":"Exordium Wildlife","floor":13,"turns":3},{"damage":0,"enemies":"Large Slime","floor":14,"turns":1},{"damage":16,"enemies":"Hexaghost","floor":16,"turns":8},{"damage":5,"enemies":"Shell Parasite","floor":18,"turns":4},{"damage":0,"enemies":"Chosen","floor":20,"turns":3},{"damage":0,"enemies":"Centurion and Healer","floor":22,"turns":5},{"damage":9,"enemies":"Gremlin Leader","floor":24,"turns":3},{"damage":32,"enemies":"Snake Plant","floor":25,"turns":3},{"damage":0,"enemies":"Book of Stabbing","floor":27,"turns":2},{"damage":0,"enemies":"Shelled Parasite and Fungi","floor":29,"turns":2},{"damage":0,"enemies":"Centurion and Healer","floor":31,"turns":4},{"damage":0,"enemies":"Champ","floor":33,"turns":7},{"damage":0,"enemies":"Orb Walker","floor":35,"turns":2},{"damage":9,"enemies":"3 Darklings","floor":36,"turns":2},{"damage":0,"enemies":"2 Orb Walkers","floor":38,"turns":4},{"damage":19,"enemies":"Nemesis","floor":40,"turns":6},{"damage":0,"enemies":"Spire Growth","floor":41,"turns":2},{"damage":0,"enemies":"Giant Head","floor":44,"turns":5},{"damage":0,"enemies":"Maw","floor":46,"turns":5},{"damage":0,"enemies":"Donu and Deca","floor":50,"turns":4},{"damage":0,"enemies":"Time Eater","floor":51,"turns":7},{"damage":18,"enemies":"Shield and Spear","floor":55,"turns":5},{"damage":62,"enemies":"The Heart","floor":56,"turns":4}],"seed_played":"-2685481488588120185","potions_obtained":[{"floor":3,"key":"LiquidMemories"},{"floor":5,"key":"FearPotion"},{"floor":7,"key":"LiquidBronze"},{"floor":16,"key":"Weak Potion"},{"floor":20,"key":"FearPotion"},{"floor":25,"key":"StancePotion"},{"floor":33,"key":"SpeedPotion"},{"floor":38,"key":"Weak Potion"},{"floor":41,"key":"Strength Potion"}],"is_trial":false,"path_per_floor":["M","$","M","M","M","R","E","R","T","E","R","E","M","M","R","B",null,"M","?","M","?","M","R","E","M","T","E","$","M","?","M","R","B",null,"M","M","$","?","T","E","M","R","T","E","?","M","$","?","R","B","B",null,"R","$","E","B"],"character_chosen":"WATCHER","basemod:card_modifiers":[null,null,null,null,null,null,null,null,null,null,null,null,null,null,null,null,null,null],"items_purchased":["Adaptation","Conclude","TheAbacus","ClockworkSouvenir","Membership Card","Establishment","Sundial","Block Potion"],"campfire_rested":3,"item_purchase_floors":[2,2,2,28,37,47,47,54],"current_hp_per_floor":[57,57,53,42,42,42,42,42,42,42,42,42,42,42,42,26,53,48,48,48,48,48,48,39,7,7,7,7,7,7,7,25,25,53,53,44,44,44,44,25,25,43,43,57,57,57,57,57,57,57,57,71,76,76,58,0],"gold":112,"neow_bonus":"TWO_FIFTY_GOLD","is_prod":false,"is_daily":false,"chose_seed":false,"campfire_upgraded":5,"win_rate":0,"timestamp":1678231092,"path_taken":["M","$","M","M","M","R","E","R","T","E","R","E","?","M","R","BOSS","M","?","?","?","M","R","E","M","T","E","$","M","?","M","R","BOSS","M","M","$","?","?","E","M","R","T","E","?","?","$","?","R","BOSS","BOSS","R","$","E","BOSS"],"build_version":"2022-12-18","purchased_purges":4,"victory":false,"max_hp_per_floor":[62,62,62,62,62,62,62,62,62,62,62,62,62,62,62,62,62,62,62,62,62,62,62,62,62,62,62,62,62,62,62,62,62,62,62,62,62,62,62,62,62,62,62,76,76,76,76,76,76,76,76,76,76,76,76,76],"relic_stats":{"Darkstone Periapt":0,"counters":[30,113],"CeramicFish":45,"Pen Nib":[14],"Bag of Preparation":[2],"TheAbacus":[246],"Sundial":[10],"HolyWater":[41],"WingedGreaves":0,"Membership Card":397,"obtain_stats":[{"Darkstone Periapt":24,"CeramicFish":26,"Mango":44,"Pen Nib":39,"Bag of Preparation":55,"ClockworkSouvenir":28,"Du-Vu Doll":38,"Anchor":27,"TheAbacus":2,"Sundial":47,"HolyWater":17,"Fusion Hammer":34,"WingedGreaves":40,"Bag of Marbles":12,"Membership Card":37,"PureWater":0,"StrikeDummy":10,"Unceasing Top":7,"FossilizedHelix":9},{"Darkstone Periapt":14,"CeramicFish":15,"Mango":25,"Pen Nib":22,"Bag of Preparation":29,"ClockworkSouvenir":16,"Du-Vu Doll":22,"Anchor":16,"TheAbacus":1,"Sundial":26,"HolyWater":10,"Fusion Hammer":19,"WingedGreaves":23,"Bag of Marbles":7,"Membership Card":21,"PureWater":0,"StrikeDummy":6,"Unceasing Top":5,"FossilizedHelix":5},{"Darkstone Periapt":49,"CeramicFish":52,"Mango":88,"Pen Nib":75,"Bag of Preparation":109,"ClockworkSouvenir":54,"Du-Vu Doll":75,"Anchor":54,"TheAbacus":5,"Sundial":93,"HolyWater":34,"Fusion Hammer":67,"WingedGreaves":81,"Bag of Marbles":22,"Membership Card":71,"PureWater":0,"StrikeDummy":18,"Unceasing Top":15,"FossilizedHelix":15}],"Unceasing Top":[1],"FossilizedHelix":[242]},"card_choices":[{"not_picked":["Crescendo","Fasting2"],"picked":"Meditate","floor":1},{"not_picked":["EmptyBody","Fasting2"],"picked":"Wallop","floor":3},{"not_picked":["Adaptation","Vengeance"],"picked":"Tantrum","floor":4},{"not_picked":["PathToVictory","Wireheading","ClearTheMind"],"picked":"SKIP","floor":5},{"not_picked":["CrushJoints","Consecrate","SignatureMove"],"picked":"SKIP","floor":7},{"not_picked":["Consecrate","Protect","WaveOfTheHand"],"picked":"SKIP","floor":10},{"not_picked":["Protect","EmptyFist","ForeignInfluence"],"picked":"SKIP","floor":12},{"not_picked":["Evaluate","BowlingBash","Halt"],"picked":"SKIP","floor":13},{"not_picked":["Protect","Judgement","Consecrate"],"picked":"SKIP","floor":14},{"not_picked":["Adaptation","Protect"],"picked":"FearNoEvil","floor":18},{"not_picked":["EmptyFist","Consecrate"],"picked":"MentalFortress","floor":20},{"not_picked":["PathToVictory","SandsOfTime+1","ClearTheMind"],"picked":"SKIP","floor":22},{"not_picked":["PathToVictory","SandsOfTime+1","ClearTheMind"],"picked":"SKIP","floor":22},{"not_picked":["ThirdEye","CutThroughFate","Indignation+1"],"picked":"SKIP","floor":24},{"not_picked":["Consecrate+1","WindmillStrike","TalkToTheHand"],"picked":"SKIP","floor":25},{"not_picked":["FlurryOfBlows","Worship","Tantrum"],"picked":"SKIP","floor":27},{"not_picked":["EmptyFist","Consecrate","Halt"],"picked":"SKIP","floor":29},{"not_picked":["EmptyFist","Consecrate","Halt"],"picked":"SKIP","floor":29},{"not_picked":["SandsOfTime","FlyingSleeves"],"picked":"Adaptation","floor":31},{"not_picked":["Brilliance","Alpha"],"picked":"Vault","floor":33},{"not_picked":["Weave","EmptyFist"],"picked":"MentalFortress","floor":35},{"not_picked":["BowlingBash+1","Crescendo","Nirvana+1"],"picked":"SKIP","floor":36},{"not_picked":["Study+1","CutThroughFate","ReachHeaven"],"picked":"SKIP","floor":40},{"not_picked":["Perseverance+1","CutThroughFate","Wireheading"],"picked":"SKIP","floor":41},{"not_picked":["FollowUp","JustLucky"],"picked":"Scrawl","floor":44},{"not_picked":["Evaluate","EmptyBody+1","Consecrate"],"picked":"SKIP","floor":46},{"not_picked":["Evaluate","Brilliance","Wallop"],"picked":"SKIP","floor":55}],"player_experience":1502465,"relics_obtained":[{"floor":7,"key":"Unceasing Top"},{"floor":9,"key":"FossilizedHelix"},{"floor":10,"key":"StrikeDummy"},{"floor":12,"key":"Bag of Marbles"},{"floor":24,"key":"Darkstone Periapt"},{"floor":26,"key":"CeramicFish"},{"floor":27,"key":"Anchor"},{"floor":38,"key":"Du-Vu Doll"},{"floor":39,"key":"Pen Nib"},{"floor":40,"key":"WingedGreaves"},{"floor":44,"key":"Mango"},{"floor":55,"key":"Bag of Preparation"}],"event_choices":[{"cards_removed":["Defend_P"],"damage_healed":0,"gold_gain":0,"player_choice":"Offered Basic","damage_taken":0,"max_hp_gain":0,"max_hp_loss":0,"event_name":"Bonfire Elementals","floor":19,"gold_loss":0},{"damage_healed":0,"gold_gain":0,"cards_transformed":["Defend_P","Strike_P"],"player_choice":"Became Test Subject","damage_taken":0,"max_hp_gain":0,"max_hp_loss":0,"event_name":"Drug Dealer","floor":21,"gold_loss":0,"cards_obtained":["FlyingSleeves","Blasphemy"]},{"damage_healed":0,"gold_gain":0,"player_choice":"Ignored","damage_taken":0,"max_hp_gain":0,"max_hp_loss":0,"event_name":"Cursed Tome","floor":30,"gold_loss":0},{"damage_healed":0,"gold_gain":0,"player_choice":"Fight","damage_taken":0,"max_hp_gain":0,"max_hp_loss":0,"event_name":"Mysterious Sphere","floor":38,"gold_loss":0},{"damage_healed":0,"gold_gain":0,"player_choice":"0 cards matched","damage_taken":0,"max_hp_gain":0,"max_hp_loss":0,"event_name":"Match and Keep!","floor":45,"gold_loss":0,"cards_obtained":[]},{"damage_healed":0,"gold_gain":0,"player_choice":"Bought 1 Potion","damage_taken":0,"max_hp_gain":0,"max_hp_loss":0,"event_name":"The Woman in Blue","floor":48,"gold_loss":0}],"is_beta":false,"boss_relics":[{"not_picked":["Runic Dome","Busted Crown"],"picked":"HolyWater"},{"not_picked":["Black Star","Velvet Choker"],"picked":"Fusion Hammer"}],"items_purged_floors":[28,37,47,54],"is_endless":false,"potions_floor_spawned":[3,5,7,10,14,16,20,25,31,33,35,38,41],"killed_by":"The Heart","ascension_level":20}