{"neow_bonuses_skipped_log":["RANDOM_COLORLESS","TWENTY_PERCENT_HP_BONUS","BOSS_RELIC"],"potions_obtained_entropic_brew":[[],[],[],[],[],[],[],[],[],[],[],[],[],[],[],[]],"neow_costs_skipped_log":["NONE","NO_GOLD","NONE"],"gold_per_floor":[210,45,56,106,123,123,148,168,192,226,243,254,269,286,286,286],"floor_reached":16,"playtime":887,"items_purged":[],"score":232,"play_id":"66850f0b-4ce0-409b-9573-0f2d47d985bb","local_time":"20230316024020","score_breakdown":["Floors Climbed (16): 80","Enemies Slain (8): 16","Exordium Elites Killed (2): 20","Bosses Slain (0): 0","Ascension (20): 116"],"is_ascension_mode":true,"potions_obtained_alchemize":[[],[],[],[],[],[],[],[],[],[],[],[],[],[],[],[]],"campfire_choices":[{"data":"SandsOfTime","floor":6,"key":"SMITH"},{"floor":15,"key":"REST"}],"lesson_learned_per_floor":[[],[],[],[],[],[],[],[],[],[],[],["Strike_P"],["Defend_P"],["FollowUp"],[],[]],"neow_cost":"NONE","improvable_cards":{},"seed_source_timestamp":2502638988024400,"shop_contents":[{"floor":2,"relics":["Whetstone","Tiny Chest"],"cards":["EmptyFist","FlyingSleeves","Prostrate","Vengeance","BattleHymn","Trip","HandOfGreed"],"potions":["Ancient Potion","SteroidPotion","BlessingOfTheForge"]}],"circlet_count":0,"master_deck":["AscendersBane","Strike_P","Strike_P+1","Strike_P","Strike_P","Defend_P","Defend_P+1","Defend_P","Defend_P","Eruption","Vigilance","FollowUp+1","Wallop","Meditate","SandsOfTime+1","Pray","LessonLearned","Prostrate","FlurryOfBlows","CutThroughFate"],"potion_use_per_floor":[[],[],[],[],[],[],[],[],[],["SkillPotion"],[],[],["PowerPotion"],["DistilledChaos"],[],["StancePotion"]],"relics":["PureWater","Orrery","Nunchaku","Potion Belt","Smiling Mask"],"potions_floor_usage":[10,13,14,16],"damage_taken":[{"damage":0,"enemies":"Small Slimes","floor":1,"turns":2},{"damage":0,"enemies":"Cultist","floor":3,"turns":2},{"damage":4,"enemies":"2 Louse","floor":5,"turns":4},{"damage":5,"enemies":"Lagavulin","floor":7,"turns":7},{"damage":15,"enemies":"Exordium Thugs","floor":8,"turns":4},{"damage":11,"enemies":"Gremlin Nob","floor":10,"turns":3},{"damage":3,"enemies":"2 Fungi Beasts","floor":11,"turns":4},{"damage":8,"enemies":"Exordium Wildlife","floor":12,"turns":4},{"damage":13,"enemies":"Exordium Thugs","floor":13,"turns":6},{"damage":0,"enemies":"Blue Slaver","floor":14,"turns":2},{"damage":29,"enemies":"Hexaghost","floor":16,"turns":9}],"seed_played":"-8630262505782131129","neow_bonus_log":{"cardsObtained":[],"cardsUpgraded":[],"cardsRemoved":[],"cardsTransformed":[],"relicsObtained":[],"maxHpGained":0,"goldGained":100,"damageTaken":0,"goldLost":0,"maxHpLost":0},"potions_obtained":[{"floor":3,"key":"Ancient Potion"},{"floor":8,"key":"SkillPotion"},{"floor":11,"key":"PowerPotion"},{"floor":13,"key":"DistilledChaos"},{"floor":14,"key":"StancePotion"}],"is_trial":false,"path_per_floor":["M","$","M","?","M","R","E","M","T","E","M","M","M","M","R","B"],"character_chosen":"WATCHER","basemod:card_modifiers":[null,null,null,null,null,null,null,null,null,null,null,null,null,null,null,null,null,null,null,null],"items_purchased":["Orrery"],"campfire_rested":1,"item_purchase_floors":[2],"current_hp_per_floor":[61,61,61,61,57,57,52,37,37,26,23,15,2,2,22,0],"gold":286,"neow_bonus":"HUNDRED_GOLD","is_prod":false,"is_daily":false,"rewards_skipped":[],"chose_seed":false,"campfire_upgraded":1,"win_rate":0,"floor_exit_playtime":[38,94,111,114,151,159,228,281,284,335,414,497,706,748,751],"timestamp":1678948820,"path_taken":["M","$","M","?","M","R","E","M","T","E","?","M","M","M","R","BOSS"],"build_version":"2022-12-18","purchased_purges":0,"victory":false,"max_hp_per_floor":[68,68,68,68,68,68,68,68,68,68,68,68,68,68,68,68],"relic_stats":{"Nunchaku":[5],"counters":[11,47],"PureWater":[10],"Smiling Mask":0,"obtain_stats":[{"Potion Belt":9,"Nunchaku":7,"Orrery":2,"PureWater":0,"Smiling Mask":10},{"Potion Belt":5,"Nunchaku":4,"Orrery":1,"PureWater":0,"Smiling Mask":6},{"Potion Belt":19,"Nunchaku":15,"Orrery":2,"PureWater":0,"Smiling Mask":22}]},"card_choices":[{"not_picked":["CrushJoints","Vengeance"],"picked":"FollowUp","floor":1},{"not_picked":["TalkToTheHand","BowlingBash"],"picked":"Wallop","floor":2},{"not_picked":["SpiritShield","EmptyBody"],"picked":"Meditate","floor":2},{"not_picked":["WreathOfFlame","BowlingBash","EmptyBody"],"picked":"SKIP","floor":2},{"not_picked":["FlyingSleeves","Prostrate","Evaluate"],"picked":"SKIP","floor":2},{"not_picked":["EmptyBody","MentalFortress","FollowUp"],"picked":"SKIP","floor":2},{"not_picked":["WindmillStrike","Meditate"],"picked":"SandsOfTime","floor":3},{"not_picked":["EmptyBody","SashWhip","CarveReality"],"picked":"SKIP","floor":5},{"not_picked":["Worship","EmptyBody"],"picked":"Pray","floor":7},{"not_picked":["EmptyBody","Consecrate","BowlingBash"],"picked":"SKIP","floor":8},{"not_picked":["TalkToTheHand","Wireheading"],"picked":"LessonLearned","floor":10},{"not_picked":["SignatureMove","PathToVictory","BowlingBash"],"picked":"SKIP","floor":11},{"not_picked":["SignatureMove","Pray"],"picked":"Prostrate","floor":12},{"not_picked":["FlyingSleeves","SashWhip"],"picked":"FlurryOfBlows","floor":13},{"not_picked":["SashWhip","Meditate"],"picked":"CutThroughFate","floor":14}],"player_experience":1587143,"relics_obtained":[{"floor":7,"key":"Nunchaku"},{"floor":9,"key":"Potion Belt"},{"floor":10,"key":"Smiling Mask"}],"event_choices":[{"damage_healed":0,"gold_gain":50,"player_choice":"Pray","damage_taken":0,"max_hp_gain":0,"max_hp_loss":0,"event_name":"Golden Shrine","floor":4,"gold_loss":0}],"is_beta":false,"boss_relics":[],"items_purged_floors":[],"is_endless":false,"potions_floor_spawned":[3,8,11,13,14],"killed_by":"Hexaghost","ascension_level":20,"potion_discard_per_floor":[[],[],[],[],[],[],[],[],[],[],[],[],[],[],[],[]]}