{"neow_bonuses_skipped_log":["TEN_PERCENT_HP_BONUS","TWO_FIFTY_GOLD","BOSS_RELIC"],"neow_costs_skipped_log":["NONE","CURSE","NONE"],"potions_obtained_entropic_brew":[[],[],[],[],[],[],[],[],[],[],[],[],[],[],[],[],[],[],[],[],[],[],[],[],[],[],[],[],[],[],[],[],[],[],[],[],[],[],[],[],[],[],[],[],[],[],[],[],[],["SpeedPotion","Block Potion"],[],[],[],[],[],[]],"gold_per_floor":[113,113,133,148,167,167,184,218,218,218,231,231,102,118,118,197,197,208,108,121,121,133,133,133,133,133,146,21,47,47,57,57,133,183,193,193,210,210,228,254,281,119,143,154,77,93,93,110,110,110,110,110,110,29,61,61],"floor_reached":56,"playtime":2545,"items_purged":["Strike_P","Strike_P","Defend_P"],"score":1877,"play_id":"75c8cbdf-424c-4f0e-841e-9cce93451dd9","local_time":"20230321172557","score_breakdown":["Floors Climbed (56): 280","Enemies Slain (18): 36","Exordium Elites Killed (1): 10","City Elites Killed (1): 20","Beyond Elites Killed (1): 30","Bosses Slain (4): 500","Well Fed: 25","Champion (1): 25","C-c-c-combo: 25","Ascension (20): 926"],"is_ascension_mode":true,"potions_obtained_alchemize":[[],[],[],[],[],[],[],[],[],[],[],[],[],[],[],[],[],[],[],[],[],[],[],[],[],[],[],[],[],[],[],[],[],[],[],[],[],[],[],[],[],[],[],[],[],[],[],[],[],[],[],[],[],[],[],[]],"campfire_choices":[{"data":"FearNoEvil","floor":6.0,"key":"SMITH"},{"data":"Consecrate","floor":12.0,"key":"SMITH"},{"data":"Adaptation","floor":15.0,"key":"SMITH"},{"floor":23.0,"key":"REST"},{"data":"Vigilance","floor":25.0,"key":"SMITH"},{"data":"Adaptation","floor":32.0,"key":"SMITH"},{"floor":49.0,"key":"RECALL"},{"floor":53.0,"key":"REST"}],"lesson_learned_per_floor":[[],[],[],[],[],[],[],[],[],[],[],[],[],[],[],[],[],[],[],[],[],[],[],[],[],[],[],[],[],[],[],[],[],[],[],[],[],[],[],[],[],[],[],[],[],[],[],[],[],[],[],[],[],[],[],[]],"neow_cost":"NONE","improvable_cards":{},"seed_source_timestamp":2986072552232300,"shop_contents":[{"floor":13,"relics":["Singing Bowl","Letter Opener","Sling"],"cards":["FollowUp","FlurryOfBlows","EmptyBody","PathToVictory","Devotion","PanicButton","Master of Strategy"],"potions":["FearPotion","AttackPotion"]},{"floor":19,"relics":["TungstenRod","Lantern","PrismaticShard"],"cards":["FearNoEvil","WindmillStrike","Indignation","Perseverance","BattleHymn","Mind Blast","Transmutation"],"potions":["FearPotion","StancePotion","FearPotion"]},{"floor":28,"relics":["Potion Belt","CaptainsWheel","Frozen Eye"],"cards":["BowlingBash","FollowUp","Swivel","ClearTheMind","Wireheading","Mind Blast","Violence"],"potions":["BottledMiracle","Swift Potion","AttackPotion"]},{"floor":42,"relics":["StrikeDummy","Lizard Tail"],"cards":["EmptyFist","Brilliance","Judgement","Vengeance","Study","Flash of Steel","Thinking Ahead"],"potions":["Fire Potion","Weak Potion","GamblersBrew"]},{"floor":45,"relics":["HornCleat","Oddly Smooth Stone","Orrery"],"cards":["LessonLearned","CarveReality","Omniscience","ClearTheMind","Trip","Violence"],"potions":["PowerPotion","Swift Potion","Dexterity Potion"]},{"floor":47,"relics":["Calipers","Kunai","OrangePellets"],"cards":["EmptyFist","FlyingSleeves","Indignation","ForeignInfluence","MentalFortress","Bandage Up","Secret Weapon"],"potions":["SpeedPotion","LiquidBronze","StancePotion"]},{"floor":54,"relics":["White Beast Statue","Akabeko","Strange Spoon"],"cards":["CarveReality","BowlingBash","Collect","Indignation","Study","Flash of Steel","Magnetism"],"potions":["Dexterity Potion","Strength Potion"]}],"circlet_count":0,"master_deck":["AscendersBane","Strike_P","Eruption+1","Vigilance+1","Trip+1","FearNoEvil+1","Consecrate+1","Adaptation+1","Adaptation+1","Sanctity+1","MentalFortress"],"special_seed":0,"potion_use_per_floor":[[],[],[],[],[],[],[],["PowerPotion","Weak Potion"],[],[],[],[],[],["Fire Potion"],[],[],[],["Block Potion"],[],[],[],["AttackPotion"],[],[],[],[],[],[],[],[],[],[],[],["Fruit Juice"],["Ambrosia"],[],[],[],[],[],[],[],[],[],[],[],[],["Ambrosia"],[],["EntropicBrew","Block Potion"],[],[],[],[],[],["DuplicationPotion"]],"relics":["PureWater","Ginger","Dream Catcher","Empty Cage","Toy Ornithopter","Blood Vial","MutagenicStrength","Tiny House","Pear","TheAbacus","MealTicket"],"potions_floor_usage":[56],"damage_taken":[{"damage":5.0,"enemies":"2 Louse","floor":1.0,"turns":3.0},{"damage":2.0,"enemies":"Jaw Worm","floor":3.0,"turns":2.0},{"damage":0.0,"enemies":"Cultist","floor":4.0,"turns":1.0},{"damage":0.0,"enemies":"3 Louse","floor":5.0,"turns":3.0},{"damage":8.0,"enemies":"Blue Slaver","floor":7.0,"turns":3.0},{"damage":16.0,"enemies":"3 Sentries","floor":8.0,"turns":6.0},{"damage":0.0,"enemies":"2 Fungi Beasts","floor":11.0,"turns":1.0},{"damage":8.0,"enemies":"Exordium Thugs","floor":14.0,"turns":4.0},{"damage":4.0,"enemies":"Hexaghost","floor":16.0,"turns":5.0},{"damage":2.0,"enemies":"2 Thieves","floor":18.0,"turns":2.0},{"damage":10.0,"enemies":"Shell Parasite","floor":20.0,"turns":3.0},{"damage":9.0,"enemies":"Shelled Parasite and Fungi","floor":22.0,"turns":2.0},{"damage":0.0,"enemies":"Chosen and Byrds","floor":27.0,"turns":2.0},{"damage":11.0,"enemies":"Book of Stabbing","floor":29.0,"turns":3.0},{"damage":0.0,"enemies":"3 Cultists","floor":31.0,"turns":2.0},{"damage":2.0,"enemies":"Collector","floor":33.0,"turns":3.0},{"damage":3.0,"enemies":"3 Darklings","floor":35.0,"turns":3.0},{"damage":2.0,"enemies":"3 Shapes","floor":37.0,"turns":2.0},{"damage":0.0,"enemies":"Jaw Worm Horde","floor":39.0,"turns":2.0},{"damage":0.0,"enemies":"Giant Head","floor":40.0,"turns":4.0},{"damage":16.0,"enemies":"Writhing Mass","floor":44.0,"turns":2.0},{"damage":0.0,"enemies":"Spire Growth","floor":46.0,"turns":2.0},{"damage":23.0,"enemies":"4 Shapes","floor":48.0,"turns":4.0},{"damage":10.0,"enemies":"Donu and Deca","floor":50.0,"turns":4.0},{"damage":16.0,"enemies":"Awakened One","floor":51.0,"turns":3.0},{"damage":29.0,"enemies":"Shield and Spear","floor":55.0,"turns":5.0},{"damage":66,"enemies":"The Heart","floor":56,"turns":2}],"green_key_taken_log":8,"seed_played":"2906493356957930580","neow_bonus_log":{"cardsObtained":[],"cardsUpgraded":[],"cardsRemoved":[],"cardsTransformed":[],"relicsObtained":[],"maxHpGained":0,"goldGained":0,"damageTaken":0,"goldLost":0,"maxHpLost":0},"potions_obtained":[{"floor":4.0,"key":"Weak Potion"},{"floor":7.0,"key":"PowerPotion"},{"floor":11.0,"key":"Block Potion"},{"floor":14.0,"key":"AttackPotion"},{"floor":22.0,"key":"Fruit Juice"},{"floor":33.0,"key":"Ambrosia"},{"floor":34.0,"key":"Ambrosia"},{"floor":39.0,"key":"SkillPotion"},{"floor":44.0,"key":"EntropicBrew"}],"is_trial":false,"path_per_floor":["M","?","M","M","M","R","M","E","T","?","M","R","$","M","R","B",null,"M","$","M","?","M","R","?","R","T","M","$","E","?","M","R","B",null,"M","?","M","?","M","E","T","$","T","M","$","M","$","M","R","B","B",null,"R","$","E","B"],"character_chosen":"WATCHER","basemod:card_modifiers":[null,null,null,null,null,null,null,null,null,null,null],"items_purchased":["Fire Potion","TheAbacus","MentalFortress","DuplicationPotion"],"campfire_rested":2,"item_purchase_floors":[13,42,45,54],"current_hp_per_floor":[56,56,54,54,54,54,46,30,30,30,30,30,30,22,22,18,56,54,54,44,44,35,55,55,55,55,55,55,44,44,46,46,46,74,75,75,75,75,77,88,88,88,88,72,87,88,88,70,70,72,58,81,88,88,59,0],"gold":61,"neow_bonus":"RANDOM_COLORLESS","is_prod":false,"is_daily":false,"rewards_skipped":[{"floor":16,"relics":[],"potions":["BlessingOfTheForge"]},{"floor":46,"relics":[],"potions":["SkillPotion"]},{"floor":55,"relics":["Bottled Flame"],"potions":[]}],"chose_seed":false,"campfire_upgraded":5,"win_rate":0,"floor_exit_playtime":[114,133,178,197,242,267,291,424,431,436,500,518,532,595,606,677,702,746,769,807,814,862,881,891,898,902,950,962,1009,1016,1309,1314,1403,1449,1509,1514,1552,1574,1618,1713,1717,1733,1738,1791,1800,1841,1917,1988,1992,2130,2257,2285,2304,2354,2507],"timestamp":1679433957,"blue_key_relic_skipped_log":{"floor":41,"relicID":"Orichalcum"},"path_taken":["M","?","M","M","M","R","M","E","T","?","?","R","$","M","R","BOSS","M","$","M","?","M","R","?","R","T","M","$","E","?","M","R","BOSS","M","?","M","?","M","E","?","$","T","?","?","M","$","M","R","BOSS","BOSS","R","$","E","BOSS"],"build_version":"2022-12-18","purchased_purges":3,"victory":false,"max_hp_per_floor":[68,68,68,68,68,68,68,68,68,68,68,68,68,68,68,68,68,68,68,68,68,68,68,68,68,68,68,68,68,68,68,68,68,78,78,78,78,78,78,88,88,88,88,88,88,88,88,88,88,88,88,88,88,88,88,88],"relic_stats":{"Blood Vial":18,"Dream Catcher":2,"TheAbacus":[456],"counters":[27,78],"MealTicket":15,"Ginger":[4],"PureWater":[19],"obtain_stats":[{"Blood Vial":29,"Dream Catcher":9,"Tiny House":34,"Pear":40,"TheAbacus":42,"MutagenicStrength":30,"MealTicket":43,"Ginger":8,"PureWater":0,"Empty Cage":17,"Toy Ornithopter":26},{"Blood Vial":14,"Dream Catcher":6,"Tiny House":16,"Pear":20,"TheAbacus":20,"MutagenicStrength":14,"MealTicket":20,"Ginger":6,"PureWater":0,"Empty Cage":9,"Toy Ornithopter":12},{"Blood Vial":40,"Dream Catcher":18,"Tiny House":45,"Pear":56,"TheAbacus":56,"MutagenicStrength":40,"MealTicket":56,"Ginger":18,"PureWater":0,"Empty Cage":28,"Toy Ornithopter":35}],"Toy Ornithopter":27},"card_choices":[{"not_picked":["Purity","Enlightenment"],"picked":"Trip","floor":0.0},{"not_picked":["PathToVictory","JustLucky","CrushJoints"],"picked":"SKIP","floor":1.0},{"not_picked":["PathToVictory","JustLucky","CrushJoints"],"picked":"SKIP","floor":1.0},{"not_picked":["PathToVictory","Prostrate","ReachHeaven"],"picked":"SKIP","floor":3.0},{"not_picked":["BattleHymn","MasterReality"],"picked":"FearNoEvil","floor":4.0},{"not_picked":["WindmillStrike","Study","FlyingSleeves"],"picked":"SKIP","floor":5.0},{"not_picked":["ClearTheMind","Halt"],"picked":"Consecrate","floor":7.0},{"not_picked":["EmptyBody","EmptyFist"],"picked":"Adaptation","floor":8.0},{"not_picked":["ThirdEye","JustLucky","EmptyMind"],"picked":"SKIP","floor":11.0},{"not_picked":["ForeignInfluence","FlyingSleeves","BattleHymn"],"picked":"SKIP","floor":14.0},{"not_picked":["Alpha","Brilliance","LessonLearned"],"picked":"SKIP","floor":16.0},{"not_picked":["Conclude","EmptyBody","PathToVictory"],"picked":"SKIP","floor":18.0},{"not_picked":["JustLucky+1","PathToVictory+1","Fasting2"],"picked":"SKIP","floor":20.0},{"not_picked":["EmptyBody","Indignation","Protect+1"],"picked":"SKIP","floor":22.0},{"not_picked":["BattleHymn","Prostrate","BowlingBash+1"],"picked":"SKIP","floor":27.0},{"not_picked":["Conclude+1","Tantrum","Blasphemy"],"picked":"SKIP","floor":29.0},{"not_picked":["Prostrate","Evaluate"],"picked":"Adaptation","floor":31.0},{"not_picked":["Establishment","MasterReality","Ragnarok"],"picked":"SKIP","floor":33.0},{"not_picked":["SignatureMove","JustLucky","ClearTheMind+1"],"picked":"SKIP","floor":35.0},{"not_picked":["FlurryOfBlows","Perseverance","Protect"],"picked":"SKIP","floor":37.0},{"not_picked":["Crescendo","Weave"],"picked":"Sanctity+1","floor":39.0},{"not_picked":["CutThroughFate+1","PathToVictory","DeceiveReality"],"picked":"SKIP","floor":40.0},{"not_picked":["Wireheading+1","Tantrum","Weave"],"picked":"SKIP","floor":44.0},{"not_picked":["Ragnarok","Fasting2+1","FlurryOfBlows+1"],"picked":"SKIP","floor":46.0},{"not_picked":["BattleHymn","TalkToTheHand","ClearTheMind"],"picked":"SKIP","floor":48.0},{"not_picked":["Wallop","Consecrate+1","Meditate+1"],"picked":"SKIP","floor":55.0}],"player_experience":1596307,"relics_obtained":[{"floor":8.0,"key":"Ginger"},{"floor":9.0,"key":"Dream Catcher"},{"floor":26.0,"key":"Toy Ornithopter"},{"floor":29.0,"key":"Blood Vial"},{"floor":40.0,"key":"Pear"},{"floor":43.0,"key":"MealTicket"}],"event_choices":[{"damage_healed":0.0,"max_hp_gain":0.0,"max_hp_loss":0.0,"gold_gain":0.0,"event_name":"Living Wall","player_choice":"Grow","floor":2.0,"gold_loss":0.0,"damage_taken":0.0,"cards_upgraded":["Eruption"]},{"cards_removed":["Defend_P"],"damage_healed":0.0,"max_hp_gain":0.0,"max_hp_loss":0.0,"gold_gain":0.0,"event_name":"Purifier","player_choice":"Purged","floor":10.0,"gold_loss":0.0,"damage_taken":0.0},{"damage_healed":0.0,"max_hp_gain":0.0,"max_hp_loss":0.0,"gold_gain":0.0,"event_name":"Vampires","player_choice":"Ignored","floor":21.0,"gold_loss":0.0,"damage_taken":0.0},{"cards_removed":["Defend_P"],"damage_healed":0.0,"max_hp_gain":0.0,"max_hp_loss":0.0,"gold_gain":0.0,"event_name":"Back to Basics","player_choice":"Elegance","floor":24.0,"gold_loss":0.0,"damage_taken":0.0},{"damage_healed":0.0,"max_hp_gain":0.0,"max_hp_loss":0.0,"gold_gain":0.0,"event_name":"Drug Dealer","player_choice":"Inject Mutagens","floor":30.0,"gold_loss":0.0,"damage_taken":0.0,"relics_obtained":["MutagenicStrength"]},{"damage_healed":0.0,"max_hp_gain":0.0,"max_hp_loss":0.0,"gold_gain":0.0,"event_name":"Tomb of Lord Red Mask","player_choice":"Ignored","floor":36.0,"gold_loss":0.0,"damage_taken":0.0},{"damage_healed":0.0,"max_hp_gain":0.0,"max_hp_loss":0.0,"gold_gain":0.0,"event_name":"Mysterious Sphere","player_choice":"Ignored","floor":38.0,"gold_loss":0.0,"damage_taken":0.0}],"is_beta":false,"boss_relics":[{"not_picked":["Philosopher\u0027s Stone","Busted Crown"],"picked":"Empty Cage"},{"not_picked":["Velvet Choker","SlaversCollar"],"picked":"Tiny House"}],"items_purged_floors":[13,19,28],"is_endless":false,"potions_floor_spawned":[4,7,11,14,16,22,33,39,44,46],"killed_by":"The Heart","ascension_level":20,"potion_discard_per_floor":[[],[],[],[],[],[],[],[],[],[],[],[],[],[],[],[],[],[],[],[],[],[],[],[],[],[],[],[],[],[],[],[],[],[],[],[],[],[],[],[],[],[],[],["SkillPotion"],[],[],[],[],[],[],[],[],[],[],[],[]]}