{"neow_bonuses_skipped_log":["ONE_RANDOM_RARE_CARD","HUNDRED_GOLD","BOSS_RELIC"],"potions_obtained_entropic_brew":[[],[],[],[],[],[],[],[],[],[],[],[],[],[],[],[],[],[],[],[],[],[],[],[]],"neow_costs_skipped_log":["NONE","NONE","NONE"],"gold_per_floor":[16,16,35,35,46,46,66,94,94,94,111,36,71,71,71,150,150,162,212,227,6,20,20,20],"floor_reached":24,"playtime":722,"items_purged":[],"score":462,"play_id":"e0571d1d-e98e-4b1f-8061-d46b5e926d7c","local_time":"20230408151337","score_breakdown":["Floors Climbed (24): 120","Enemies Slain (8): 16","Exordium Elites Killed (2): 20","City Elites Killed (0): 0","Bosses Slain (1): 50","Champion (1): 25","Ascension (20): 231"],"is_ascension_mode":true,"potions_obtained_alchemize":[[],[],[],[],[],[],[],[],[],[],[],[],[],[],[],[],[],[],[],[],[],[],[],[]],"campfire_choices":[{"data":"Conclude","floor":6,"key":"SMITH"},{"data":"Tantrum","floor":10,"key":"SMITH"},{"data":"Worship","floor":15,"key":"SMITH"},{"data":"Devotion","floor":23,"key":"SMITH"}],"lesson_learned_per_floor":[[],[],[],[],[],[],[],[],[],[],[],[],[],[],[],["Defend_P"],[],[],[],[],[],["Halt"],[],[]],"neow_cost":"NO_GOLD","improvable_cards":{},"seed_source_timestamp":649063447990600,"shop_contents":[{"floor":21,"relics":["Singing Bowl","Ornamental Fan"],"cards":["SignatureMove","BowlingBash","Worship","Devotion","Discovery","Secret Technique"],"potions":["ColorlessPotion","SmokeBomb","FearPotion"]}],"circlet_count":0,"master_deck":["AscendersBane","Strike_P","Defend_P","Defend_P+1","Eruption","Vigilance","Conclude+1","Worship+1","Tantrum+1","Halt+1","DeusExMachina","CutThroughFate","LessonLearned","Devotion+1","CutThroughFate","EmptyBody"],"potion_use_per_floor":[[],[],[],[],[],[],[],[],[],[],[],[],[],[],[],["GamblersBrew"],[],[],[],[],[],[],[],["PowerPotion"]],"relics":["PureWater","Thread and Needle","Eternal Feather","Matryoshka","Philosopher\u0027s Stone","TheAbacus"],"potions_floor_usage":[16,24],"damage_taken":[{"damage":1,"enemies":"Cultist","floor":1,"turns":3},{"damage":0,"enemies":"Jaw Worm","floor":3,"turns":1},{"damage":0,"enemies":"Small Slimes","floor":5,"turns":1},{"damage":0,"enemies":"3 Louse","floor":7,"turns":1},{"damage":16,"enemies":"Gremlin Nob","floor":8,"turns":3},{"damage":0,"enemies":"Red Slaver","floor":11,"turns":1},{"damage":0,"enemies":"3 Sentries","floor":13,"turns":2},{"damage":14,"enemies":"Slime Boss","floor":16,"turns":5},{"damage":8,"enemies":"3 Byrds","floor":18,"turns":3},{"damage":20,"enemies":"Spheric Guardian","floor":20,"turns":3},{"damage":8,"enemies":"Snecko","floor":22,"turns":5},{"damage":33,"enemies":"Shelled Parasite and Fungi","floor":24,"turns":3}],"seed_played":"8946024282669393775","neow_bonus_log":{"cardsObtained":["Conclude","Worship"],"cardsUpgraded":[],"cardsRemoved":[],"cardsTransformed":["Defend_P","Defend_P"],"relicsObtained":[],"maxHpGained":0,"goldGained":0,"damageTaken":0,"goldLost":99,"maxHpLost":0},"potions_obtained":[{"floor":1,"key":"FairyPotion"},{"floor":5,"key":"SpeedPotion"},{"floor":8,"key":"LiquidBronze"},{"floor":11,"key":"GamblersBrew"},{"floor":13,"key":"PowerPotion"},{"floor":22,"key":"Fire Potion"}],"is_trial":false,"path_per_floor":["M","?","M","?","M","R","M","E","T","R","M","?","E","?","R","B",null,"M","?","M","$","M","R","M"],"character_chosen":"WATCHER","basemod:card_modifiers":[null,null,null,null,null,null,null,null,null,null,null,null,null,null,null,null],"items_purchased":["EmptyBody","TheAbacus"],"campfire_rested":0,"item_purchase_floors":[21,21],"current_hp_per_floor":[60,60,60,65,65,65,65,49,49,55,55,55,55,48,54,40,65,57,50,30,30,22,31,0],"gold":20,"neow_bonus":"TRANSFORM_TWO_CARDS","is_prod":false,"is_daily":false,"rewards_skipped":[],"chose_seed":false,"campfire_upgraded":4,"win_rate":0,"floor_exit_playtime":[41,55,92,97,132,143,159,229,232,248,268,276,328,342,350,450,465,523,528,570,579,653,661],"timestamp":1680981217,"path_taken":["M","?","M","?","M","R","M","E","T","R","?","?","E","?","R","BOSS","M","?","M","$","M","R","M"],"build_version":"2022-12-18","purchased_purges":0,"victory":false,"max_hp_per_floor":[68,68,68,73,73,73,73,73,73,73,73,73,73,73,73,73,73,73,73,73,73,73,73,73],"relic_stats":{"Matryoshka":0,"TheAbacus":[6],"counters":[12,31],"Eternal Feather":21,"PureWater":[3],"obtain_stats":[{"Matryoshka":13,"TheAbacus":21,"Thread and Needle":8,"Eternal Feather":9,"Philosopher\u0027s Stone":17,"PureWater":0},{"Matryoshka":7,"TheAbacus":10,"Thread and Needle":5,"Eternal Feather":5,"Philosopher\u0027s Stone":8,"PureWater":0},{"Matryoshka":12,"TheAbacus":23,"Thread and Needle":9,"Eternal Feather":9,"Philosopher\u0027s Stone":17,"PureWater":0}]},"card_choices":[{"not_picked":["Evaluate","Study"],"picked":"Tantrum","floor":1},{"not_picked":["BowlingBash","EmptyMind"],"picked":"Halt","floor":3},{"not_picked":["Fasting2","Halt","SashWhip"],"picked":"SKIP","floor":5},{"not_picked":["Fasting2","Halt","SashWhip"],"picked":"SKIP","floor":5},{"not_picked":["ClearTheMind","Protect"],"picked":"DeusExMachina","floor":7},{"not_picked":["Tantrum","Protect"],"picked":"CutThroughFate","floor":8},{"not_picked":["PathToVictory","Crescendo","Nirvana"],"picked":"SKIP","floor":11},{"not_picked":["Brilliance","ClearTheMind"],"picked":"LessonLearned","floor":13},{"not_picked":["SpiritShield","Establishment"],"picked":"Devotion","floor":16},{"not_picked":["Halt","EmptyBody"],"picked":"CutThroughFate","floor":18},{"not_picked":["FlyingSleeves","WindmillStrike","CrushJoints"],"picked":"SKIP","floor":20},{"not_picked":["SashWhip","Consecrate","SpiritShield"],"picked":"SKIP","floor":22}],"player_experience":1651838,"relics_obtained":[{"floor":8,"key":"Thread and Needle"},{"floor":9,"key":"Eternal Feather"},{"floor":13,"key":"Matryoshka"}],"event_choices":[{"cards_removed":["Strike_P"],"damage_healed":0,"gold_gain":0,"player_choice":"Forget","damage_taken":0,"max_hp_gain":0,"max_hp_loss":0,"event_name":"Living Wall","floor":2,"gold_loss":0},{"damage_healed":0,"gold_gain":0,"player_choice":"Donut","damage_taken":0,"max_hp_gain":5,"max_hp_loss":0,"event_name":"Big Fish","floor":4,"gold_loss":0},{"cards_removed":["Strike_P"],"damage_healed":0,"gold_gain":0,"player_choice":"Card Removal","damage_taken":0,"max_hp_gain":0,"max_hp_loss":0,"event_name":"The Cleric","floor":12,"gold_loss":75},{"cards_removed":["Strike_P"],"damage_healed":0,"gold_gain":0,"player_choice":"Card Removal","damage_taken":7,"max_hp_gain":0,"max_hp_loss":0,"event_name":"Golden Wing","floor":14,"gold_loss":0},{"damage_healed":0,"gold_gain":50,"player_choice":"Touch","damage_taken":7,"max_hp_gain":0,"max_hp_loss":0,"event_name":"FaceTrader","floor":19,"gold_loss":0}],"is_beta":false,"boss_relics":[{"not_picked":["Tiny House","Busted Crown"],"picked":"Philosopher\u0027s Stone"}],"items_purged_floors":[],"is_endless":false,"potions_floor_spawned":[1,5,8,11,13,22],"killed_by":"Shelled Parasite and Fungi","ascension_level":20,"potion_discard_per_floor":[[],[],[],[],[],[],[],["SpeedPotion"],[],[],["FairyPotion"],[],["LiquidBronze"],[],[],[],[],[],[],[],[],[],[],[]]}