{"neow_bonuses_skipped_log":["ONE_RANDOM_RARE_CARD","HUNDRED_GOLD","BOSS_RELIC"],"potions_obtained_entropic_brew":[[],[],[],[],[],[],[],[],[],[],[],[],[],[],[],[],[],[],[],[],[],[],[]],"neow_costs_skipped_log":["NONE","NONE","NONE"],"gold_per_floor":[156,173,173,173,208,208,208,208,208,246,301,301,301,341,341,437,437,461,494,108,108,128,128],"floor_reached":23,"playtime":536,"items_purged":["Defend_P"],"score":448,"play_id":"40878942-12a8-4175-9e3f-638cd5468c7e","local_time":"20230424193816","score_breakdown":["Floors Climbed (23): 115","Enemies Slain (7): 14","Exordium Elites Killed (2): 20","City Elites Killed (0): 0","Bosses Slain (1): 50","Champion (1): 25","Ascension (20): 224"],"is_ascension_mode":true,"potions_obtained_alchemize":[[],[],[],[],[],[],[],[],[],[],[],[],[],[],[],[],[],[],[],[],[],[],[]],"campfire_choices":[{"data":"Eruption","floor":6.0,"key":"SMITH"},{"data":"CutThroughFate","floor":8.0,"key":"SMITH"},{"floor":13.0,"key":"REST"},{"data":"FlurryOfBlows","floor":15.0,"key":"SMITH"}],"lesson_learned_per_floor":[[],[],[],[],[],[],[],[],[],[],[],[],[],[],[],[],[],[],[],[],[],[],[]],"neow_cost":"TEN_PERCENT_HP_LOSS","improvable_cards":{},"seed_source_timestamp":1094171264416300,"shop_contents":[{"floor":20,"relics":["MealTicket","GoldenEye","Sling"],"cards":["FollowUp","SignatureMove","Indignation","Adaptation","Dramatic Entrance"],"potions":["BlessingOfTheForge","CultistPotion"]}],"circlet_count":0,"master_deck":["AscendersBane","Strike_P","Strike_P","Strike_P","Defend_P","Defend_P","Defend_P+1","Eruption+1","Vigilance","HandOfGreed","CutThroughFate+1","FlurryOfBlows+1","Vault+1","CutThroughFate","Wallop","MentalFortress","Adaptation+1","Apotheosis","Crescendo","TalkToTheHand"],"special_seed":0,"potion_use_per_floor":[[],[],[],[],[],[],[],[],[],[],[],[],[],[],[],["FearPotion"],[],[],[],[],[],[],["SteroidPotion","StancePotion"]],"relics":["PureWater","Golden Idol","Shuriken","CaptainsWheel","Juzu Bracelet","Ornamental Fan","VioletLotus"],"potions_floor_usage":[16,23,23],"damage_taken":[{"damage":1.0,"enemies":"Small Slimes","floor":1.0,"turns":3.0},{"damage":0.0,"enemies":"Jaw Worm","floor":2.0,"turns":3.0},{"damage":0.0,"enemies":"Cultist","floor":5.0,"turns":3.0},{"damage":1.0,"enemies":"Looter","floor":10.0,"turns":2.0},{"damage":2.0,"enemies":"3 Sentries","floor":11.0,"turns":4.0},{"damage":0.0,"enemies":"Gremlin Nob","floor":14.0,"turns":3.0},{"damage":10,"enemies":"Hexaghost","floor":16,"turns":5},{"damage":0,"enemies":"Chosen","floor":18,"turns":4},{"damage":27,"enemies":"2 Thieves","floor":19,"turns":6},{"damage":10,"enemies":"Centurion and Healer","floor":22,"turns":4},{"damage":26,"enemies":"Gremlin Leader","floor":23,"turns":4}],"seed_played":"8143607231372863781","neow_bonus_log":{"cardsObtained":[],"cardsUpgraded":[],"cardsRemoved":[],"cardsTransformed":[],"relicsObtained":[],"maxHpGained":0,"goldGained":0,"damageTaken":0,"goldLost":0,"maxHpLost":6},"potions_obtained":[{"floor":14.0,"key":"FearPotion"},{"floor":22,"key":"StancePotion"}],"is_trial":false,"path_per_floor":["M","M","?","?","M","R","?","R","T","M","E","?","R","E","R","B",null,"M","M","$","?","M","E"],"character_chosen":"WATCHER","basemod:card_modifiers":[null,null,null,null,null,null,null,null,null,null,null,null,null,null,null,null,null,null,null,null],"items_purchased":["Apotheosis","Crescendo","SteroidPotion"],"campfire_rested":1,"item_purchase_floors":[20,20,20],"current_hp_per_floor":[60,60,56,45,45,45,50,50,50,49,47,29,47,47,47,37,55,55,28,28,28,18,0],"gold":128,"neow_bonus":"RANDOM_COLORLESS_2","is_prod":false,"is_daily":false,"rewards_skipped":[],"chose_seed":false,"campfire_upgraded":3,"win_rate":0,"floor_exit_playtime":[33,60,64,68,96,102,105,114,118,134,186,189,192,211,222,283,301,338,404,423,429,479],"timestamp":1682379496,"path_taken":["M","M","?","?","M","R","?","R","T","M","E","?","R","E","R","BOSS","M","M","$","?","M","E"],"build_version":"2022-12-18","purchased_purges":1,"victory":false,"max_hp_per_floor":[62,62,56,56,56,56,61,61,61,61,61,61,61,61,61,61,61,61,61,61,61,61,61],"relic_stats":{"counters":[11,41],"Golden Idol":53,"Shuriken":[18],"Ornamental Fan":[48],"VioletLotus":[4],"Juzu Bracelet":1,"PureWater":[12],"obtain_stats":[{"CaptainsWheel":9,"Golden Idol":3,"Shuriken":4,"Ornamental Fan":14,"VioletLotus":17,"Juzu Bracelet":11,"PureWater":0},{"CaptainsWheel":3,"Golden Idol":2,"Shuriken":2,"Ornamental Fan":6,"VioletLotus":7,"Juzu Bracelet":5,"PureWater":0},{"CaptainsWheel":9,"Golden Idol":6,"Shuriken":6,"Ornamental Fan":18,"VioletLotus":23,"Juzu Bracelet":15,"PureWater":0}]},"card_choices":[{"not_picked":["Panache","Violence"],"picked":"HandOfGreed","floor":0.0},{"not_picked":["Halt","ClearTheMind"],"picked":"CutThroughFate","floor":1.0},{"not_picked":["Evaluate","EmptyFist"],"picked":"FlurryOfBlows","floor":2.0},{"not_picked":["CrushJoints","Consecrate"],"picked":"Vault","floor":5.0},{"not_picked":["PathToVictory","Worship"],"picked":"CutThroughFate","floor":10.0},{"not_picked":["WreathOfFlame","ConjureBlade"],"picked":"Wallop","floor":11.0},{"not_picked":["Nirvana","Crescendo"],"picked":"MentalFortress","floor":14.0},{"not_picked":["ConjureBlade","Ragnarok","Devotion"],"picked":"SKIP","floor":16},{"not_picked":["BowlingBash","FlurryOfBlows"],"picked":"Adaptation+1","floor":18},{"not_picked":["Evaluate+1","LikeWater+1","PathToVictory"],"picked":"SKIP","floor":19},{"not_picked":["Wallop","Protect"],"picked":"TalkToTheHand","floor":22}],"player_experience":1898686,"relics_obtained":[{"floor":9.0,"key":"CaptainsWheel"},{"floor":11.0,"key":"Juzu Bracelet"},{"floor":14.0,"key":"Ornamental Fan"}],"event_choices":[{"damage_healed":0.0,"max_hp_gain":0.0,"max_hp_loss":6.0,"gold_gain":0.0,"event_name":"Golden Idol","player_choice":"Lose Max HP","floor":3.0,"gold_loss":0.0,"damage_taken":0.0,"relics_obtained":["Golden Idol"]},{"damage_healed":0.0,"max_hp_gain":0.0,"max_hp_loss":0.0,"gold_gain":0.0,"event_name":"Scrap Ooze","player_choice":"Success","floor":4.0,"gold_loss":0.0,"damage_taken":11.0,"relics_obtained":["Shuriken"]},{"damage_healed":0.0,"max_hp_gain":5.0,"max_hp_loss":0.0,"gold_gain":0.0,"event_name":"Big Fish","player_choice":"Donut","floor":7.0,"gold_loss":0.0,"damage_taken":0.0},{"damage_healed":0.0,"max_hp_gain":0.0,"max_hp_loss":0.0,"gold_gain":0.0,"event_name":"Shining Light","player_choice":"Entered Light","floor":12.0,"gold_loss":0.0,"damage_taken":18.0,"cards_upgraded":["Vault","Defend_P"]},{"cards_removed":["Strike_P"],"damage_healed":0,"gold_gain":0,"player_choice":"Purged","damage_taken":0,"max_hp_gain":0,"max_hp_loss":0,"event_name":"Purifier","floor":21,"gold_loss":0}],"is_beta":false,"boss_relics":[{"not_picked":["HolyWater","Runic Pyramid"],"picked":"VioletLotus"}],"items_purged_floors":[20],"is_endless":false,"potions_floor_spawned":[14,22],"killed_by":"Gremlin Leader","ascension_level":20,"potion_discard_per_floor":[[],[],[],[],[],[],[],[],[],[],[],[],[],[],[],[],[],[],[],[],[],[],[]]}