{"neow_bonuses_skipped_log":["REMOVE_CARD","RANDOM_COMMON_RELIC","BOSS_RELIC"],"neow_costs_skipped_log":["NONE","NONE","NONE"],"potions_obtained_entropic_brew":[[],[],[],[],[],[],[],[],[],[],[],[],[],[],[],[],[],[],[],[],[],[],[],[],[],[],[],[],[],[],[],[],[],[],[],[],[],[],[],[]],"gold_per_floor":[15,26,36,36,52,82,82,115,115,31,31,31,63,73,73,144,144,162,162,172,222,237,237,162,162,162,192,209,209,24,24,24,96,96,108,108,108,124,124,124],"floor_reached":40,"playtime":1700,"items_purged":["Strike_P","Defend_P"],"score":994,"play_id":"cba26030-1b67-4473-adc4-f896cd7abdfa","local_time":"20230424175346","score_breakdown":["Floors Climbed (40): 200","Enemies Slain (11): 22","Exordium Elites Killed (3): 30","City Elites Killed (1): 20","Beyond Elites Killed (0): 0","Bosses Slain (2): 150","Champion (1): 25","Perfect (1): 50","Ascension (20): 497"],"is_ascension_mode":true,"potions_obtained_alchemize":[[],[],[],[],[],[],[],[],[],[],[],[],[],[],[],[],[],[],[],[],[],[],[],[],[],[],[],[],[],[],[],[],[],[],[],[],[],[],[],[]],"campfire_choices":[{"data":"FlurryOfBlows","floor":7.0,"key":"SMITH"},{"floor":11.0,"key":"REST"},{"data":"Strike_P","floor":15.0,"key":"PURGE"},{"data":"Defend_P","floor":23,"key":"PURGE"},{"data":"Defend_P","floor":25,"key":"PURGE"},{"floor":32,"key":"REST"}],"lesson_learned_per_floor":[[],[],[],[],[],[],[],[],[],[],[],[],[],[],[],[],[],[],[],[],[],[],[],[],[],[],[],[],[],[],[],[],[],[],[],[],[],[],[],[]],"neow_cost":"NO_GOLD","improvable_cards":{},"seed_source_timestamp":1086741544793000,"shop_contents":[{"floor":10,"relics":["Tiny Chest","Whetstone","Orrery"],"cards":["Consecrate","FlyingSleeves","ThirdEye","Indignation","PanicButton","The Bomb"],"potions":["Dexterity Potion","LiquidBronze","Block Potion"]},{"floor":24,"relics":["StrikeDummy","Incense Burner","ClockworkSouvenir"],"cards":["FollowUp","FlurryOfBlows","Crescendo","ForeignInfluence","Establishment","Discovery","Master of Strategy"],"potions":["Regen Potion","SkillPotion","Ambrosia"]},{"floor":30,"relics":["Mercury Hourglass","PreservedInsect","Melange"],"cards":["CrushJoints","BowlingBash","Perseverance+1","Swivel+1","Flash of Steel","The Bomb+1"],"potions":["Strength Potion","StancePotion","Strength Potion"]}],"circlet_count":0,"master_deck":["AscendersBane","Eruption","Vigilance","Weave","Perseverance","FlurryOfBlows+1","FollowUp","JustLucky","EmptyFist","Vault","Adaptation","WheelKick","CutThroughFate","Scrawl","Meditate","FearNoEvil","MentalFortress","Adaptation","Vault+1"],"special_seed":0,"potion_use_per_floor":[[],[],[],[],[],["Strength Potion"],[],["EssenceOfSteel"],[],[],[],[],["StancePotion"],[],[],[],[],[],[],["Weak Potion"],[],["Dexterity Potion"],[],[],[],[],[],[],[],[],[],[],[],[],[],[],[],[],[],["LiquidMemories"]],"relics":["PureWater","Ancient Tea Set","Peace Pipe","Letter Opener","Kunai","Bronze Scales","VioletLotus","Toxic Egg 2","InkBottle","Black Star"],"potions_floor_usage":[20,22,40],"damage_taken":[{"damage":0.0,"enemies":"Small Slimes","floor":1.0,"turns":4.0},{"damage":8.0,"enemies":"2 Louse","floor":2.0,"turns":3.0},{"damage":14.0,"enemies":"Jaw Worm","floor":3.0,"turns":5.0},{"damage":0.0,"enemies":"Large Slime","floor":5.0,"turns":3.0},{"damage":8.0,"enemies":"Gremlin Nob","floor":6.0,"turns":3.0},{"damage":16.0,"enemies":"3 Sentries","floor":8.0,"turns":4.0},{"damage":0.0,"enemies":"Gremlin Nob","floor":13.0,"turns":3.0},{"damage":0.0,"enemies":"Blue Slaver","floor":14.0,"turns":3.0},{"damage":14.0,"enemies":"The Guardian","floor":16.0,"turns":11.0},{"damage":8,"enemies":"Shell Parasite","floor":18,"turns":4},{"damage":2,"enemies":"3 Byrds","floor":20,"turns":3},{"damage":14,"enemies":"Snake Plant","floor":22,"turns":5},{"damage":4,"enemies":"Gremlin Leader","floor":27,"turns":3},{"damage":14,"enemies":"Shelled Parasite and Fungi","floor":28,"turns":2},{"damage":0,"enemies":"Collector","floor":33,"turns":6},{"damage":6,"enemies":"3 Darklings","floor":35,"turns":5},{"damage":6,"enemies":"Orb Walker","floor":38,"turns":4},{"damage":54,"enemies":"Nemesis","floor":40,"turns":7}],"seed_played":"-5211535364449935612","neow_bonus_log":{"cardsObtained":["Weave","Perseverance"],"cardsUpgraded":[],"cardsRemoved":[],"cardsTransformed":["Defend_P","Strike_P"],"relicsObtained":[],"maxHpGained":0,"goldGained":0,"damageTaken":0,"goldLost":99,"maxHpLost":0},"potions_obtained":[{"floor":1.0,"key":"EssenceOfSteel"},{"floor":3.0,"key":"Strength Potion"},{"floor":8.0,"key":"StancePotion"},{"floor":16.0,"key":"Dexterity Potion"},{"floor":18,"key":"Weak Potion"},{"floor":28,"key":"LiquidMemories"}],"is_trial":false,"path_per_floor":["M","M","M","?","M","E","R","E","T","$","R","?","E","M","R","B",null,"M","?","M","?","M","R","$","R","T","E","M","?","$","?","R","B",null,"M","?","?","M","?","E"],"character_chosen":"WATCHER","basemod:card_modifiers":[null,null,null,null,null,null,null,null,null,null,null,null,null,null,null,null,null,null,null],"items_purchased":["Adaptation","Adaptation"],"campfire_rested":2,"item_purchase_floors":[10,30],"current_hp_per_floor":[61,53,39,44,44,36,36,20,20,20,41,30,30,30,30,16,59,51,51,49,49,35,35,35,35,35,31,17,17,17,17,38,38,64,58,58,58,52,52,0],"gold":124,"neow_bonus":"TRANSFORM_TWO_CARDS","is_prod":false,"is_daily":false,"rewards_skipped":[],"chose_seed":false,"campfire_upgraded":1,"win_rate":0,"floor_exit_playtime":[57,81,118,122,152,193,202,284,286,298,301,306,342,373,390,543,554,614,633,712,715,812,830,860,871,877,1003,1079,1085,1153,1157,1172,1346,1362,1472,1479,1482,1540,1544],"timestamp":1682373226,"path_taken":["M","M","M","?","M","E","R","E","T","$","R","?","E","M","R","BOSS","M","?","M","?","M","R","$","R","T","E","M","?","?","?","R","BOSS","M","?","?","M","?","E"],"build_version":"2022-12-18","purchased_purges":2,"victory":false,"max_hp_per_floor":[68,68,68,73,73,73,73,73,73,73,73,73,73,73,73,73,73,73,73,73,73,73,73,73,73,73,73,73,73,73,73,73,73,73,73,69,69,69,69,69],"relic_stats":{"Peace Pipe":4,"counters":[18,78],"Bronze Scales":[167],"VioletLotus":[24],"Black Star":0,"Letter Opener":[45],"Kunai":[52],"PureWater":[14],"Ancient Tea Set":[10],"obtain_stats":[{"Peace Pipe":8,"Bronze Scales":13,"VioletLotus":17,"Black Star":34,"Letter Opener":9,"Kunai":12,"PureWater":0,"Toxic Egg 2":26,"Ancient Tea Set":6,"InkBottle":27},{"Peace Pipe":6,"Bronze Scales":7,"VioletLotus":9,"Black Star":15,"Letter Opener":6,"Kunai":6,"PureWater":0,"Toxic Egg 2":12,"Ancient Tea Set":5,"InkBottle":13},{"Peace Pipe":22,"Bronze Scales":25,"VioletLotus":39,"Black Star":62,"Letter Opener":22,"Kunai":22,"PureWater":0,"Toxic Egg 2":51,"Ancient Tea Set":18,"InkBottle":54}],"InkBottle":[15]},"card_choices":[{"not_picked":["Halt","ForeignInfluence"],"picked":"FlurryOfBlows","floor":1.0},{"not_picked":["BowlingBash","Evaluate"],"picked":"FollowUp","floor":2.0},{"not_picked":["FlyingSleeves","BattleHymn"],"picked":"JustLucky","floor":3.0},{"not_picked":["Vengeance","Protect"],"picked":"EmptyFist","floor":5.0},{"not_picked":["Weave","Halt","CrushJoints"],"picked":"SKIP","floor":6.0},{"not_picked":["ReachHeaven","FollowUp"],"picked":"Vault","floor":8.0},{"not_picked":["FlurryOfBlows","Protect"],"picked":"WheelKick","floor":13.0},{"not_picked":["Prostrate","DevaForm"],"picked":"CutThroughFate","floor":14.0},{"not_picked":["Establishment","Omniscience"],"picked":"Scrawl","floor":16.0},{"not_picked":["Swivel","Consecrate"],"picked":"Meditate","floor":18},{"not_picked":["WaveOfTheHand","WreathOfFlame","DeceiveReality","EmptyFist","BowlingBash","Wallop","Sanctity","Consecrate","ThirdEye","Meditate","Indignation","Halt","CrushJoints","Crescendo","EmptyBody","LikeWater","FollowUp","SashWhip","JustLucky"],"picked":"FearNoEvil","floor":19},{"not_picked":["Protect","Consecrate","FlurryOfBlows"],"picked":"SKIP","floor":20},{"not_picked":["ThirdEye","CutThroughFate","Wallop"],"picked":"SKIP","floor":22},{"not_picked":["CrushJoints","Adaptation"],"picked":"MentalFortress","floor":27},{"not_picked":["ReachHeaven","Halt+1","SandsOfTime"],"picked":"SKIP","floor":28},{"not_picked":["Devotion","Judgement+1"],"picked":"Vault+1","floor":33},{"not_picked":["FlurryOfBlows+1","SandsOfTime+1","BowlingBash"],"picked":"SKIP","floor":35},{"not_picked":["Halt+1","EmptyFist","Consecrate"],"picked":"SKIP","floor":38}],"player_experience":1891997,"relics_obtained":[{"floor":6.0,"key":"Ancient Tea Set"},{"floor":8.0,"key":"Peace Pipe"},{"floor":9.0,"key":"Letter Opener"},{"floor":13.0,"key":"Bronze Scales"},{"floor":26,"key":"Toxic Egg 2"},{"floor":27,"key":"InkBottle"}],"event_choices":[{"damage_healed":0.0,"max_hp_gain":5.0,"max_hp_loss":0.0,"gold_gain":0.0,"event_name":"Big Fish","player_choice":"Donut","floor":4.0,"gold_loss":0.0,"damage_taken":0.0},{"damage_healed":0.0,"max_hp_gain":0.0,"max_hp_loss":0.0,"gold_gain":0.0,"event_name":"Scrap Ooze","player_choice":"Success","floor":12.0,"gold_loss":0.0,"damage_taken":11.0,"relics_obtained":["Kunai"]},{"damage_healed":0,"gold_gain":0,"player_choice":"Read","damage_taken":0,"max_hp_gain":0,"max_hp_loss":0,"event_name":"The Library","floor":19,"gold_loss":0,"cards_obtained":["FearNoEvil"]},{"damage_healed":0,"gold_gain":50,"player_choice":"Stole From Cult","damage_taken":0,"max_hp_gain":0,"max_hp_loss":0,"event_name":"Nest","floor":21,"gold_loss":0},{"cards_removed":["Strike_P"],"damage_healed":0,"gold_gain":0,"player_choice":"Elegance","damage_taken":0,"max_hp_gain":0,"max_hp_loss":0,"event_name":"Back to Basics","floor":29,"gold_loss":0},{"damage_healed":0,"gold_gain":0,"player_choice":"Ignored","damage_taken":0,"max_hp_gain":0,"max_hp_loss":0,"event_name":"Vampires","floor":31,"gold_loss":0},{"damage_healed":0,"gold_gain":0,"player_choice":"Max HP","damage_taken":0,"max_hp_gain":0,"max_hp_loss":4,"event_name":"Winding Halls","floor":36,"gold_loss":0},{"damage_healed":0,"gold_gain":0,"player_choice":"Ignored","damage_taken":0,"max_hp_gain":0,"max_hp_loss":0,"event_name":"Tomb of Lord Red Mask","floor":37,"gold_loss":0},{"damage_healed":0,"gold_gain":0,"player_choice":"Ignored","damage_taken":0,"max_hp_gain":0,"max_hp_loss":0,"event_name":"Mysterious Sphere","floor":39,"gold_loss":0}],"is_beta":false,"boss_relics":[{"not_picked":["Sozu","Snecko Eye"],"picked":"VioletLotus"},{"not_picked":["Runic Dome","SacredBark"],"picked":"Black Star"}],"items_purged_floors":[24,30],"is_endless":false,"potions_floor_spawned":[1,3,8,16,18,28],"killed_by":"Nemesis","ascension_level":20,"potion_discard_per_floor":[[],[],[],[],[],[],[],[],[],[],[],[],[],[],[],[],[],[],[],[],[],[],[],[],[],[],[],[],[],[],[],[],[],[],[],[],[],[],[],[]]}