{"neow_bonuses_skipped_log":["THREE_SMALL_POTIONS","THREE_RARE_CARDS","BOSS_RELIC"],"neow_costs_skipped_log":["NONE","NO_GOLD","NONE"],"potions_obtained_entropic_brew":[[],[],[],[],[],[],[],[],[],[],[],[],[],[],[],[],[],[],[],[],[],[],[],[],[],[],[],[],[],[],[],[],[],[],[],[],[],[],[],[],[],[],[],[],[],[],[],[],[],[],[],[],[],[],[],[],[]],"gold_per_floor":[115,130,148,148,148,148,163,195,268,302,320,78,78,104,104,183,183,202,40,40,55,55,86,86,112,112,139,139,150,175,65,65,143,143,158,18,18,30,40,40,40,66,147,147,174,174,9,26,26,26,26,26,26,26,53,53],"floor_reached":57,"playtime":4187,"items_purged":["Strike_P","CutThroughFate"],"score":3083,"play_id":"23d4d1d0-c656-47c4-9d06-42c1ccdb9682","local_time":"20230421114753","falling_options_log":["Eruption+1","MentalFortress"],"score_breakdown":["Floors Climbed (57): 285","Enemies Slain (12): 24","Exordium Elites Killed (3): 30","City Elites Killed (4): 80","Beyond Elites Killed (2): 60","Bosses Slain (5): 750","Well Fed: 25","Champion (2): 50","Perfect (2): 100","C-c-c-combo: 25","Ascension (20): 1404","Heartbreaker: 250"],"is_ascension_mode":true,"potions_obtained_alchemize":[[],[],[],[],[],[],[],[],[],[],[],[],[],[],[],[],[],[],[],[],[],[],[],[],[],[],[],[],[],[],[],[],[],[],[],[],[],[],[],[],[],[],[],[],[],[],[],[],[],[],[],[],[],[],[],[],[]],"campfire_choices":[{"data":"Eruption","floor":6.0,"key":"SMITH"},{"data":"Wallop","floor":13.0,"key":"SMITH"},{"data":"WaveOfTheHand","floor":15.0,"key":"SMITH"},{"floor":24.0,"key":"REST"},{"data":"MentalFortress","floor":28.0,"key":"SMITH"},{"floor":32.0,"key":"REST"},{"data":"Adaptation","floor":40.0,"key":"SMITH"},{"data":"MentalFortress","floor":41.0,"key":"SMITH"},{"floor":49.0,"key":"RECALL"},{"floor":53.0,"key":"REST"}],"lesson_learned_per_floor":[[],[],[],[],[],[],[],[],[],[],[],[],[],[],[],[],[],[],[],[],[],[],[],[],[],[],[],[],[],[],[],[],[],[],[],[],[],[],[],[],[],[],[],[],[],[],[],[],[],[],[],[],[],[],[],[],[]],"neow_cost":"NONE","improvable_cards":{},"seed_source_timestamp":802932604912600,"shop_contents":[{"floor":12,"relics":["Nunchaku","Yang"],"cards":["FlyingSleeves","SashWhip","Vengeance","ClearTheMind","LikeWater","Flash of Steel","Secret Technique"],"potions":["EssenceOfSteel","CultistPotion","Ancient Potion"]},{"floor":19,"relics":["Girya","Bottled Tornado"],"cards":["Consecrate","CrushJoints","Evaluate+1","Prostrate+1","Study","Blind+1","Sadistic Nature"],"potions":["SteroidPotion","LiquidMemories","GamblersBrew"]},{"floor":36,"relics":["Pen Nib","Bag of Marbles","Membership Card"],"cards":["BowlingBash","FlyingSleeves","Perseverance+1","LikeWater","Swift Strike","Transmutation+1"],"potions":["BlessingOfTheForge","EntropicBrew","SpeedPotion"]},{"floor":46,"relics":["Pocketwatch","TeardropLocket","Chemical X"],"cards":["SandsOfTime","LessonLearned","Crescendo+1","Protect+1","Adaptation","Finesse+1","Magnetism"],"potions":["Weak Potion","SmokeBomb","Ancient Potion"]},{"floor":47,"relics":["War Paint","Bronze Scales"],"cards":["FollowUp","Conclude","Evaluate+1","Protect+1","LikeWater","Deep Breath+1","HandOfGreed"],"potions":["FearPotion","Strength Potion","GamblersBrew"]},{"floor":54,"relics":["Bird Faced Urn","Toy Ornithopter","Frozen Eye"],"cards":["CarveReality","FlurryOfBlows","Protect+1","Perseverance+1","Adaptation","Forethought+1","Apotheosis+1"],"potions":["DistilledChaos","Weak Potion","Explosive Potion"]}],"circlet_count":0,"master_deck":["AscendersBane","Eruption+1","Vigilance","Wallop+1","Consecrate+1","MentalFortress+1","Swivel+1","Vault+1","Tantrum+1","MentalFortress+1","ThirdEye+1","Adaptation+1","EmptyMind+1","PanicButton+1","FearNoEvil"],"special_seed":0,"potion_use_per_floor":[[],[],[],[],[],[],[],[],[],["StancePotion"],["Fruit Juice"],[],[],[],[],["EssenceOfSteel"],[],["Fire Potion"],[],[],[],[],["ColorlessPotion"],[],[],[],["EssenceOfSteel"],[],[],[],[],[],["Swift Potion"],[],[],[],[],[],[],[],[],[],[],[],[],[],[],[],[],[],[],[],[],[],[],[],[]],"relics":["PureWater","WingedGreaves","InkBottle","Boot","ClockworkSouvenir","Toxic Egg 2","VioletLotus","Orrery","Regal Pillow","Sundial","Singing Bowl","Mummified Hand","Dream Catcher","Empty Cage","Ginger","Shuriken","Medical Kit","Centennial Puzzle"],"potions_floor_usage":[],"damage_taken":[{"damage":3.0,"enemies":"Small Slimes","floor":1.0,"turns":3.0},{"damage":0.0,"enemies":"Cultist","floor":2.0,"turns":3.0},{"damage":0.0,"enemies":"2 Louse","floor":3.0,"turns":2.0},{"damage":0.0,"enemies":"Looter","floor":7.0,"turns":2.0},{"damage":4.0,"enemies":"Gremlin Nob","floor":8.0,"turns":3.0},{"damage":4.0,"enemies":"3 Sentries","floor":10.0,"turns":4.0},{"damage":0.0,"enemies":"Lots of Slimes","floor":11.0,"turns":6.0},{"damage":1.0,"enemies":"Lagavulin","floor":14.0,"turns":7.0},{"damage":15.0,"enemies":"The Guardian","floor":16.0,"turns":14.0},{"damage":22.0,"enemies":"2 Thieves","floor":18.0,"turns":5.0},{"damage":0.0,"enemies":"Spheric Guardian","floor":21.0,"turns":3.0},{"damage":7.0,"enemies":"Slavers","floor":23.0,"turns":4.0},{"damage":12.0,"enemies":"Book of Stabbing","floor":25.0,"turns":6.0},{"damage":23.0,"enemies":"Slavers","floor":27.0,"turns":4.0},{"damage":0.0,"enemies":"Cultist and Chosen","floor":29.0,"turns":4.0},{"damage":13.0,"enemies":"Gremlin Leader","floor":30.0,"turns":4.0},{"damage":41.0,"enemies":"Collector","floor":33.0,"turns":8.0},{"damage":0.0,"enemies":"Orb Walker","floor":35.0,"turns":3.0},{"damage":0.0,"enemies":"3 Darklings","floor":38.0,"turns":2.0},{"damage":0.0,"enemies":"Spire Growth","floor":39.0,"turns":4.0},{"damage":0.0,"enemies":"Giant Head","floor":42.0,"turns":2.0},{"damage":0.0,"enemies":"Reptomancer","floor":45.0,"turns":5.0},{"damage":0.0,"enemies":"4 Shapes","floor":48.0,"turns":4.0},{"damage":0.0,"enemies":"Time Eater","floor":50.0,"turns":9.0},{"damage":0.0,"enemies":"Donu and Deca","floor":51.0,"turns":4.0},{"damage":1,"enemies":"Shield and Spear","floor":55,"turns":4},{"damage":70,"enemies":"The Heart","floor":56,"turns":7}],"green_key_taken_log":8,"seed_played":"3118159784161557500","neow_bonus_log":{"cardsObtained":["WaveOfTheHand"],"cardsUpgraded":[],"cardsRemoved":[],"cardsTransformed":["Defend_P"],"relicsObtained":[],"maxHpGained":0,"goldGained":0,"damageTaken":0,"goldLost":0,"maxHpLost":0},"potions_obtained":[{"floor":3.0,"key":"Fire Potion"},{"floor":8.0,"key":"StancePotion"},{"floor":10.0,"key":"Fruit Juice"},{"floor":11.0,"key":"EssenceOfSteel"},{"floor":21.0,"key":"ColorlessPotion"},{"floor":25.0,"key":"EssenceOfSteel"},{"floor":30.0,"key":"Swift Potion"},{"floor":35.0,"key":"BlessingOfTheForge"},{"floor":42.0,"key":"Fire Potion"},{"floor":45.0,"key":"Dexterity Potion"}],"is_trial":false,"path_per_floor":["M","M","M","?","?","R","M","E","T","E","M","$","R","E","R","B",null,"M","$","?","M","?","E","R","E","T","E","R","M","E","?","R","B",null,"M","$","?","M","M","R","R","E","T","?","E","$","$","M","R","B","B",null,"R","$","E","B",null],"character_chosen":"WATCHER","basemod:card_modifiers":[null,null,null,null,null,null,null,null,null,null,null,null,null,null,null],"items_purchased":["ClockworkSouvenir","Orrery","EmptyMind+1","Medical Kit"],"campfire_rested":3,"item_purchase_floors":[12,19,36,47],"current_hp_per_floor":[58,58,58,51,51,51,51,47,47,43,48,48,48,47,47,32,63,41,41,41,41,41,34,70,58,58,37,37,37,26,26,66,27,68,70,70,70,72,74,74,74,76,76,70,72,72,72,72,72,72,72,89,97,97,98,28],"gold":53,"neow_bonus":"TRANSFORM_CARD","is_prod":false,"is_daily":false,"rewards_skipped":[{"floor":48,"relics":[],"potions":["Explosive Potion"]}],"chose_seed":false,"campfire_upgraded":6,"win_rate":0,"floor_exit_playtime":[62,89,125,142,159,165,199,251,254,335,389,430,447,606,613,855,874,968,1044,1056,1091,1107,1214,1219,1322,1324,1419,1427,1533,1612,1640,1647,1844,1922,2000,2089,2154,2225,2317,2328,2340,2492,2497,2553,2781,2813,2822,2961,2964,3359,3544,3555,3568,3575,3795,4187],"timestamp":1682092073,"blue_key_relic_skipped_log":{"floor":43,"relicID":"Bottled Lightning"},"path_taken":["M","M","M","?","?","R","M","E","T","E","M","$","R","E","R","BOSS","M","$","?","?","?","E","R","E","T","E","R","M","E","?","R","BOSS","M","?","?","M","M","R","R","E","T","?","E","?","$","M","R","BOSS","BOSS","R","$","E","BOSS"],"build_version":"2022-12-18","purchased_purges":2,"victory":true,"max_hp_per_floor":[68,68,68,68,68,68,68,68,68,68,73,73,73,73,73,73,73,73,73,73,73,73,73,73,73,73,75,75,75,77,77,79,81,81,83,83,83,85,87,87,87,89,89,93,95,95,95,95,95,95,95,95,97,97,99,99],"relic_stats":{"Regal Pillow":30,"Singing Bowl":26,"counters":[27,126],"Ginger":[4],"Boot":[240],"Medical Kit":[6],"Dream Catcher":2,"Centennial Puzzle":[3],"Sundial":[72],"Mummified Hand":[52],"Shuriken":[36],"WingedGreaves":3,"VioletLotus":[101],"PureWater":[24],"obtain_stats":[{"Regal Pillow":23,"Singing Bowl":26,"Ginger":42,"Boot":10,"Empty Cage":34,"Medical Kit":47,"ClockworkSouvenir":12,"Dream Catcher":30,"Centennial Puzzle":55,"Sundial":25,"Mummified Hand":27,"Shuriken":45,"Orrery":19,"WingedGreaves":8,"VioletLotus":17,"PureWater":0,"Toxic Egg 2":14,"InkBottle":9},{"Regal Pillow":12,"Singing Bowl":13,"Ginger":21,"Boot":6,"Empty Cage":17,"Medical Kit":22,"ClockworkSouvenir":7,"Dream Catcher":16,"Centennial Puzzle":26,"Sundial":13,"Mummified Hand":14,"Shuriken":22,"Orrery":10,"WingedGreaves":5,"VioletLotus":9,"PureWater":0,"Toxic Egg 2":8,"InkBottle":5},{"Regal Pillow":56,"Singing Bowl":62,"Ginger":93,"Boot":17,"Empty Cage":82,"Medical Kit":98,"ClockworkSouvenir":23,"Dream Catcher":74,"Centennial Puzzle":119,"Sundial":62,"Mummified Hand":66,"Shuriken":98,"Orrery":49,"WingedGreaves":13,"VioletLotus":44,"PureWater":0,"Toxic Egg 2":30,"InkBottle":13}],"InkBottle":[60]},"card_choices":[{"not_picked":["JustLucky","Fasting2"],"picked":"Wallop","floor":1.0},{"not_picked":["Perseverance","Prostrate"],"picked":"Consecrate","floor":2.0},{"not_picked":["Perseverance","EmptyBody"],"picked":"CutThroughFate","floor":3.0},{"not_picked":["SashWhip","Collect","FlyingSleeves"],"picked":"SKIP","floor":7.0},{"not_picked":["CutThroughFate","Evaluate","TalkToTheHand"],"picked":"SKIP","floor":8.0},{"not_picked":["PathToVictory","Omniscience","Fasting2"],"picked":"SKIP","floor":10.0},{"not_picked":["Protect","Crescendo"],"picked":"MentalFortress","floor":11.0},{"not_picked":["CrushJoints","Ragnarok"],"picked":"Swivel+1","floor":14.0},{"not_picked":["Ragnarok","Brilliance"],"picked":"Vault+1","floor":16.0},{"not_picked":["JustLucky+1","ReachHeaven","FlyingSleeves"],"picked":"SKIP","floor":18.0},{"not_picked":["BowlingBash","WaveOfTheHand+1"],"picked":"Tantrum+1","floor":19.0},{"not_picked":["EmptyFist","FollowUp"],"picked":"MentalFortress","floor":19.0},{"not_picked":["SpiritShield+1","Protect+1"],"picked":"ThirdEye+1","floor":19.0},{"not_picked":["FollowUp","Study","WreathOfFlame+1"],"picked":"SKIP","floor":19.0},{"not_picked":["DeceiveReality+1","ClearTheMind+1","Pray+1"],"picked":"SKIP","floor":19.0},{"not_picked":["Tantrum","Halt+1","Prostrate+1"],"picked":"SKIP","floor":21.0},{"not_picked":["EmptyBody+1","CutThroughFate","Evaluate+1"],"picked":"SKIP","floor":23.0},{"not_picked":["Prostrate+1","BattleHymn","WreathOfFlame+1"],"picked":"SKIP","floor":25.0},{"not_picked":["DeceiveReality+1","CrushJoints+1","SandsOfTime"],"picked":"Singing Bowl","floor":27.0},{"not_picked":["Protect+1","EmptyBody+1"],"picked":"Adaptation","floor":29.0},{"not_picked":["Pray+1","Tantrum","EmptyFist"],"picked":"Singing Bowl","floor":30.0},{"not_picked":["Consecrate","ForeignInfluence+1","Evaluate+1"],"picked":"Singing Bowl","floor":32.0},{"not_picked":["DevaForm","SpiritShield+1","Brilliance"],"picked":"Singing Bowl","floor":33.0},{"not_picked":["WindmillStrike","Collect+1","FlurryOfBlows+1"],"picked":"Singing Bowl","floor":35.0},{"not_picked":["ClearTheMind+1","PathToVictory+1","BattleHymn"],"picked":"Singing Bowl","floor":38.0},{"not_picked":["FlyingSleeves+1","Crescendo+1","JustLucky"],"picked":"Singing Bowl","floor":39.0},{"not_picked":["DeceiveReality+1","CutThroughFate","Meditate+1"],"picked":"Singing Bowl","floor":42.0},{"not_picked":["Thinking Ahead+1","Flash of Steel"],"picked":"PanicButton+1","floor":44.0},{"not_picked":["Apotheosis+1","Deep Breath+1","Dark Shackles+1"],"picked":"Singing Bowl","floor":44.0},{"not_picked":["Apotheosis+1","Chrysalis+1","Metamorphosis+1"],"picked":"Singing Bowl","floor":44.0},{"not_picked":["Consecrate","ThirdEye+1","Study"],"picked":"Singing Bowl","floor":45.0},{"not_picked":["Halt+1","CrushJoints+1"],"picked":"FearNoEvil","floor":48.0},{"not_picked":["ThirdEye+1","Prostrate+1","FlyingSleeves"],"picked":"Singing Bowl","floor":53.0},{"not_picked":["Consecrate","ThirdEye+1","Sanctity+1"],"picked":"Singing Bowl","floor":55}],"player_experience":1860361,"relics_obtained":[{"floor":8.0,"key":"WingedGreaves"},{"floor":9.0,"key":"InkBottle"},{"floor":10.0,"key":"Boot"},{"floor":14.0,"key":"Toxic Egg 2"},{"floor":23.0,"key":"Regal Pillow"},{"floor":25.0,"key":"Sundial"},{"floor":26.0,"key":"Singing Bowl"},{"floor":27.0,"key":"Mummified Hand"},{"floor":30.0,"key":"Dream Catcher"},{"floor":42.0,"key":"Ginger"},{"floor":45.0,"key":"Shuriken"},{"floor":55,"key":"Centennial Puzzle"}],"event_choices":[{"cards_removed":["Defend_P"],"damage_healed":0.0,"max_hp_gain":0.0,"max_hp_loss":0.0,"gold_gain":0.0,"event_name":"Golden Wing","player_choice":"Card Removal","floor":4.0,"gold_loss":0.0,"damage_taken":7.0},{"cards_removed":["Strike_P"],"damage_healed":0.0,"max_hp_gain":0.0,"max_hp_loss":0.0,"gold_gain":0.0,"event_name":"Purifier","player_choice":"Purged","floor":5.0,"gold_loss":0.0,"damage_taken":0.0},{"damage_healed":0.0,"max_hp_gain":0.0,"max_hp_loss":0.0,"gold_gain":0.0,"event_name":"Upgrade Shrine","player_choice":"Upgraded","floor":20.0,"gold_loss":0.0,"damage_taken":0.0,"cards_upgraded":["Consecrate"]},{"cards_removed":["Defend_P"],"damage_healed":0.0,"max_hp_gain":0.0,"max_hp_loss":0.0,"gold_gain":0.0,"event_name":"Back to Basics","player_choice":"Elegance","floor":22.0,"gold_loss":0.0,"damage_taken":0.0},{"cards_removed":["Defend_P"],"damage_healed":0.0,"max_hp_gain":0.0,"max_hp_loss":0.0,"gold_gain":0.0,"event_name":"Designer","player_choice":"Upgrade and Remove","floor":31.0,"gold_loss":110.0,"damage_taken":0.0,"cards_upgraded":["Strike_P"]},{"cards_removed":["WaveOfTheHand"],"damage_healed":0.0,"max_hp_gain":0.0,"max_hp_loss":0.0,"gold_gain":0.0,"event_name":"Falling","player_choice":"Removed Skill","floor":37.0,"gold_loss":0.0,"damage_taken":0.0},{"damage_healed":0.0,"max_hp_gain":0.0,"max_hp_loss":0.0,"gold_gain":0.0,"event_name":"SensoryStone","player_choice":"Memory 3","floor":44.0,"gold_loss":0.0,"damage_taken":10.0}],"is_beta":false,"boss_relics":[{"not_picked":["Busted Crown","Calling Bell"],"picked":"VioletLotus"},{"not_picked":["Black Star","Pandora\u0027s Box"],"picked":"Empty Cage"}],"items_purged_floors":[12,36],"is_endless":false,"potions_floor_spawned":[3,8,10,11,21,25,30,35,42,45,48],"ascension_level":20,"potion_discard_per_floor":[[],[],[],[],[],[],[],[],[],[],[],[],[],[],[],[],[],[],[],[],[],[],[],[],[],[],[],[],[],[],[],[],[],[],[],[],[],[],[],[],[],[],[],[],["BlessingOfTheForge"],[],[],[],[],[],[],[],[],[],[],[],[]]}