{"neow_bonuses_skipped_log":["RANDOM_COLORLESS","RANDOM_COMMON_RELIC","BOSS_RELIC"],"potions_obtained_entropic_brew":[[],[],[],[],[],[],[],[],[],[],[],[],[],[],[],[],[],[],[],[],[],[],[],[],[],[],[],[],[],[]],"neow_costs_skipped_log":["NONE","NONE","NONE"],"gold_per_floor":[13,13,30,47,47,81,106,145,145,178,178,178,104,29,29,120,120,141,160,174,198,123,123,161,185,264,288,288,30,30],"floor_reached":30,"playtime":1427,"items_purged":["Strike_P","Strike_P"],"score":640,"play_id":"f1b563f0-55e5-4165-98fd-f227e7701c91","local_time":"20230420185905","score_breakdown":["Floors Climbed (30): 150","Enemies Slain (10): 20","Exordium Elites Killed (3): 30","City Elites Killed (1): 20","Bosses Slain (1): 50","Champion (2): 50","Ascension (20): 320"],"is_ascension_mode":true,"potions_obtained_alchemize":[[],[],[],[],[],[],[],[],[],[],[],[],[],[],[],[],[],[],[],[],[],[],[],[],[],[],[],[],[],[]],"campfire_choices":[{"data":"CutThroughFate","floor":12.0,"key":"SMITH"},{"data":"SandsOfTime","floor":15.0,"key":"SMITH"},{"data":"Omniscience","floor":23.0,"key":"SMITH"},{"data":"Omniscience","floor":28,"key":"SMITH"}],"lesson_learned_per_floor":[[],[],[],[],[],[],[],[],[],[],[],[],[],[],[],[],[],[],[],[],[],[],[],[],[],[],[],[],[],[]],"neow_cost":"NO_GOLD","improvable_cards":{},"seed_source_timestamp":745289251615500,"shop_contents":[{"floor":13,"relics":["Sundial","Gremlin Horn","TheAbacus"],"cards":["FlurryOfBlows","SandsOfTime","ThirdEye","Crescendo","Blind","Metamorphosis"],"potions":["SneckoOil","SkillPotion","SneckoOil"]},{"floor":14,"relics":["Pantograph","Bottled Tornado","Sling"],"cards":["Consecrate","JustLucky","DeusExMachina","Alpha","Adaptation","Blind","Secret Weapon"],"potions":["EssenceOfSteel","Ancient Potion","StancePotion"]},{"floor":29,"relics":["PreservedInsect","Art of War"],"cards":["FlurryOfBlows","SashWhip","EmptyBody","Indignation","Wireheading","Bandage Up","Panache"],"potions":["SteroidPotion","BottledMiracle","Explosive Potion"]}],"circlet_count":0,"master_deck":["AscendersBane","Defend_P","Defend_P","Eruption","Vigilance","Ragnarok","ClearTheMind","Tantrum","Meditate","SandsOfTime+1","FearNoEvil","CutThroughFate+1","Adaptation","Omniscience+1","Omniscience+1","ThirdEye+1"],"special_seed":0,"potion_use_per_floor":[[],[],[],[],[],["DuplicationPotion"],[],[],[],[],[],[],[],[],[],["PowerPotion"],[],[],[],["SkillPotion"],[],[],[],["PowerPotion","AttackPotion"],[],[],[],[],[],["FairyPotion"]],"relics":["PureWater","Golden Idol","Kunai","Blue Candle","InkBottle","VioletLotus","Eternal Feather","Yang","OrangePellets"],"potions_floor_usage":[],"damage_taken":[{"damage":1.0,"enemies":"Cultist","floor":1.0,"turns":3.0},{"damage":7.0,"enemies":"Jaw Worm","floor":3.0,"turns":2.0},{"damage":0.0,"enemies":"2 Louse","floor":4.0,"turns":2.0},{"damage":15.0,"enemies":"3 Sentries","floor":6.0,"turns":4.0},{"damage":0.0,"enemies":"Blue Slaver","floor":7.0,"turns":2.0},{"damage":0.0,"enemies":"Lagavulin","floor":8.0,"turns":3.0},{"damage":0.0,"enemies":"Gremlin Nob","floor":10.0,"turns":2.0},{"damage":21.0,"enemies":"Hexaghost","floor":16.0,"turns":6.0},{"damage":4.0,"enemies":"3 Byrds","floor":18.0,"turns":3.0},{"damage":0.0,"enemies":"Spheric Guardian","floor":19.0,"turns":2.0},{"damage":5.0,"enemies":"3 Cultists","floor":20.0,"turns":4.0},{"damage":0.0,"enemies":"Sentry and Sphere","floor":21.0,"turns":2.0},{"damage":15.0,"enemies":"Slavers","floor":24.0,"turns":4.0},{"damage":12,"enemies":"Cultist and Chosen","floor":25,"turns":3},{"damage":0,"enemies":"Snake Plant","floor":27,"turns":3},{"damage":64,"enemies":"Gremlin Leader","floor":30,"turns":2}],"seed_played":"822497758362378677","neow_bonus_log":{"cardsObtained":["Ragnarok","ClearTheMind"],"cardsUpgraded":[],"cardsRemoved":[],"cardsTransformed":["Defend_P","Defend_P"],"relicsObtained":[],"maxHpGained":0,"goldGained":0,"damageTaken":0,"goldLost":99,"maxHpLost":0},"potions_obtained":[{"floor":3.0,"key":"SkillPotion"},{"floor":4.0,"key":"DuplicationPotion"},{"floor":8.0,"key":"AttackPotion"},{"floor":10.0,"key":"PowerPotion"},{"floor":18.0,"key":"SkillPotion"},{"floor":21.0,"key":"PowerPotion"},{"floor":27,"key":"FairyPotion"}],"is_trial":false,"path_per_floor":["M","?","M","M","?","E","M","E","T","E","?","R","$","$","R","B",null,"M","M","M","M","?","R","E","M","T","M","R","$","E"],"character_chosen":"WATCHER","basemod:card_modifiers":[null,null,null,null,null,null,null,null,null,null,null,null,null,null,null,null],"items_purchased":["Adaptation","OrangePellets"],"campfire_rested":0,"item_purchase_floors":[13,29],"current_hp_per_floor":[60,60,53,53,53,38,38,38,38,38,43,43,43,43,43,22,56,52,52,47,47,47,47,32,20,20,20,29,29,0],"gold":30,"neow_bonus":"TRANSFORM_TWO_CARDS","is_prod":false,"is_daily":false,"rewards_skipped":[{"floor":6,"relics":["Bottled Lightning"],"potions":[]}],"chose_seed":false,"campfire_upgraded":4,"win_rate":0,"floor_exit_playtime":[120,143,200,223,227,314,345,385,388,419,429,441,451,463,476,656,683,744,790,882,941,960,983,1121,1182,1185,1307,1321,1342],"timestamp":1682031545,"path_taken":["M","?","M","M","?","E","M","E","T","E","?","R","?","$","R","BOSS","M","M","M","?","?","R","E","M","T","M","R","$","E"],"build_version":"2022-12-18","purchased_purges":2,"victory":false,"max_hp_per_floor":[68,68,68,68,62,62,62,62,62,62,67,67,67,67,67,67,67,67,67,67,67,67,67,67,67,67,67,67,67,67],"relic_stats":{"OrangePellets":[0],"counters":[16,47],"Golden Idol":79,"Blue Candle":[0],"Eternal Feather":9,"Yang":[17],"VioletLotus":[20],"Kunai":[18],"PureWater":[16],"obtain_stats":[{"OrangePellets":29,"Golden Idol":5,"Blue Candle":9,"Eternal Feather":24,"Yang":26,"VioletLotus":17,"Kunai":8,"PureWater":0,"InkBottle":10},{"OrangePellets":15,"Golden Idol":3,"Blue Candle":6,"Eternal Feather":13,"Yang":14,"VioletLotus":8,"Kunai":6,"PureWater":0,"InkBottle":7},{"OrangePellets":45,"Golden Idol":7,"Blue Candle":16,"Eternal Feather":39,"Yang":42,"VioletLotus":24,"Kunai":16,"PureWater":0,"InkBottle":18}],"InkBottle":[14]},"card_choices":[{"not_picked":["JustLucky","WheelKick"],"picked":"Tantrum","floor":1.0},{"not_picked":["Worship","ClearTheMind"],"picked":"Meditate","floor":3.0},{"not_picked":["Fasting2","Protect"],"picked":"SandsOfTime","floor":4.0},{"not_picked":["FlyingSleeves","Fasting2","EmptyBody"],"picked":"SKIP","floor":6.0},{"not_picked":["EmptyBody","ClearTheMind"],"picked":"FearNoEvil","floor":7.0},{"not_picked":["Crescendo","ClearTheMind"],"picked":"CutThroughFate","floor":8.0},{"not_picked":["Collect","BattleHymn","BowlingBash"],"picked":"SKIP","floor":10.0},{"not_picked":["Brilliance","Ragnarok"],"picked":"Omniscience","floor":16.0},{"not_picked":["Indignation","BowlingBash","SandsOfTime+1"],"picked":"SKIP","floor":18.0},{"not_picked":["CutThroughFate","BowlingBash+1","Halt"],"picked":"SKIP","floor":19.0},{"not_picked":["Fasting2","Crescendo","FlurryOfBlows"],"picked":"SKIP","floor":20.0},{"not_picked":["JustLucky","Fasting2+1","CutThroughFate"],"picked":"SKIP","floor":21.0},{"not_picked":["CrushJoints","EmptyFist","Perseverance"],"picked":"SKIP","floor":24.0},{"not_picked":["Prostrate","CrushJoints"],"picked":"Omniscience","floor":25},{"not_picked":["Evaluate+1","WindmillStrike"],"picked":"ThirdEye+1","floor":27}],"player_experience":1845965,"relics_obtained":[{"floor":8.0,"key":"Kunai"},{"floor":9.0,"key":"Blue Candle"},{"floor":10.0,"key":"InkBottle"},{"floor":24.0,"key":"Eternal Feather"},{"floor":26,"key":"Yang"}],"event_choices":[{"cards_removed":["Strike_P"],"damage_healed":0.0,"max_hp_gain":0.0,"max_hp_loss":0.0,"gold_gain":0.0,"event_name":"Living Wall","player_choice":"Forget","floor":2.0,"gold_loss":0.0,"damage_taken":0.0},{"damage_healed":0.0,"max_hp_gain":0.0,"max_hp_loss":6.0,"gold_gain":0.0,"event_name":"Golden Idol","player_choice":"Lose Max HP","floor":5.0,"gold_loss":0.0,"damage_taken":0.0,"relics_obtained":["Golden Idol"]},{"damage_healed":0.0,"max_hp_gain":5.0,"max_hp_loss":0.0,"gold_gain":0.0,"event_name":"Big Fish","player_choice":"Donut","floor":11.0,"gold_loss":0.0,"damage_taken":0.0},{"cards_removed":["Strike_P"],"damage_healed":0.0,"max_hp_gain":0.0,"max_hp_loss":0.0,"gold_gain":0.0,"event_name":"Beggar","player_choice":"Gave Gold","floor":22.0,"gold_loss":75.0,"damage_taken":0.0}],"is_beta":false,"boss_relics":[{"not_picked":["Pandora\u0027s Box","SlaversCollar"],"picked":"VioletLotus"}],"items_purged_floors":[14,29],"is_endless":false,"potions_floor_spawned":[3,4,8,10,18,21,27],"killed_by":"Gremlin Leader","ascension_level":20,"potion_discard_per_floor":[[],[],[],[],[],[],[],[],[],["SkillPotion"],[],[],[],[],[],[],[],[],[],[],[],[],[],[],[],[],[],[],[],[]]}