{"neow_bonuses_skipped_log":["TEN_PERCENT_HP_BONUS","TRANSFORM_TWO_CARDS","BOSS_RELIC"],"neow_costs_skipped_log":["NONE","TEN_PERCENT_HP_LOSS","NONE"],"potions_obtained_entropic_brew":[[],[],[],[],[],[],[],[],[],[],[],[],[],[],[],[],[],[],[],[],[],[],[],[],[],[],[],[],[],[],[],[],[]],"gold_per_floor":[116,129,204,204,214,214,227,259,339,357,372,372,94,104,104,181,181,199,249,278,20,30,30,71,71,96,96,122,122,122,135,135,135],"floor_reached":33,"playtime":1885,"items_purged":["Defend_P","PathToVictory+1"],"score":720,"play_id":"e72d93b3-43e5-4042-bcc1-c0743328942b","local_time":"20230422035522","score_breakdown":["Floors Climbed (33): 165","Enemies Slain (10): 20","Exordium Elites Killed (1): 10","City Elites Killed (2): 40","Bosses Slain (1): 50","Champion (1): 25","Perfect (1): 50","Ascension (20): 360"],"is_ascension_mode":true,"potions_obtained_alchemize":[[],[],[],[],[],[],[],[],[],[],[],[],[],[],[],[],[],[],[],[],[],[],[],[],[],[],[],[],[],[],[],[],[]],"campfire_choices":[{"data":"Eruption","floor":6.0,"key":"SMITH"},{"floor":12.0,"key":"REST"},{"data":"Tantrum","floor":15.0,"key":"SMITH"},{"data":"Scrawl","floor":23,"key":"SMITH"},{"data":"CutThroughFate","floor":27,"key":"SMITH"},{"floor":29,"key":"RECALL"},{"data":"Halt","floor":32,"key":"SMITH"}],"lesson_learned_per_floor":[[],[],[],[],[],[],[],[],[],[],[],[],[],["EmptyMind"],[],["Strike_P"],[],[],[],[],[],["Vigilance"],[],[],[],[],[],["WheelKick"],[],[],["BattleHymn"],[],[]],"neow_cost":"NONE","improvable_cards":{},"seed_source_timestamp":863438425073100,"shop_contents":[{"floor":13,"relics":["Omamori","Tiny Chest"],"cards":["CrushJoints","SignatureMove","DeceiveReality","Study","Swift Strike","Thinking Ahead"],"potions":["Strength Potion","PowerPotion","PowerPotion"]},{"floor":21,"relics":["Happy Flower","Whetstone"],"cards":["Brilliance","Consecrate","WreathOfFlame","Protect","Study","Dramatic Entrance","Chrysalis"],"potions":["SteroidPotion","EntropicBrew","SkillPotion"]},{"floor":30,"relics":["Boot","Bag of Preparation","Membership Card"],"cards":["ReachHeaven","Weave","ClearTheMind","EmptyBody","DevaForm","Jack Of All Trades","Master of Strategy"],"potions":["DuplicationPotion","ColorlessPotion","Regen Potion"]}],"circlet_count":0,"master_deck":["AscendersBane","Strike_P+1","Defend_P","Eruption+1","Vigilance+1","FollowUp","BattleHymn+1","SandsOfTime","WheelKick+1","LessonLearned","Halt+1","EmptyMind+1","Tantrum+1","Scrawl+1","Protect+1","CarveReality+1","FearNoEvil","ClearTheMind+1","CutThroughFate+1","ThirdEye+1"],"special_seed":0,"potion_use_per_floor":[[],[],[],[],[],[],[],[],[],[],["SkillPotion"],[],[],[],[],["Energy Potion"],[],[],[],[],[],[],[],[],[],[],[],["FearPotion"],[],[],[],[],["PowerPotion"]],"relics":["PureWater","GoldenEye","Blood Vial","Bottled Tornado","Toolbox","Astrolabe","Red Mask","TheAbacus","CeramicFish","Bird Faced Urn"],"potions_floor_usage":[28,33],"damage_taken":[{"damage":2.0,"enemies":"Jaw Worm","floor":1.0,"turns":4.0},{"damage":0.0,"enemies":"Cultist","floor":2.0,"turns":3.0},{"damage":7.0,"enemies":"2 Louse","floor":5.0,"turns":3.0},{"damage":12.0,"enemies":"Exordium Wildlife","floor":7.0,"turns":3.0},{"damage":16.0,"enemies":"Gremlin Nob","floor":8.0,"turns":3.0},{"damage":7.0,"enemies":"Looter","floor":10.0,"turns":3.0},{"damage":0.0,"enemies":"3 Louse","floor":11.0,"turns":2.0},{"damage":12.0,"enemies":"Exordium Wildlife","floor":14.0,"turns":2.0},{"damage":0.0,"enemies":"Slime Boss","floor":16.0,"turns":3.0},{"damage":0.0,"enemies":"Spheric Guardian","floor":18.0,"turns":3.0},{"damage":0.0,"enemies":"Masked Bandits","floor":20.0,"turns":2.0},{"damage":4,"enemies":"3 Byrds","floor":22,"turns":4},{"damage":3,"enemies":"Book of Stabbing","floor":24,"turns":4},{"damage":0,"enemies":"Gremlin Leader","floor":28,"turns":3},{"damage":0,"enemies":"Centurion and Healer","floor":31,"turns":2},{"damage":101,"enemies":"Collector","floor":33,"turns":7}],"seed_played":"7173099437986200416","neow_bonus_log":{"cardsObtained":[],"cardsUpgraded":[],"cardsRemoved":["Defend_P"],"cardsTransformed":[],"relicsObtained":[],"maxHpGained":0,"goldGained":0,"damageTaken":0,"goldLost":0,"maxHpLost":0},"potions_obtained":[{"floor":8.0,"key":"SkillPotion"},{"floor":10.0,"key":"Energy Potion"},{"floor":11.0,"key":"FearPotion"},{"floor":16.0,"key":"PowerPotion"},{"floor":28,"key":"Explosive Potion"}],"is_trial":false,"path_per_floor":["M","M","?","T","M","R","M","E","T","M","M","R","$","M","R","B",null,"M","?","?","$","M","R","E","?","T","R","E","R","$","M","R","B"],"character_chosen":"WATCHER","basemod:card_modifiers":[null,null,null,null,null,null,null,null,null,null,null,null,null,null,null,null,null,null,null,null],"items_purchased":["Toolbox","EmptyMind","TheAbacus"],"campfire_rested":1,"item_purchase_floors":[13,13,21],"current_hp_per_floor":[59,59,48,48,41,41,29,13,13,8,10,30,30,20,20,22,57,59,59,61,61,59,59,58,58,58,58,60,60,60,64,64,0],"gold":135,"neow_bonus":"REMOVE_CARD","is_prod":false,"is_daily":false,"rewards_skipped":[],"chose_seed":false,"campfire_upgraded":5,"win_rate":0,"floor_exit_playtime":[69,128,146,165,207,214,260,333,346,389,444,448,479,519,539,624,672,809,815,878,915,1032,1049,1215,1226,1230,1246,1397,1409,1427,1546,1557],"timestamp":1682150122,"blue_key_relic_skipped_log":{"floor":26,"relicID":"Juzu Bracelet"},"path_taken":["M","M","?","?","M","R","M","E","T","M","?","R","$","M","R","BOSS","M","?","?","$","M","R","E","?","T","R","E","R","$","M","R","BOSS"],"build_version":"2022-12-18","purchased_purges":2,"victory":false,"max_hp_per_floor":[68,68,68,68,68,68,68,68,68,68,68,68,68,68,68,68,68,68,68,68,68,68,68,68,68,68,68,68,68,68,68,68,68],"relic_stats":{"Blood Vial":22,"TheAbacus":[60],"counters":[16,51],"Astrolabe":["Protect","CarveReality","PathToVictory"],"CeramicFish":9,"Bird Faced Urn":[4],"PureWater":[15],"Bottled Tornado":"BattleHymn","GoldenEye":[24],"obtain_stats":[{"Blood Vial":8,"TheAbacus":21,"Astrolabe":17,"CeramicFish":24,"Bird Faced Urn":28,"Toolbox":13,"Red Mask":20,"PureWater":0,"Bottled Tornado":9,"GoldenEye":4},{"Blood Vial":5,"TheAbacus":11,"Astrolabe":9,"CeramicFish":13,"Bird Faced Urn":14,"Toolbox":7,"Red Mask":11,"PureWater":0,"Bottled Tornado":5,"GoldenEye":2},{"Blood Vial":16,"TheAbacus":31,"Astrolabe":26,"CeramicFish":39,"Bird Faced Urn":42,"Toolbox":21,"Red Mask":31,"PureWater":0,"Bottled Tornado":16,"GoldenEye":7}]},"card_choices":[{"not_picked":["BowlingBash","CrushJoints"],"picked":"FollowUp","floor":1.0},{"not_picked":["Halt","Worship"],"picked":"BattleHymn","floor":2.0},{"not_picked":["Sanctity","FollowUp","Pray"],"picked":"SKIP","floor":5.0},{"not_picked":["CrushJoints","Pray"],"picked":"SandsOfTime","floor":7.0},{"not_picked":["Consecrate","InnerPeace"],"picked":"WheelKick","floor":8.0},{"not_picked":["PathToVictory","FlurryOfBlows"],"picked":"LessonLearned","floor":10.0},{"not_picked":["FlyingSleeves","Worship"],"picked":"Halt","floor":11.0},{"not_picked":["Prostrate","Evaluate"],"picked":"Tantrum","floor":14.0},{"not_picked":["Ragnarok","Judgement"],"picked":"Scrawl","floor":16.0},{"not_picked":["Halt","ThirdEye"],"picked":"FearNoEvil","floor":18.0},{"not_picked":["Indignation+1","WheelKick"],"picked":"ClearTheMind+1","floor":20.0},{"not_picked":["SashWhip","FlyingSleeves"],"picked":"CutThroughFate","floor":22},{"not_picked":["LikeWater","WindmillStrike"],"picked":"ThirdEye+1","floor":24},{"not_picked":["ThirdEye","Alpha","Protect"],"picked":"SKIP","floor":28},{"not_picked":["ThirdEye","Alpha","Protect"],"picked":"SKIP","floor":28},{"not_picked":["ThirdEye","Alpha","Protect"],"picked":"SKIP","floor":28},{"not_picked":["CutThroughFate","FlurryOfBlows+1","ThirdEye"],"picked":"SKIP","floor":31},{"not_picked":["CutThroughFate","FlurryOfBlows+1","ThirdEye"],"picked":"SKIP","floor":31}],"player_experience":1872559,"relics_obtained":[{"floor":4.0,"key":"GoldenEye"},{"floor":8.0,"key":"Blood Vial"},{"floor":9.0,"key":"Bottled Tornado"},{"floor":20.0,"key":"Red Mask"},{"floor":24,"key":"CeramicFish"},{"floor":28,"key":"Bird Faced Urn"}],"event_choices":[{"damage_healed":0.0,"max_hp_gain":0.0,"max_hp_loss":0.0,"gold_gain":75.0,"event_name":"World of Goop","player_choice":"Gather Gold","floor":3.0,"gold_loss":0.0,"damage_taken":11.0},{"damage_healed":0.0,"max_hp_gain":0.0,"max_hp_loss":0.0,"gold_gain":50.0,"event_name":"Nest","player_choice":"Stole From Cult","floor":19.0,"gold_loss":0.0,"damage_taken":0.0},{"damage_healed":0.0,"max_hp_gain":0.0,"max_hp_loss":0.0,"gold_gain":0.0,"event_name":"Masked Bandits","player_choice":"Fought Bandits","floor":20.0,"gold_loss":0.0,"damage_taken":0.0},{"cards_removed":["Defend_P"],"damage_healed":0,"gold_gain":0,"player_choice":"Elegance","damage_taken":0,"max_hp_gain":0,"max_hp_loss":0,"event_name":"Back to Basics","floor":25,"gold_loss":0}],"is_beta":false,"boss_relics":[{"not_picked":["Philosopher\u0027s Stone","SlaversCollar"],"picked":"Astrolabe"}],"items_purged_floors":[13,21],"is_endless":false,"potions_floor_spawned":[8,10,11,16,28],"killed_by":"Collector","ascension_level":20,"potion_discard_per_floor":[[],[],[],[],[],[],[],[],[],[],[],[],[],[],[],[],[],[],[],[],[],[],[],[],[],[],[],[],[],[],[],[],[]]}