{"neow_bonuses_skipped_log":["ONE_RANDOM_RARE_CARD","TEN_PERCENT_HP_BONUS","BOSS_RELIC"],"neow_costs_skipped_log":["NONE","NONE","NONE"],"potions_obtained_entropic_brew":[[],[],[],[],[],[],[],[],[],[]],"gold_per_floor":[13,33,50,64,80,80,110,110,110,110],"floor_reached":10,"playtime":301,"items_purged":[],"score":140,"play_id":"f8e17384-3484-44dc-b7c9-0082bad8e3a3","local_time":"20230421141933","score_breakdown":["Floors Climbed (10): 50","Enemies Slain (5): 10","Exordium Elites Killed (1): 10","Bosses Slain (0): 0","Ascension (20): 70"],"is_ascension_mode":true,"potions_obtained_alchemize":[[],[],[],[],[],[],[],[],[],[]],"campfire_choices":[{"data":"Eruption","floor":6,"key":"SMITH"}],"lesson_learned_per_floor":[[],[],[],[],[],[],[],[],[],[]],"neow_cost":"NO_GOLD","improvable_cards":{},"seed_source_timestamp":816109512085400,"shop_contents":[],"circlet_count":0,"master_deck":["AscendersBane","Strike_P","Strike_P","Strike_P","Strike_P","Defend_P","Defend_P","Eruption+1","Vigilance","BowlingBash","Consecrate","FollowUp","FearNoEvil","Indignation"],"potion_use_per_floor":[[],[],[],[],["SkillPotion"],[],["Dexterity Potion"],[],[],[]],"relics":["PureWater","Ancient Tea Set","Meat on the Bone"],"potions_floor_usage":[5,7],"damage_taken":[{"damage":0,"enemies":"Cultist","floor":1,"turns":2},{"damage":0,"enemies":"2 Louse","floor":2,"turns":2},{"damage":0,"enemies":"Small Slimes","floor":3,"turns":1},{"damage":16,"enemies":"3 Louse","floor":4,"turns":3},{"damage":10,"enemies":"Looter","floor":5,"turns":4},{"damage":23,"enemies":"3 Sentries","floor":7,"turns":5},{"damage":8,"enemies":"Gremlin Nob","floor":10,"turns":2}],"seed_played":"5686866626593904781","neow_bonus_log":{"cardsObtained":["BowlingBash","Fasting2"],"cardsUpgraded":[],"cardsRemoved":[],"cardsTransformed":["Defend_P","Defend_P"],"relicsObtained":[],"maxHpGained":0,"goldGained":0,"damageTaken":0,"goldLost":99,"maxHpLost":0},"potions_obtained":[{"floor":2,"key":"Dexterity Potion"},{"floor":4,"key":"SkillPotion"}],"is_trial":false,"path_per_floor":["M","M","M","M","M","R","E","?","T","E"],"character_chosen":"WATCHER","basemod:card_modifiers":[null,null,null,null,null,null,null,null,null,null,null,null,null,null],"items_purchased":[],"campfire_rested":0,"item_purchase_floors":[],"current_hp_per_floor":[61,61,61,45,35,35,12,5,5,0],"gold":110,"neow_bonus":"TRANSFORM_TWO_CARDS","is_prod":false,"is_daily":false,"rewards_skipped":[],"chose_seed":false,"campfire_upgraded":1,"win_rate":0,"floor_exit_playtime":[40,62,76,157,208,213,273,285,287],"timestamp":1682101173,"path_taken":["M","M","M","M","?","R","E","?","T","E"],"build_version":"2022-12-18","purchased_purges":0,"victory":false,"max_hp_per_floor":[68,68,68,68,68,68,68,68,68,68],"relic_stats":{"counters":[7,19],"PureWater":[5],"Ancient Tea Set":[0],"obtain_stats":[{"PureWater":0,"Ancient Tea Set":7,"Meat on the Bone":9},{"PureWater":0,"Ancient Tea Set":6,"Meat on the Bone":6},{"PureWater":0,"Ancient Tea Set":17,"Meat on the Bone":17}],"Meat on the Bone":0},"card_choices":[{"not_picked":["JustLucky","FlyingSleeves"],"picked":"Consecrate","floor":1},{"not_picked":["Prostrate","Wireheading"],"picked":"FollowUp","floor":2},{"not_picked":["Prostrate","Protect"],"picked":"FearNoEvil","floor":3},{"not_picked":["WreathOfFlame","FollowUp","Protect"],"picked":"SKIP","floor":4},{"not_picked":["FearNoEvil","WreathOfFlame","Consecrate"],"picked":"SKIP","floor":5},{"not_picked":["ForeignInfluence","SashWhip"],"picked":"Indignation","floor":7}],"player_experience":1864548,"relics_obtained":[{"floor":7,"key":"Ancient Tea Set"},{"floor":9,"key":"Meat on the Bone"}],"event_choices":[{"cards_removed":["Fasting2"],"damage_healed":0,"gold_gain":0,"player_choice":"Card Removal","damage_taken":7,"max_hp_gain":0,"max_hp_loss":0,"event_name":"Golden Wing","floor":8,"gold_loss":0}],"is_beta":false,"boss_relics":[],"items_purged_floors":[],"is_endless":false,"potions_floor_spawned":[2,4],"killed_by":"Gremlin Nob","ascension_level":20,"potion_discard_per_floor":[[],[],[],[],[],[],[],[],[],[]]}