{"neow_bonuses_skipped_log":["THREE_ENEMY_KILL","THREE_RARE_CARDS","BOSS_RELIC"],"neow_costs_skipped_log":["NONE","PERCENT_DAMAGE","NONE"],"potions_obtained_entropic_brew":[[],[],[],[],[],[],[],[],[],[],[],[],[],[],[],[],[],[],[],[],[],[],[],[],[],[],[],[],[],[],[],[],[]],"gold_per_floor":[110,128,148,198,12,28,59,59,82,97,112,125,148,180,180,258,258,270,59,75,75,104,104,121,121,168,138,173,173,189,13,13,13],"floor_reached":33,"playtime":1101,"items_purged":["Strike_P","Strike_P"],"score":654,"play_id":"3ab126c8-f953-4a91-93fc-a06de5705f54","local_time":"20230424162109","score_breakdown":["Floors Climbed (33): 165","Enemies Slain (11): 22","Exordium Elites Killed (2): 20","City Elites Killed (1): 20","Bosses Slain (1): 50","Perfect (1): 50","Ascension (20): 327"],"is_ascension_mode":true,"potions_obtained_alchemize":[[],[],[],[],[],[],[],[],[],[],[],[],[],[],[],[],[],[],[],[],[],[],[],[],[],[],[],[],[],[],[],[],[]],"campfire_choices":[{"floor":8.0,"key":"REST"},{"data":"Eruption","floor":15.0,"key":"SMITH"},{"floor":23.0,"key":"REST"},{"floor":25.0,"key":"REST"},{"data":"FlurryOfBlows","floor":29,"key":"SMITH"},{"data":"Adaptation","floor":32,"key":"SMITH"}],"lesson_learned_per_floor":[[],[],[],[],[],[],[],[],[],[],[],[],[],[],[],[],[],[],[],[],[],[],[],[],[],[],[],[],[],[],[],[],[]],"neow_cost":"NONE","improvable_cards":{},"seed_source_timestamp":1081785428148099,"shop_contents":[{"floor":5,"relics":["Tiny Chest","Anchor"],"cards":["Consecrate","Halt","Protect","Fasting2","Jack Of All Trades","Thinking Ahead"],"potions":["Explosive Potion","Weak Potion","Energy Potion"]},{"floor":19,"relics":["Potion Belt","Bag of Marbles"],"cards":["FollowUp","FlyingSleeves","Swivel","ClearTheMind","LikeWater","Dark Shackles","Secret Technique"],"potions":["SkillPotion","LiquidBronze","AttackPotion"]},{"floor":31,"relics":["StoneCalendar","Calipers","DollysMirror"],"cards":["SignatureMove","Evaluate","PathToVictory","Flash of Steel","Panache"],"potions":["DuplicationPotion","AttackPotion","SneckoOil"]}],"circlet_count":0,"master_deck":["AscendersBane","Strike_P","Strike_P","Defend_P","Defend_P","Defend_P","Eruption+1","Vigilance","BattleHymn","Indignation","Consecrate","FlurryOfBlows+1","Conclude","ClearTheMind","Evaluate","Crescendo","ThirdEye+1","Crescendo+1","Wallop","Adaptation+1","Tantrum"],"special_seed":0,"potion_use_per_floor":[[],[],[],[],[],[],[],[],[],[],["Energy Potion"],[],[],[],[],[],[],[],[],["AttackPotion"],[],[],[],[],[],[],[],["SteroidPotion"],[],[],[],[],["GamblersBrew","SteroidPotion"]],"relics":["PureWater","TheAbacus","PreservedInsect","Orichalcum","Smiling Mask","Akabeko","Runic Pyramid","ClockworkSouvenir","Red Mask","Oddly Smooth Stone","Juzu Bracelet"],"potions_floor_usage":[28,33,33],"damage_taken":[{"damage":0.0,"enemies":"Cultist","floor":1.0,"turns":3.0},{"damage":2.0,"enemies":"Jaw Worm","floor":2.0,"turns":3.0},{"damage":3.0,"enemies":"2 Louse","floor":3.0,"turns":2.0},{"damage":12.0,"enemies":"Large Slime","floor":6.0,"turns":3.0},{"damage":22.0,"enemies":"3 Sentries","floor":7.0,"turns":4.0},{"damage":4.0,"enemies":"Red Slaver","floor":10.0,"turns":4.0},{"damage":0.0,"enemies":"Exordium Thugs","floor":11.0,"turns":1.0},{"damage":15.0,"enemies":"3 Louse","floor":12.0,"turns":4.0},{"damage":11.0,"enemies":"Lagavulin","floor":14.0,"turns":6.0},{"damage":0.0,"enemies":"Slime Boss","floor":16.0,"turns":4.0},{"damage":0.0,"enemies":"Spheric Guardian","floor":18.0,"turns":3.0},{"damage":5.0,"enemies":"2 Thieves","floor":20.0,"turns":3.0},{"damage":22.0,"enemies":"Masked Bandits","floor":22.0,"turns":3.0},{"damage":25.0,"enemies":"Cultist and Chosen","floor":24.0,"turns":4.0},{"damage":2,"enemies":"Slavers","floor":28,"turns":2},{"damage":6,"enemies":"Snecko","floor":30,"turns":3},{"damage":77,"enemies":"Champ","floor":33,"turns":9}],"seed_played":"-9056274038771342986","neow_bonus_log":{"cardsObtained":["BattleHymn"],"cardsUpgraded":[],"cardsRemoved":[],"cardsTransformed":["Defend_P"],"relicsObtained":[],"maxHpGained":0,"goldGained":0,"damageTaken":0,"goldLost":0,"maxHpLost":0},"potions_obtained":[{"floor":7.0,"key":"Energy Potion"},{"floor":12.0,"key":"Dexterity Potion"},{"floor":14.0,"key":"SmokeBomb"},{"floor":18.0,"key":"AttackPotion"},{"floor":24.0,"key":"SpeedPotion"},{"floor":27,"key":"SteroidPotion"},{"floor":27,"key":"SteroidPotion"},{"floor":28,"key":"GamblersBrew"}],"is_trial":false,"path_per_floor":["M","M","M","?","$","M","E","R","T","M","M","M","T","E","R","B",null,"M","$","M","?","?","R","M","R","T","?","E","R","M","$","R","B"],"character_chosen":"WATCHER","basemod:card_modifiers":[null,null,null,null,null,null,null,null,null,null,null,null,null,null,null,null,null,null,null,null,null],"items_purchased":["TheAbacus","FlurryOfBlows","ClockworkSouvenir","Adaptation","Tantrum"],"campfire_rested":3,"item_purchase_floors":[5,5,19,31,31],"current_hp_per_floor":[61,59,56,56,56,44,22,42,42,38,38,23,23,12,12,12,54,54,54,49,49,27,47,22,42,42,42,40,40,34,34,34,0],"gold":13,"neow_bonus":"TRANSFORM_CARD","is_prod":false,"is_daily":false,"rewards_skipped":[],"chose_seed":false,"campfire_upgraded":3,"win_rate":0,"floor_exit_playtime":[40,70,95,100,110,145,202,205,208,252,292,357,359,429,439,484,493,543,575,622,625,693,699,762,765,767,776,817,830,869,878,884],"timestamp":1682367669,"path_taken":["M","?","M","?","$","?","E","R","T","M","M","M","?","E","R","BOSS","M","$","M","?","?","R","M","R","T","?","E","R","M","$","R","BOSS"],"build_version":"2022-12-18","purchased_purges":2,"victory":false,"max_hp_per_floor":[68,68,68,68,68,68,68,68,68,68,68,68,68,68,68,68,68,68,68,68,68,68,68,68,68,68,68,68,68,68,68,68,68],"relic_stats":{"TheAbacus":[66],"counters":[17,61],"PreservedInsect":70,"Juzu Bracelet":0,"PureWater":[14],"Orichalcum":[78],"Smiling Mask":75,"obtain_stats":[{"TheAbacus":5,"Oddly Smooth Stone":26,"PreservedInsect":7,"Red Mask":22,"Juzu Bracelet":28,"PureWater":0,"Orichalcum":9,"Smiling Mask":13,"Akabeko":14,"Runic Pyramid":17,"ClockworkSouvenir":19},{"TheAbacus":3,"Oddly Smooth Stone":14,"PreservedInsect":5,"Red Mask":13,"Juzu Bracelet":15,"PureWater":0,"Orichalcum":5,"Smiling Mask":8,"Akabeko":9,"Runic Pyramid":10,"ClockworkSouvenir":11},{"TheAbacus":8,"Oddly Smooth Stone":47,"PreservedInsect":15,"Red Mask":43,"Juzu Bracelet":49,"PureWater":0,"Orichalcum":15,"Smiling Mask":24,"Akabeko":30,"Runic Pyramid":34,"ClockworkSouvenir":37}]},"card_choices":[{"not_picked":["CrushJoints","Consecrate"],"picked":"Indignation","floor":1.0},{"not_picked":["FlyingSleeves","Weave"],"picked":"Consecrate","floor":2.0},{"not_picked":["PathToVictory","FollowUp","FlyingSleeves"],"picked":"SKIP","floor":3.0},{"not_picked":["LikeWater","JustLucky","FlurryOfBlows"],"picked":"SKIP","floor":6.0},{"not_picked":["Crescendo","DeceiveReality"],"picked":"Conclude","floor":7.0},{"not_picked":["ThirdEye","DeceiveReality","Sanctity"],"picked":"SKIP","floor":10.0},{"not_picked":["Halt","Protect"],"picked":"ClearTheMind","floor":11.0},{"not_picked":["Collect","FlyingSleeves","BattleHymn"],"picked":"SKIP","floor":12.0},{"not_picked":["Perseverance","WindmillStrike"],"picked":"Evaluate","floor":14.0},{"not_picked":["ConjureBlade","Brilliance","Wish"],"picked":"SKIP","floor":16.0},{"not_picked":["CrushJoints","Halt"],"picked":"Crescendo","floor":18.0},{"not_picked":["Indignation","Protect"],"picked":"ThirdEye+1","floor":20.0},{"not_picked":["FlyingSleeves","Fasting2"],"picked":"Crescendo+1","floor":22.0},{"not_picked":["CrushJoints+1","Meditate","Halt"],"picked":"SKIP","floor":24.0},{"not_picked":["ReachHeaven","Protect","FlyingSleeves"],"picked":"SKIP","floor":28},{"not_picked":["Wireheading","FlyingSleeves"],"picked":"Wallop","floor":30}],"player_experience":1887119,"relics_obtained":[{"floor":7.0,"key":"PreservedInsect"},{"floor":9.0,"key":"Orichalcum"},{"floor":13.0,"key":"Smiling Mask"},{"floor":14.0,"key":"Akabeko"},{"floor":22.0,"key":"Red Mask"},{"floor":26,"key":"Oddly Smooth Stone"},{"floor":28,"key":"Juzu Bracelet"}],"event_choices":[{"damage_healed":0.0,"max_hp_gain":0.0,"max_hp_loss":0.0,"gold_gain":50.0,"event_name":"Golden Shrine","player_choice":"Pray","floor":4.0,"gold_loss":0.0,"damage_taken":0.0},{"damage_healed":0.0,"max_hp_gain":0.0,"max_hp_loss":0.0,"gold_gain":0.0,"event_name":"The Mausoleum","player_choice":"Ignored","floor":21.0,"gold_loss":0.0,"damage_taken":0.0},{"damage_healed":0.0,"max_hp_gain":0.0,"max_hp_loss":0.0,"gold_gain":0.0,"event_name":"Masked Bandits","player_choice":"Fought Bandits","floor":22.0,"gold_loss":0.0,"damage_taken":0.0},{"damage_healed":0,"gold_gain":0,"player_choice":"Bought 2 Potions","damage_taken":0,"max_hp_gain":0,"max_hp_loss":0,"event_name":"The Woman in Blue","floor":27,"gold_loss":0}],"is_beta":false,"boss_relics":[{"not_picked":["Snecko Eye","Fusion Hammer"],"picked":"Runic Pyramid"}],"items_purged_floors":[19,31],"is_endless":false,"potions_floor_spawned":[7,12,14,18,24,28],"killed_by":"Champ","ascension_level":20,"potion_discard_per_floor":[[],[],[],[],[],[],[],[],[],[],[],[],[],[],[],[],[],["SmokeBomb"],[],[],[],[],[],[],[],[],["Dexterity Potion","SpeedPotion"],[],[],[],[],[],[]]}