{"neow_bonuses_skipped_log":["RANDOM_COLORLESS","HUNDRED_GOLD","BOSS_RELIC"],"potions_obtained_entropic_brew":[[],[],[],[],[],[],[],["EssenceOfSteel","Explosive Potion"]],"neow_costs_skipped_log":["NONE","NONE","NONE"],"gold_per_floor":[18,18,31,43,54,54,82,82],"floor_reached":8,"playtime":175,"items_purged":[],"score":116,"play_id":"820fa17b-4cc3-4001-8d8c-40e7d5156ad8","local_time":"20230424201114","score_breakdown":["Floors Climbed (8): 40","Enemies Slain (4): 8","Exordium Elites Killed (1): 10","Bosses Slain (0): 0","Ascension (20): 58"],"is_ascension_mode":true,"potions_obtained_alchemize":[[],[],[],[],[],[],[],[]],"campfire_choices":[{"data":"Eruption","floor":6,"key":"SMITH"}],"lesson_learned_per_floor":[[],[],[],[],[],[],[],[]],"neow_cost":"NO_GOLD","improvable_cards":{},"seed_source_timestamp":1096540059894200,"shop_contents":[],"circlet_count":0,"master_deck":["AscendersBane","Strike_P","Strike_P","Strike_P","Defend_P","Defend_P","Eruption+1","Vigilance","BowlingBash","FlurryOfBlows","FlyingSleeves","Consecrate","Crescendo"],"potion_use_per_floor":[[],[],[],[],[],[],[],["DuplicationPotion","EntropicBrew","EssenceOfSteel"]],"relics":["PureWater","Art of War"],"potions_floor_usage":[8,8,8],"damage_taken":[{"damage":0,"enemies":"Cultist","floor":1,"turns":2},{"damage":2,"enemies":"2 Louse","floor":3,"turns":2},{"damage":0,"enemies":"Small Slimes","floor":4,"turns":1},{"damage":9,"enemies":"Looter","floor":5,"turns":3},{"damage":35,"enemies":"3 Sentries","floor":7,"turns":4},{"damage":19,"enemies":"Exordium Thugs","floor":8,"turns":1}],"seed_played":"-2724044260897275458","neow_bonus_log":{"cardsObtained":[],"cardsUpgraded":[],"cardsRemoved":["Defend_P","Defend_P"],"cardsTransformed":[],"relicsObtained":[],"maxHpGained":0,"goldGained":0,"damageTaken":0,"goldLost":99,"maxHpLost":0},"potions_obtained":[{"floor":1,"key":"DuplicationPotion"},{"floor":5,"key":"Energy Potion"},{"floor":7,"key":"EntropicBrew"}],"is_trial":false,"path_per_floor":["M","?","M","M","M","R","E","M"],"character_chosen":"WATCHER","basemod:card_modifiers":[null,null,null,null,null,null,null,null,null,null,null,null,null],"items_purchased":[],"campfire_rested":0,"item_purchase_floors":[],"current_hp_per_floor":[61,61,59,59,50,50,15,0],"gold":82,"neow_bonus":"REMOVE_TWO","is_prod":false,"is_daily":false,"rewards_skipped":[],"chose_seed":false,"campfire_upgraded":1,"win_rate":0,"floor_exit_playtime":[26,32,49,63,87,93,157],"timestamp":1682381474,"path_taken":["M","?","M","M","M","R","E","M"],"build_version":"2022-12-18","purchased_purges":0,"victory":false,"max_hp_per_floor":[68,68,68,68,68,68,68,68],"relic_stats":{"counters":[6,13],"Art of War":[0],"PureWater":[3],"obtain_stats":[{"Art of War":7,"PureWater":0},{"Art of War":5,"PureWater":0},{"Art of War":12,"PureWater":0}]},"card_choices":[{"not_picked":["Meditate","WreathOfFlame"],"picked":"BowlingBash","floor":1},{"not_picked":["CutThroughFate","ClearTheMind"],"picked":"FlurryOfBlows","floor":3},{"not_picked":["Evaluate","BowlingBash"],"picked":"FlyingSleeves","floor":4},{"not_picked":["DevaForm","WindmillStrike"],"picked":"Consecrate","floor":5},{"not_picked":["Swivel","Wireheading"],"picked":"Crescendo","floor":7}],"player_experience":1900955,"relics_obtained":[{"floor":7,"key":"Art of War"}],"event_choices":[{"cards_removed":["Strike_P"],"damage_healed":0,"gold_gain":0,"player_choice":"Forget","damage_taken":0,"max_hp_gain":0,"max_hp_loss":0,"event_name":"Living Wall","floor":2,"gold_loss":0}],"is_beta":false,"boss_relics":[],"items_purged_floors":[],"is_endless":false,"potions_floor_spawned":[1,5,7],"killed_by":"Exordium Thugs","ascension_level":20,"potion_discard_per_floor":[[],[],[],[],[],[],["Energy Potion"],[]]}