{"neow_bonuses_skipped_log":["TEN_PERCENT_HP_BONUS","RANDOM_COLORLESS_2","BOSS_RELIC"],"neow_costs_skipped_log":["NONE","CURSE","NONE"],"potions_obtained_entropic_brew":[[],[],[],[],[],[],[],[],[],[],[],[],[],[],[],[],[],[],[],[],[],[],[],[],[],[],[],[],[],[],[],[],[],[],[],[],[],[],[],[],[],[],[],[],[],[],[],[],[],[],[],[],[],[],[],[],[]],"gold_per_floor":[119,134,145,70,70,101,116,116,116,131,161,161,179,205,205,283,283,299,35,35,35,55,55,82,100,123,138,170,181,216,143,143,221,221,235,253,253,278,297,332,332,269,293,293,307,337,337,213,213,213,213,213,213,28,56,56],"floor_reached":57,"playtime":3736,"items_purged":["Strike_P","Defend_P","Strike_P","Defend_P","Meditate+1"],"score":2930,"play_id":"3184bcb0-b8b8-49f6-8788-059b2db56d6f","local_time":"20230422032304","falling_options_log":["Indignation+1","Establishment+1"],"score_breakdown":["Floors Climbed (57): 285","Enemies Slain (15): 30","Exordium Elites Killed (3): 30","City Elites Killed (3): 60","Beyond Elites Killed (2): 60","Bosses Slain (5): 750","Champion (2): 50","Perfect (1): 50","C-c-c-combo: 25","Ascension (20): 1340","Heartbreaker: 250"],"is_ascension_mode":true,"potions_obtained_alchemize":[[],[],[],[],[],[],[],[],[],[],[],[],[],[],[],[],[],[],[],[],[],[],[],[],[],[],[],[],[],[],[],[],[],[],[],[],[],[],[],[],[],[],[],[],[],[],[],[],[],[],[],[],[],[],[],[],[]],"campfire_choices":[{"data":"EmptyFist","floor":8.0,"key":"SMITH"},{"data":"FlurryOfBlows","floor":12.0,"key":"SMITH"},{"data":"Indignation","floor":15.0,"key":"SMITH"},{"data":"Meditate","floor":23.0,"key":"SMITH"},{"data":"Establishment","floor":32.0,"key":"SMITH"},{"data":"Vault","floor":41.0,"key":"SMITH"},{"floor":49.0,"key":"RECALL"},{"floor":53.0,"key":"REST"}],"lesson_learned_per_floor":[[],[],[],[],[],[],[],[],[],[],[],[],[],[],[],[],[],[],[],[],[],[],[],[],[],[],[],[],[],[],[],[],[],[],[],[],[],[],[],[],[],[],[],[],[],[],[],[],[],[],[],[],[],[],[],[],[]],"neow_cost":"NONE","improvable_cards":{},"seed_source_timestamp":0,"shop_contents":[{"floor":19,"relics":["Lantern","Pen Nib","Singing Bowl"],"cards":["SignatureMove","JustLucky","ThirdEye","ClearTheMind","Fasting2","Finesse","HandOfGreed"],"potions":["FairyPotion","ColorlessPotion","BottledMiracle"]},{"floor":31,"relics":["MealTicket","Ancient Tea Set","Cauldron"],"cards":["SandsOfTime","CutThroughFate","EmptyBody","Evaluate","Study","Purity","Metamorphosis"],"potions":["Weak Potion","StancePotion","GamblersBrew"]},{"floor":42,"relics":["Art of War","Nunchaku","Frozen Eye"],"cards":["FlyingSleeves","CutThroughFate","WreathOfFlame","Meditate","Fasting2","Mind Blast","Thinking Ahead"],"potions":["Block Potion","Strength Potion","DistilledChaos"]},{"floor":48,"relics":["PreservedInsect","Vajra","Sling"],"cards":["WindmillStrike","TalkToTheHand","ThirdEye","ForeignInfluence","Fasting2","Deep Breath","Secret Technique"],"potions":["Block Potion","SteroidPotion","Regen Potion"]},{"floor":54,"relics":["Boot","Eternal Feather","Centennial Puzzle"],"cards":["WindmillStrike","EmptyFist","Indignation","Evaluate","Study","Bandage Up","Apotheosis"],"potions":["Strength Potion","Explosive Potion","Dexterity Potion"]}],"circlet_count":0,"master_deck":["AscendersBane","Strike_P","Eruption+1","Vigilance+1","DeceiveReality+1","InnerPeace","FlurryOfBlows+1","EmptyFist+1","Indignation+1","Establishment+1","Meditate+1","Vault+1","Prostrate+1","MentalFortress+1","Adaptation","Adaptation","Vault+1"],"special_seed":0,"potion_use_per_floor":[[],[],[],[],[],["AttackPotion"],[],[],[],[],["Fire Potion"],[],[],["Explosive Potion"],[],["Swift Potion"],[],[],[],[],[],[],[],["PowerPotion","SteroidPotion"],[],[],[],["SkillPotion","FearPotion","Explosive Potion"],[],[],[],[],["Fruit Juice"],[],["Regen Potion","AttackPotion"],[],[],[],[],[],[],[],[],[],[],[],[],[],[],["GamblersBrew"],[],[],[],[],[],["DuplicationPotion","SteroidPotion"],[]],"relics":["PureWater","The Courier","White Beast Statue","Blood Vial","Damaru","Runic Pyramid","Membership Card","Mummified Hand","Happy Flower","Potion Belt","Orichalcum","War Paint","Philosopher\u0027s Stone","Turnip","Strawberry","Bronze Scales","DollysMirror","Akabeko"],"potions_floor_usage":[56,56],"damage_taken":[{"damage":0.0,"enemies":"Cultist","floor":1.0,"turns":2.0},{"damage":1.0,"enemies":"Small Slimes","floor":2.0,"turns":3.0},{"damage":0.0,"enemies":"Jaw Worm","floor":3.0,"turns":5.0},{"damage":14.0,"enemies":"3 Sentries","floor":6.0,"turns":9.0},{"damage":9.0,"enemies":"2 Fungi Beasts","floor":7.0,"turns":2.0},{"damage":8.0,"enemies":"Blue Slaver","floor":10.0,"turns":3.0},{"damage":0.0,"enemies":"Gremlin Nob","floor":11.0,"turns":2.0},{"damage":0.0,"enemies":"3 Louse","floor":13.0,"turns":2.0},{"damage":15.0,"enemies":"3 Sentries","floor":14.0,"turns":3.0},{"damage":0.0,"enemies":"Hexaghost","floor":16.0,"turns":4.0},{"damage":2.0,"enemies":"3 Byrds","floor":18.0,"turns":5.0},{"damage":0.0,"enemies":"Spheric Guardian","floor":22.0,"turns":2.0},{"damage":11.0,"enemies":"Book of Stabbing","floor":24.0,"turns":3.0},{"damage":3.0,"enemies":"Snake Plant","floor":25.0,"turns":3.0},{"damage":18.0,"enemies":"Centurion and Healer","floor":27.0,"turns":3.0},{"damage":18.0,"enemies":"Slavers","floor":28.0,"turns":3.0},{"damage":0.0,"enemies":"Snecko","floor":29.0,"turns":2.0},{"damage":5.0,"enemies":"Book of Stabbing","floor":30.0,"turns":4.0},{"damage":9.0,"enemies":"Collector","floor":33.0,"turns":8.0},{"damage":1.0,"enemies":"3 Shapes","floor":35.0,"turns":4.0},{"damage":0.0,"enemies":"3 Darklings","floor":36.0,"turns":4.0},{"damage":0.0,"enemies":"Mind Bloom Boss Battle","floor":38.0,"turns":3.0},{"damage":5.0,"enemies":"4 Shapes","floor":39.0,"turns":5.0},{"damage":8.0,"enemies":"Nemesis","floor":40.0,"turns":4.0},{"damage":0.0,"enemies":"Transient","floor":45.0,"turns":7.0},{"damage":0.0,"enemies":"Giant Head","floor":46.0,"turns":8.0},{"damage":43.0,"enemies":"Awakened One","floor":50.0,"turns":7.0},{"damage":14.0,"enemies":"Donu and Deca","floor":51.0,"turns":5.0},{"damage":8.0,"enemies":"Shield and Spear","floor":55.0,"turns":7.0},{"damage":26,"enemies":"The Heart","floor":56,"turns":8}],"green_key_taken_log":28,"seed_played":"-503587539856118141","neow_bonus_log":{"cardsObtained":["DeceiveReality"],"cardsUpgraded":[],"cardsRemoved":[],"cardsTransformed":["Defend_P"],"relicsObtained":[],"maxHpGained":0,"goldGained":0,"damageTaken":0,"goldLost":0,"maxHpLost":0},"potions_obtained":[{"floor":3.0,"key":"AttackPotion"},{"floor":6.0,"key":"Explosive Potion"},{"floor":10.0,"key":"Fire Potion"},{"floor":11.0,"key":"Swift Potion"},{"floor":14.0,"key":"SteroidPotion"},{"floor":16.0,"key":"DistilledChaos"},{"floor":18.0,"key":"PowerPotion"},{"floor":24.0,"key":"Explosive Potion"},{"floor":25.0,"key":"FearPotion"},{"floor":27.0,"key":"SkillPotion"},{"floor":28.0,"key":"GamblersBrew"},{"floor":29.0,"key":"Fruit Juice"},{"floor":30.0,"key":"EntropicBrew"},{"floor":33.0,"key":"Regen Potion"},{"floor":35.0,"key":"SteroidPotion"},{"floor":36.0,"key":"DistilledChaos"},{"floor":38.0,"key":"StancePotion"},{"floor":40.0,"key":"Fire Potion"},{"floor":55.0,"key":"SteroidPotion"}],"is_trial":false,"path_per_floor":["M","M","M","?","?","E","M","R","T","M","E","R","M","E","R","B",null,"M","$","?","?","M","R","E","M","T","M","E","M","E","$","R","B",null,"M","M","?","?","M","E","R","$","T","?","M","E","?","$","R","B","B",null,"R","$","E","B",null],"character_chosen":"WATCHER","basemod:card_modifiers":[null,null,null,null,null,null,null,null,null,null,null,null,null,null,null,null,null],"items_purchased":["Membership Card","Mummified Hand","AttackPotion","Adaptation","Adaptation","DollysMirror","DuplicationPotion"],"campfire_rested":1,"item_purchase_floors":[19,19,31,48,48,54,54],"current_hp_per_floor":[61,60,60,60,60,46,37,37,37,29,29,29,31,18,18,20,56,56,56,56,56,58,58,49,48,48,32,16,18,15,15,15,13,58,71,73,73,73,68,69,69,69,69,59,61,63,63,63,63,22,10,63,80,80,72,48],"gold":56,"neow_bonus":"TRANSFORM_CARD","is_prod":false,"is_daily":false,"rewards_skipped":[{"floor":13,"relics":[],"potions":["Weak Potion"]},{"floor":22,"relics":[],"potions":["SneckoOil"]},{"floor":39,"relics":[],"potions":["DuplicationPotion"]},{"floor":45,"relics":[],"potions":["LiquidMemories"]},{"floor":46,"relics":[],"potions":["Dexterity Potion"]}],"chose_seed":false,"campfire_upgraded":6,"win_rate":0,"floor_exit_playtime":[35,62,117,124,131,240,279,285,288,317,346,354,401,476,483,575,591,670,693,696,703,733,740,806,865,868,915,981,1033,1126,1150,1167,1338,1364,1455,1530,1538,1619,1748,1821,1827,1841,1844,1870,2023,2195,2198,2216,2218,2611,2858,2871,2879,3047,3343,3736],"timestamp":1682148184,"blue_key_relic_skipped_log":{"floor":43,"relicID":"CeramicFish"},"path_taken":["M","M","M","?","?","E","M","R","T","M","E","R","M","E","R","BOSS","M","$","?","?","M","R","E","M","T","M","E","?","E","$","R","BOSS","M","M","?","?","M","E","R","$","T","?","M","E","?","$","R","BOSS","BOSS","R","$","E","BOSS"],"build_version":"2022-12-18","purchased_purges":5,"victory":true,"max_hp_per_floor":[68,68,68,68,68,68,68,68,68,68,68,68,68,68,68,68,68,68,68,68,68,68,68,68,68,68,68,68,68,68,68,68,73,73,73,73,73,73,73,80,80,80,80,80,80,80,80,80,80,80,80,80,80,80,80,80],"relic_stats":{"Happy Flower":[28],"counters":[30,130],"The Courier":739,"Orichalcum":[54],"War Paint":["Vigilance","DeceiveReality"],"White Beast Statue":[0.0,0.0,0.0,0.4,0.0,0.6000000000000001,0.0,0.0,0.0,0.0,0.0,10.071966464],"Blood Vial":40,"Mummified Hand":[38],"Bronze Scales":[105],"Turnip":[2],"Membership Card":739,"PureWater":[29],"obtain_stats":[{"Potion Belt":26,"Happy Flower":24,"Damaru":14,"The Courier":6,"Orichalcum":28,"War Paint":30,"White Beast Statue":9,"Akabeko":55,"Blood Vial":11,"Mummified Hand":19,"DollysMirror":54,"Strawberry":40,"Bronze Scales":46,"Philosopher\u0027s Stone":34,"Turnip":38,"Membership Card":19,"PureWater":0,"Runic Pyramid":17},{"Potion Belt":14,"Happy Flower":13,"Damaru":9,"The Courier":4,"Orichalcum":16,"War Paint":18,"White Beast Statue":5,"Akabeko":29,"Blood Vial":7,"Mummified Hand":11,"DollysMirror":28,"Strawberry":24,"Bronze Scales":26,"Philosopher\u0027s Stone":19,"Turnip":22,"Membership Card":11,"PureWater":0,"Runic Pyramid":10},{"Potion Belt":48,"Happy Flower":45,"Damaru":31,"The Courier":19,"Orichalcum":54,"War Paint":60,"White Beast Statue":21,"Akabeko":122,"Blood Vial":26,"Mummified Hand":40,"DollysMirror":115,"Strawberry":88,"Bronze Scales":103,"Philosopher\u0027s Stone":68,"Turnip":79,"Membership Card":40,"PureWater":0,"Runic Pyramid":35}]},"card_choices":[{"not_picked":["JustLucky","FollowUp"],"picked":"InnerPeace","floor":1.0},{"not_picked":["Perseverance","WaveOfTheHand","InnerPeace"],"picked":"SKIP","floor":2.0},{"not_picked":["FollowUp","EmptyFist"],"picked":"FlurryOfBlows","floor":3.0},{"not_picked":["ForeignInfluence","ConjureBlade","EmptyFist"],"picked":"SKIP","floor":6.0},{"not_picked":["ClearTheMind","Prostrate"],"picked":"EmptyFist","floor":7.0},{"not_picked":["CutThroughFate","FlurryOfBlows","Wireheading"],"picked":"SKIP","floor":10.0},{"not_picked":["Sanctity","Swivel"],"picked":"Indignation","floor":11.0},{"not_picked":["Wish","ForeignInfluence","Halt"],"picked":"SKIP","floor":13.0},{"not_picked":["Fasting2","Collect"],"picked":"CarveReality","floor":14.0},{"not_picked":["Brilliance","SpiritShield"],"picked":"Establishment","floor":16.0},{"not_picked":["SandsOfTime+1","Halt"],"picked":"Meditate","floor":18.0},{"not_picked":["Evaluate","Vengeance","JustLucky"],"picked":"SKIP","floor":22.0},{"not_picked":["SashWhip","CrushJoints"],"picked":"Meditate+1","floor":24.0},{"not_picked":["Pray","FollowUp","BowlingBash+1"],"picked":"SKIP","floor":25.0},{"not_picked":["CrushJoints","FlyingSleeves+1","ClearTheMind"],"picked":"SKIP","floor":27.0},{"not_picked":["Indignation","SignatureMove"],"picked":"Vault","floor":28.0},{"not_picked":["JustLucky","Consecrate","Protect"],"picked":"SKIP","floor":29.0},{"not_picked":["Pray","DeceiveReality+1","Tantrum"],"picked":"SKIP","floor":30.0},{"not_picked":["ConjureBlade","Omniscience","DevaForm"],"picked":"SKIP","floor":33.0},{"not_picked":["SashWhip","ClearTheMind","WindmillStrike"],"picked":"SKIP","floor":35.0},{"not_picked":["InnerPeace","LikeWater+1","Vengeance+1"],"picked":"SKIP","floor":36.0},{"not_picked":["ThirdEye","WheelKick","LikeWater+1"],"picked":"SKIP","floor":38.0},{"not_picked":["Prostrate+1","EmptyBody","PathToVictory"],"picked":"SKIP","floor":39.0},{"not_picked":["Prostrate+1","EmptyBody","PathToVictory"],"picked":"SKIP","floor":39.0},{"not_picked":["EmptyBody","PathToVictory"],"picked":"Prostrate+1","floor":39.0},{"not_picked":["JustLucky","DeusExMachina","CarveReality"],"picked":"SKIP","floor":40.0},{"not_picked":["Madness","Trip","Apotheosis"],"picked":"SKIP","floor":44.0},{"not_picked":["Swift Strike","Forethought","Discovery"],"picked":"SKIP","floor":44.0},{"not_picked":["Forethought","Madness","Panache"],"picked":"SKIP","floor":44.0},{"not_picked":["Worship","BattleHymn"],"picked":"MentalFortress+1","floor":45.0},{"not_picked":["FlurryOfBlows+1","ClearTheMind+1","Sanctity+1"],"picked":"SKIP","floor":46.0},{"not_picked":["Pray+1","WindmillStrike","Vengeance"],"picked":"SKIP","floor":55.0}],"player_experience":1868823,"relics_obtained":[{"floor":6.0,"key":"The Courier"},{"floor":9.0,"key":"White Beast Statue"},{"floor":11.0,"key":"Blood Vial"},{"floor":14.0,"key":"Damaru"},{"floor":24.0,"key":"Happy Flower"},{"floor":26.0,"key":"Potion Belt"},{"floor":28.0,"key":"Orichalcum"},{"floor":30.0,"key":"War Paint"},{"floor":38.0,"key":"Turnip"},{"floor":40.0,"key":"Strawberry"},{"floor":46.0,"key":"Bronze Scales"},{"floor":55.0,"key":"Akabeko"}],"event_choices":[{"cards_removed":["Defend_P"],"damage_healed":0.0,"max_hp_gain":0.0,"max_hp_loss":0.0,"gold_gain":0.0,"event_name":"The Cleric","player_choice":"Card Removal","floor":4.0,"gold_loss":75.0,"damage_taken":0.0},{"damage_healed":0.0,"max_hp_gain":0.0,"max_hp_loss":0.0,"gold_gain":0.0,"event_name":"Accursed Blacksmith","player_choice":"Forge","floor":5.0,"gold_loss":0.0,"damage_taken":0.0,"cards_upgraded":["Eruption"]},{"damage_healed":0.0,"max_hp_gain":0.0,"max_hp_loss":0.0,"gold_gain":0.0,"event_name":"Ghosts","player_choice":"Ignored","floor":20.0,"gold_loss":0.0,"damage_taken":0.0},{"cards_removed":["Strike_P"],"damage_healed":0.0,"max_hp_gain":0.0,"max_hp_loss":0.0,"gold_gain":0.0,"event_name":"Purifier","player_choice":"Purged","floor":21.0,"gold_loss":0.0,"damage_taken":0.0},{"cards_removed":["CarveReality"],"damage_healed":0.0,"max_hp_gain":0.0,"max_hp_loss":0.0,"gold_gain":0.0,"event_name":"Falling","player_choice":"Removed Attack","floor":37.0,"gold_loss":0.0,"damage_taken":0.0},{"damage_healed":0.0,"max_hp_gain":0.0,"max_hp_loss":0.0,"gold_gain":0.0,"event_name":"MindBloom","player_choice":"Fight","floor":38.0,"gold_loss":0.0,"damage_taken":0.0},{"damage_healed":0.0,"max_hp_gain":0.0,"max_hp_loss":0.0,"gold_gain":0.0,"event_name":"SensoryStone","player_choice":"Memory 3","floor":44.0,"gold_loss":0.0,"damage_taken":10.0},{"damage_healed":0.0,"max_hp_gain":0.0,"max_hp_loss":0.0,"gold_gain":0.0,"event_name":"Tomb of Lord Red Mask","player_choice":"Ignored","floor":47.0,"gold_loss":0.0,"damage_taken":0.0}],"is_beta":false,"boss_relics":[{"not_picked":["Sozu","Runic Dome"],"picked":"Runic Pyramid"},{"not_picked":["Pandora\u0027s Box","Velvet Choker"],"picked":"Philosopher\u0027s Stone"}],"items_purged_floors":[19,31,42,48,54],"is_endless":false,"potions_floor_spawned":[3,6,10,11,13,14,16,18,22,24,25,27,28,29,30,33,35,36,38,39,40,45,46,55],"ascension_level":20,"potion_discard_per_floor":[[],[],[],[],[],[],[],[],[],[],[],[],[],[],[],[],[],["DistilledChaos"],[],[],[],[],[],[],[],[],[],[],[],[],[],[],[],[],[],[],[],["DistilledChaos"],[],["StancePotion"],[],[],[],[],[],[],[],[],[],[],[],[],[],[],["Fire Potion"],[],[]]}