{"neow_bonuses_skipped_log":["TRANSFORM_CARD","THREE_ENEMY_KILL","BOSS_RELIC"],"neow_costs_skipped_log":["NONE","NONE","NONE"],"potions_obtained_entropic_brew":[[],[],[],[],[],[],[],[],[],[],[],[],[],[],[],[],[],[],[],[],[],[],[],[],[],[],[],[],[],[],[],[],[],[],[],[],[],[],[],[],[],[],[],[],[],[],[],[],[],[],[],[],[],[],[],[]],"gold_per_floor":[118,43,59,71,71,71,101,117,142,142,158,186,186,219,219,295,295,305,191,202,202,214,214,249,259,259,269,8,41,52,69,69,142,142,155,30,48,62,82,115,115,115,139,139,149,165,516,516,516,516,516,516,516,40,71,71],"floor_reached":56,"playtime":2821,"items_purged":["Strike_P","Strike_P","Defend_P","Defend_P"],"score":2207,"play_id":"0e763621-53a1-4c66-a6a1-837871cee3d0","local_time":"20230422055116","score_breakdown":["Floors Climbed (56): 280","Enemies Slain (18): 36","Exordium Elites Killed (3): 30","City Elites Killed (2): 40","Beyond Elites Killed (1): 30","Bosses Slain (4): 500","Money Money (1023): 25","Champion (2): 50","Perfect (2): 100","C-c-c-combo: 25","Ascension (20): 1091"],"is_ascension_mode":true,"potions_obtained_alchemize":[[],[],[],[],[],[],[],[],[],[],[],[],[],[],[],[],[],[],[],[],[],[],[],[],[],[],[],[],[],[],[],[],[],[],[],[],[],[],[],[],[],[],[],[],[],[],[],[],[],[],[],[],[],[],[],[]],"campfire_choices":[{"data":"Eruption","floor":6.0,"key":"SMITH"},{"data":"Tantrum","floor":10.0,"key":"SMITH"},{"data":"CrushJoints","floor":13.0,"key":"SMITH"},{"data":"FlurryOfBlows","floor":15.0,"key":"SMITH"},{"data":"Adaptation","floor":23.0,"key":"SMITH"},{"data":"EmptyMind","floor":32.0,"key":"SMITH"},{"floor":44.0,"key":"REST"},{"floor":49.0,"key":"RECALL"},{"data":"JustLucky","floor":53.0,"key":"SMITH"}],"lesson_learned_per_floor":[[],[],[],[],[],[],[],[],[],[],[],[],[],[],[],[],[],[],[],[],[],[],[],[],[],[],[],[],[],[],[],[],[],[],[],[],[],[],[],[],[],[],[],[],[],[],[],[],[],[],[],[],[],[],[],[]],"neow_cost":"TEN_PERCENT_HP_LOSS","improvable_cards":{},"seed_source_timestamp":869459140746200,"shop_contents":[{"floor":19,"relics":["Torii","Shuriken","Sling"],"cards":["Tantrum","ReachHeaven","Prostrate","Sanctity","Bandage Up","Secret Weapon"],"potions":["SkillPotion","Fruit Juice","AttackPotion"]},{"floor":28,"relics":["StrikeDummy","TungstenRod"],"cards":["Wallop","Consecrate","Swivel","ClearTheMind","Wireheading","Discovery","Magnetism"],"potions":["PowerPotion","AttackPotion","SpeedPotion"]},{"floor":36,"relics":["Kunai","Centennial Puzzle","PrismaticShard"],"cards":["Consecrate","WindmillStrike","Swivel","ClearTheMind","Fasting2","Panacea","HandOfGreed"],"potions":["Block Potion","SpeedPotion","Strength Potion"]},{"floor":42,"relics":["MealTicket","Ancient Tea Set","Medical Kit"],"cards":["LessonLearned","Weave","Halt","EmptyBody","Study","Jack Of All Trades","Panache"],"potions":["StancePotion","AttackPotion","SteroidPotion"]},{"floor":54,"relics":["Gremlin Horn","Blue Candle"],"cards":["CutThroughFate","CarveReality","Crescendo","Protect","Nirvana","Deep Breath","Sadistic Nature"],"potions":["Explosive Potion"]}],"circlet_count":0,"master_deck":["AscendersBane","Eruption+1","Vigilance","Brilliance","JustLucky+1","CarveReality","Tantrum+1","EmptyMind+1","CrushJoints+1","FlurryOfBlows+1","Adaptation+1","FearNoEvil","InnerPeace+1","TalkToTheHand+1","ClearTheMind+1","Sanctity+1"],"special_seed":0,"potion_use_per_floor":[[],[],[],[],[],[],[],[],[],[],[],[],[],["Fruit Juice"],[],[],[],["LiquidBronze"],[],["GamblersBrew"],[],[],[],[],[],[],[],[],["Weak Potion","Block Potion"],[],[],[],["StancePotion"],[],[],[],[],[],["Fire Potion","AttackPotion"],[],[],[],[],[],[],[],["DuplicationPotion"],[],[],[],[],[],[],[],["DistilledChaos"],["LiquidBronze"]],"relics":["PureWater","Toy Ornithopter","Orichalcum","Nunchaku","Strawberry","Runic Pyramid","Prayer Wheel","Eternal Feather","OrangePellets","Du-Vu Doll","Empty Cage","Blood Vial","Old Coin","Frozen Eye","Bronze Scales"],"potions_floor_usage":[56],"damage_taken":[{"damage":0.0,"enemies":"2 Louse","floor":1.0,"turns":2.0},{"damage":7.0,"enemies":"Small Slimes","floor":3.0,"turns":2.0},{"damage":0.0,"enemies":"Cultist","floor":4.0,"turns":2.0},{"damage":0.0,"enemies":"Lagavulin","floor":7.0,"turns":4.0},{"damage":0.0,"enemies":"Exordium Wildlife","floor":8.0,"turns":3.0},{"damage":0.0,"enemies":"Exordium Thugs","floor":11.0,"turns":2.0},{"damage":0.0,"enemies":"Gremlin Nob","floor":12.0,"turns":2.0},{"damage":2.0,"enemies":"3 Sentries","floor":14.0,"turns":3.0},{"damage":0.0,"enemies":"Slime Boss","floor":16.0,"turns":3.0},{"damage":8.0,"enemies":"3 Byrds","floor":18.0,"turns":2.0},{"damage":14.0,"enemies":"Shell Parasite","floor":20.0,"turns":2.0},{"damage":4.0,"enemies":"Sentry and Sphere","floor":22.0,"turns":3.0},{"damage":10.0,"enemies":"Gremlin Leader","floor":24.0,"turns":2.0},{"damage":0.0,"enemies":"Chosen and Byrds","floor":25.0,"turns":2.0},{"damage":4.0,"enemies":"Centurion and Healer","floor":27.0,"turns":2.0},{"damage":7.0,"enemies":"Book of Stabbing","floor":29.0,"turns":3.0},{"damage":0.0,"enemies":"Snecko","floor":30.0,"turns":2.0},{"damage":0.0,"enemies":"Sentry and Sphere","floor":31.0,"turns":3.0},{"damage":0.0,"enemies":"Collector","floor":33.0,"turns":2.0},{"damage":0.0,"enemies":"3 Darklings","floor":35.0,"turns":2.0},{"damage":6.0,"enemies":"Orb Walker","floor":37.0,"turns":2.0},{"damage":5.0,"enemies":"Jaw Worm Horde","floor":38.0,"turns":2.0},{"damage":50.0,"enemies":"4 Shapes","floor":39.0,"turns":4.0},{"damage":6.0,"enemies":"Giant Head","floor":40.0,"turns":3.0},{"damage":0.0,"enemies":"Spire Growth","floor":45.0,"turns":2.0},{"damage":0.0,"enemies":"Maw","floor":46.0,"turns":3.0},{"damage":0.0,"enemies":"2 Orb Walkers","floor":47.0,"turns":2.0},{"damage":10.0,"enemies":"Time Eater","floor":50.0,"turns":6.0},{"damage":2.0,"enemies":"Awakened One","floor":51.0,"turns":5.0},{"damage":8.0,"enemies":"Shield and Spear","floor":55.0,"turns":3.0},{"damage":72,"enemies":"The Heart","floor":56,"turns":5}],"green_key_taken_log":29,"seed_played":"8819771310943639387","neow_bonus_log":{"cardsObtained":[],"cardsUpgraded":[],"cardsRemoved":[],"cardsTransformed":[],"relicsObtained":[],"maxHpGained":0,"goldGained":0,"damageTaken":0,"goldLost":0,"maxHpLost":6},"potions_obtained":[{"floor":1.0,"key":"DistilledChaos"},{"floor":4.0,"key":"SneckoOil"},{"floor":5.0,"key":"GamblersBrew"},{"floor":12.0,"key":"Fruit Juice"},{"floor":14.0,"key":"Regen Potion"},{"floor":16.0,"key":"LiquidBronze"},{"floor":20.0,"key":"Block Potion"},{"floor":25.0,"key":"Weak Potion"},{"floor":29.0,"key":"StancePotion"},{"floor":33.0,"key":"Fire Potion"},{"floor":37.0,"key":"AttackPotion"},{"floor":46.0,"key":"DuplicationPotion"},{"floor":47.0,"key":"SpeedPotion"}],"is_trial":false,"path_per_floor":["M","?","M","M","?","R","E","M","T","R","M","E","R","E","R","B",null,"M","$","M","?","M","R","E","M","T","M","$","E","M","M","R","B",null,"M","$","M","M","M","E","?","$","T","R","M","M","?","?","R","B","B",null,"R","$","E","B"],"character_chosen":"WATCHER","basemod:card_modifiers":[null,null,null,null,null,null,null,null,null,null,null,null,null,null,null,null],"items_purchased":["Adaptation","OrangePellets","Frozen Eye","LiquidBronze","DistilledChaos"],"campfire_rested":1,"item_purchase_floors":[19,28,54,54,54],"current_hp_per_floor":[61,61,54,54,54,54,54,54,54,54,54,54,54,69,69,69,73,66,66,57,57,53,53,43,43,43,39,39,42,42,42,51,56,70,70,70,64,59,19,13,13,13,13,43,45,47,54,54,63,55,55,66,70,70,62,0],"gold":71,"neow_bonus":"THREE_RARE_CARDS","is_prod":false,"is_daily":false,"rewards_skipped":[{"floor":5,"relics":[],"potions":["FairyPotion"]},{"floor":38,"relics":[],"potions":["LiquidMemories"]}],"chose_seed":false,"campfire_upgraded":7,"win_rate":0,"floor_exit_playtime":[36,42,76,98,108,124,174,217,219,232,271,311,317,387,393,442,466,522,535,580,587,661,669,727,772,777,826,847,937,991,1059,1067,1147,1179,1263,1278,1322,1411,1512,1567,1576,1589,1592,1595,1642,1722,1830,1833,1837,2121,2362,2377,2385,2417,2573],"timestamp":1682157076,"blue_key_relic_skipped_log":{"floor":43,"relicID":"Art of War"},"path_taken":["M","?","M","M","?","R","E","M","T","R","?","E","R","E","R","BOSS","M","$","M","?","?","R","E","M","T","M","$","E","M","M","R","BOSS","M","$","M","M","M","E","?","$","T","R","M","M","?","?","R","BOSS","BOSS","R","$","E","BOSS"],"build_version":"2022-12-18","purchased_purges":4,"victory":false,"max_hp_per_floor":[62,62,62,62,62,62,62,62,62,62,62,62,62,74,74,74,74,74,74,74,74,74,74,74,74,74,74,74,74,74,74,74,74,74,74,74,74,74,74,74,70,70,70,70,70,70,70,70,70,70,70,70,70,70,70,70],"relic_stats":{"Blood Vial":12,"OrangePellets":[6],"Frozen Eye":0.0,"Nunchaku":[40],"counters":[31,85],"Bronze Scales":[48],"Prayer Wheel":10,"Eternal Feather":31,"PureWater":[21],"Orichalcum":[48],"obtain_stats":[{"Eternal Feather":26,"Orichalcum":9,"Empty Cage":34,"Old Coin":47,"Du-Vu Doll":29,"Blood Vial":40,"OrangePellets":28,"Frozen Eye":54,"Nunchaku":12,"Strawberry":14,"Bronze Scales":55,"Prayer Wheel":24,"PureWater":0,"Toy Ornithopter":7,"Runic Pyramid":17},{"Eternal Feather":14,"Orichalcum":5,"Empty Cage":19,"Old Coin":27,"Du-Vu Doll":16,"Blood Vial":24,"OrangePellets":15,"Frozen Eye":29,"Nunchaku":7,"Strawberry":8,"Bronze Scales":30,"Prayer Wheel":13,"PureWater":0,"Toy Ornithopter":4,"Runic Pyramid":9},{"Eternal Feather":34,"Orichalcum":13,"Empty Cage":46,"Old Coin":66,"Du-Vu Doll":39,"Blood Vial":59,"OrangePellets":36,"Frozen Eye":77,"Nunchaku":17,"Strawberry":20,"Bronze Scales":80,"Prayer Wheel":32,"PureWater":0,"Toy Ornithopter":10,"Runic Pyramid":23}],"Toy Ornithopter":46},"card_choices":[{"not_picked":["Ragnarok","Alpha"],"picked":"Brilliance","floor":0.0},{"not_picked":["FollowUp","EmptyBody"],"picked":"JustLucky","floor":1.0},{"not_picked":["JustLucky","Fasting2"],"picked":"CarveReality","floor":3.0},{"not_picked":["CarveReality","EmptyFist"],"picked":"Tantrum","floor":4.0},{"not_picked":["FlyingSleeves","Crescendo"],"picked":"EmptyMind","floor":7.0},{"not_picked":["SignatureMove","ForeignInfluence","Crescendo"],"picked":"SKIP","floor":8.0},{"not_picked":["SashWhip","ThirdEye"],"picked":"CrushJoints","floor":11.0},{"not_picked":["Omniscience","ClearTheMind","Pray"],"picked":"SKIP","floor":12.0},{"not_picked":["Study","CrushJoints","FlurryOfBlows"],"picked":"SKIP","floor":14.0},{"not_picked":["Study","CrushJoints"],"picked":"FlurryOfBlows","floor":14.0},{"not_picked":["ConjureBlade","Wish","SpiritShield"],"picked":"SKIP","floor":16.0},{"not_picked":["CarveReality+1","ReachHeaven","Sanctity"],"picked":"SKIP","floor":18.0},{"not_picked":["FlurryOfBlows+1","Evaluate"],"picked":"FearNoEvil","floor":20.0},{"not_picked":["BowlingBash+1","Protect","FlyingSleeves"],"picked":"SKIP","floor":22.0},{"not_picked":["Wireheading","PathToVictory","JustLucky"],"picked":"SKIP","floor":24.0},{"not_picked":["Protect","SashWhip","ForeignInfluence"],"picked":"SKIP","floor":25.0},{"not_picked":["JustLucky","ThirdEye","Perseverance"],"picked":"SKIP","floor":25.0},{"not_picked":["Conclude+1","FollowUp","CrushJoints"],"picked":"SKIP","floor":27.0},{"not_picked":["SashWhip","ClearTheMind","Conclude"],"picked":"SKIP","floor":27.0},{"not_picked":["SignatureMove","Pray","Study+1"],"picked":"SKIP","floor":29.0},{"not_picked":["WaveOfTheHand","Nirvana"],"picked":"InnerPeace+1","floor":30.0},{"not_picked":["Pray","FlyingSleeves","Halt"],"picked":"SKIP","floor":30.0},{"not_picked":["Pray","FlyingSleeves","Halt"],"picked":"SKIP","floor":30.0},{"not_picked":["BowlingBash","EmptyFist","Establishment"],"picked":"SKIP","floor":31.0},{"not_picked":["Protect","FollowUp","JustLucky+1"],"picked":"SKIP","floor":31.0},{"not_picked":["Establishment","DeusExMachina","Brilliance"],"picked":"SKIP","floor":33.0},{"not_picked":["Meditate","PathToVictory+1","Evaluate"],"picked":"SKIP","floor":35.0},{"not_picked":["Weave","CrushJoints+1","WreathOfFlame"],"picked":"SKIP","floor":35.0},{"not_picked":["DevaForm","Meditate","CrushJoints"],"picked":"SKIP","floor":37.0},{"not_picked":["FollowUp+1","Weave+1","EmptyMind"],"picked":"SKIP","floor":37.0},{"not_picked":["CutThroughFate","SashWhip+1","Consecrate"],"picked":"SKIP","floor":38.0},{"not_picked":["Fasting2","Protect","FollowUp"],"picked":"SKIP","floor":38.0},{"not_picked":["FearNoEvil","SignatureMove","Pray"],"picked":"SKIP","floor":39.0},{"not_picked":["Indignation","CrushJoints","Perseverance"],"picked":"SKIP","floor":39.0},{"not_picked":["EmptyFist","Worship+1"],"picked":"TalkToTheHand+1","floor":40.0},{"not_picked":["ClearTheMind","FlurryOfBlows+1","Wireheading+1"],"picked":"SKIP","floor":45.0},{"not_picked":["Collect","EmptyBody","Wish"],"picked":"SKIP","floor":45.0},{"not_picked":["SashWhip","Crescendo"],"picked":"ClearTheMind+1","floor":46.0},{"not_picked":["Protect","SashWhip","WreathOfFlame"],"picked":"SKIP","floor":46.0},{"not_picked":["FlyingSleeves","FollowUp+1"],"picked":"Sanctity+1","floor":47.0},{"not_picked":["JustLucky+1","Consecrate+1","EmptyBody"],"picked":"SKIP","floor":55.0}],"player_experience":1878424,"relics_obtained":[{"floor":7.0,"key":"Toy Ornithopter"},{"floor":9.0,"key":"Orichalcum"},{"floor":12.0,"key":"Nunchaku"},{"floor":14.0,"key":"Strawberry"},{"floor":24.0,"key":"Prayer Wheel"},{"floor":26.0,"key":"Eternal Feather"},{"floor":29.0,"key":"Du-Vu Doll"},{"floor":40.0,"key":"Blood Vial"},{"floor":47.0,"key":"Old Coin"},{"floor":55.0,"key":"Bronze Scales"}],"event_choices":[{"cards_removed":["Defend_P"],"damage_healed":0.0,"max_hp_gain":0.0,"max_hp_loss":0.0,"gold_gain":0.0,"event_name":"The Cleric","player_choice":"Card Removal","floor":2.0,"gold_loss":75.0,"damage_taken":0.0},{"damage_healed":0.0,"max_hp_gain":0.0,"max_hp_loss":0.0,"gold_gain":0.0,"event_name":"Lab","player_choice":"Got Potions","floor":5.0,"gold_loss":0.0,"damage_taken":0.0},{"cards_removed":["Strike_P"],"damage_healed":0.0,"max_hp_gain":0.0,"max_hp_loss":0.0,"gold_gain":0.0,"event_name":"Purifier","player_choice":"Purged","floor":21.0,"gold_loss":0.0,"damage_taken":0.0},{"damage_healed":0.0,"max_hp_gain":0.0,"max_hp_loss":4.0,"gold_gain":0.0,"event_name":"Winding Halls","player_choice":"Max HP","floor":41.0,"gold_loss":0.0,"damage_taken":0.0},{"damage_healed":0.0,"max_hp_gain":0.0,"max_hp_loss":0.0,"gold_gain":0.0,"event_name":"Mysterious Sphere","player_choice":"Fight","floor":47.0,"gold_loss":0.0,"damage_taken":0.0},{"damage_healed":0.0,"max_hp_gain":0.0,"max_hp_loss":0.0,"gold_gain":0.0,"event_name":"Tomb of Lord Red Mask","player_choice":"Ignored","floor":48.0,"gold_loss":0.0,"damage_taken":0.0}],"is_beta":false,"boss_relics":[{"not_picked":["Fusion Hammer","Sozu"],"picked":"Runic Pyramid"},{"not_picked":["Black Star","Cursed Key"],"picked":"Empty Cage"}],"items_purged_floors":[19,28,36,54],"is_endless":false,"potions_floor_spawned":[1,4,12,14,16,20,25,29,33,37,38,46,47],"killed_by":"The Heart","ascension_level":20,"potion_discard_per_floor":[[],[],[],[],["SneckoOil"],[],[],[],[],[],[],["DistilledChaos"],[],[],[],["Regen Potion"],[],[],[],[],[],[],[],[],[],[],[],[],[],[],[],[],[],[],[],[],[],[],[],[],[],[],[],[],[],[],[],[],[],[],[],[],[],["SpeedPotion"],[],[]]}