{"neow_bonuses_skipped_log":["THREE_ENEMY_KILL","TWENTY_PERCENT_HP_BONUS","BOSS_RELIC"],"neow_costs_skipped_log":["NONE","NO_GOLD","NONE"],"potions_obtained_entropic_brew":[[],[],[],[],[],[],[],[],[],[],[],[],[],[],[],[],[],[],[],[],[],[],[],[],[],[],[],[],[],[],[],[],[],[],[],[],[],[],[],[],[],[],[],[],[],[],[],[],[],[],[],[],[],[],[],[],[]],"gold_per_floor":[117,131,131,149,159,159,159,198,248,248,248,279,298,223,223,317,317,330,330,147,147,17,17,17,17,17,51,411,437,452,472,472,543,543,556,556,556,556,566,598,598,598,651,601,601,626,646,656,656,656,656,656,656,334,361,361],"floor_reached":57,"playtime":3974,"items_purged":["Strike_P","Defend_P","EmptyFist+1","Defend_P+1"],"score":3358,"play_id":"d5221c51-3ea6-4fc6-8cd8-a61b375d003d","local_time":"20230421152611","falling_options_log":["Vigilance+1","MentalFortress+1"],"score_breakdown":["Floors Climbed (57): 285","Enemies Slain (12): 24","Exordium Elites Killed (2): 20","City Elites Killed (2): 40","Beyond Elites Killed (2): 60","Bosses Slain (5): 750","Money Money (1102): 25","Mystery Machine (15): 25","Champion (5): 125","Beyond Perfect: 200","C-c-c-combo: 25","Ascension (20): 1529","Heartbreaker: 250"],"is_ascension_mode":true,"potions_obtained_alchemize":[[],[],[],[],[],[],[],[],[],[],[],[],[],[],[],[],[],[],[],[],[],[],[],[],[],[],[],[],[],[],[],[],[],[],[],[],[],[],[],[],[],[],[],[],[],[],[],[],[],[],[],[],[],[],[],[],[]],"campfire_choices":[{"data":"Conclude","floor":6,"key":"SMITH"},{"data":"Eruption","floor":15,"key":"SMITH"},{"floor":23,"key":"REST"},{"data":"Adaptation","floor":25,"key":"SMITH"},{"floor":32,"key":"RECALL"},{"data":"MentalFortress","floor":41,"key":"SMITH"},{"floor":45,"key":"REST"},{"data":"Adaptation","floor":49,"key":"SMITH"},{"floor":53,"key":"REST"}],"lesson_learned_per_floor":[[],[],[],[],[],[],[],[],[],[],[],[],["SandsOfTime"],[],[],["EmptyFist"],[],["LessonLearned"],[],[],[],[],[],[],[],[],["MentalFortress"],[],["TalkToTheHand"],["Vigilance"],["Defend_P"],[],["InnerPeace"],[],["Vault"],[],[],[],[],[],[],[],[],[],[],[],[],[],[],[],[],[],[],[],[],[],[]],"neow_cost":"NONE","improvable_cards":{},"seed_source_timestamp":816418889190700,"shop_contents":[{"floor":20,"relics":["Prayer Wheel","Tiny Chest","Cauldron"],"cards":["SashWhip","FollowUp","Vengeance","ThirdEye","Enlightenment","Sadistic Nature"],"potions":["BottledMiracle","BlessingOfTheForge"]},{"floor":22,"relics":["Ancient Tea Set","Shovel","ClockworkSouvenir"],"cards":["CarveReality","CutThroughFate","Protect","EmptyMind","MentalFortress","Forethought","Chrysalis"],"potions":["SteroidPotion","FearPotion"]},{"floor":44,"relics":["Dream Catcher","Damaru","Toolbox"],"cards":["Ragnarok","FlurryOfBlows","Pray","Protect","MentalFortress","Panacea","Violence"],"potions":["Block Potion","SpeedPotion","SneckoOil"]},{"floor":54,"relics":["CloakClasp","Pocketwatch"],"cards":["WheelKick","JustLucky","ConjureBlade","Worship","Wireheading","PanicButton","Secret Weapon"],"potions":["SpeedPotion","BottledMiracle"]}],"circlet_count":0,"master_deck":["AscendersBane","Eruption+1","Vigilance+1","Conclude+1","SandsOfTime+1","LessonLearned+1","InnerPeace+1","Adaptation+1","MentalFortress+1","Vault+1","Thinking Ahead","MentalFortress+1","EmptyMind+1","Adaptation+1","Vault+1"],"potion_use_per_floor":[[],[],[],[],[],[],[],["FearPotion"],[],[],[],["Explosive Potion"],[],[],[],["FearPotion"],[],["Energy Potion"],[],[],[],[],[],[],[],[],[],[],["LiquidMemories"],[],["DistilledChaos"],[],["BottledMiracle"],[],[],[],[],[],[],[],[],[],[],[],[],[],[],[],[],[],[],[],[],[],[],["BottledMiracle"],[]],"relics":["HolyWater","Bloody Idol","Matryoshka","Smiling Mask","Lantern","Question Card","Calipers","Black Star","Meat on the Bone","Kunai","Anchor","Bottled Lightning","StrikeDummy","Strawberry","Pantograph","Pear","Mercury Hourglass","Gambling Chip","DollysMirror","Happy Flower","CaptainsWheel"],"potions_floor_usage":[8,12,16,18,29,31,33,56],"damage_taken":[{"damage":2,"enemies":"Small Slimes","floor":1,"turns":3},{"damage":2,"enemies":"Jaw Worm","floor":2,"turns":4},{"damage":0,"enemies":"Cultist","floor":4,"turns":2},{"damage":6,"enemies":"Looter","floor":5,"turns":3},{"damage":0,"enemies":"Lagavulin","floor":8,"turns":4},{"damage":0,"enemies":"3 Sentries","floor":12,"turns":2},{"damage":11,"enemies":"Blue Slaver","floor":13,"turns":4},{"damage":9,"enemies":"Hexaghost","floor":16,"turns":6},{"damage":25,"enemies":"3 Byrds","floor":18,"turns":5},{"damage":0,"enemies":"Gremlin Leader","floor":27,"turns":3},{"damage":0,"enemies":"Book of Stabbing","floor":29,"turns":3},{"damage":0,"enemies":"2 Thieves","floor":30,"turns":4},{"damage":0,"enemies":"Shelled Parasite and Fungi","floor":31,"turns":3},{"damage":0,"enemies":"Collector","floor":33,"turns":4},{"damage":0,"enemies":"Orb Walker","floor":35,"turns":3},{"damage":0,"enemies":"3 Darklings","floor":39,"turns":2},{"damage":21,"enemies":"Nemesis","floor":40,"turns":8},{"damage":0,"enemies":"Reptomancer","floor":46,"turns":4},{"damage":0,"enemies":"Transient","floor":47,"turns":7},{"damage":0,"enemies":"Maw","floor":48,"turns":5},{"damage":0,"enemies":"Donu and Deca","floor":50,"turns":4},{"damage":2,"enemies":"Time Eater","floor":51,"turns":7},{"damage":27,"enemies":"Shield and Spear","floor":55,"turns":3},{"damage":0,"enemies":"The Heart","floor":56,"turns":8}],"green_key_taken_log":46,"seed_played":"7704931809910800018","neow_bonus_log":{"cardsObtained":[],"cardsUpgraded":[],"cardsRemoved":["Defend_P"],"cardsTransformed":[],"relicsObtained":[],"maxHpGained":0,"goldGained":0,"damageTaken":0,"goldLost":0,"maxHpLost":0},"potions_obtained":[{"floor":1,"key":"FearPotion"},{"floor":2,"key":"Explosive Potion"},{"floor":12,"key":"Energy Potion"},{"floor":13,"key":"FearPotion"},{"floor":27,"key":"DistilledChaos"},{"floor":29,"key":"BottledMiracle"},{"floor":35,"key":"BottledMiracle"},{"floor":47,"key":"EssenceOfSteel"}],"is_trial":false,"path_per_floor":["M","M","?","M","M","R","?","E","T","?","?","E","M","?","R","B",null,"M","?","$","?","$","R","?","R","T","E","?","E","M","M","R","B",null,"M","?","?","?","M","E","R","?","T","$","R","E","M","M","R","B","B",null,"R","$","E","B",null],"character_chosen":"WATCHER","basemod:card_modifiers":[null,null,null,null,null,null,null,null,null,null,null,null,null,null,null],"items_purchased":["MentalFortress","SkillPotion","LiquidMemories","DollysMirror","Ambrosia"],"campfire_rested":3,"item_purchase_floors":[20,20,22,54,54],"current_hp_per_floor":[59,57,57,57,51,51,51,51,51,40,40,40,29,29,29,20,52,27,27,27,27,27,45,45,45,45,50,34,46,56,61,61,66,68,69,69,66,56,61,55,55,55,60,60,76,76,76,76,76,76,74,76,76,76,54,76],"gold":361,"neow_bonus":"REMOVE_CARD","is_prod":false,"is_daily":false,"rewards_skipped":[{"floor":48,"relics":[],"potions":["BlessingOfTheForge"]}],"chose_seed":false,"campfire_upgraded":5,"win_rate":0,"floor_exit_playtime":[40,75,82,111,149,158,161,216,220,225,231,272,321,329,337,400,437,546,555,593,596,642,649,654,662,665,786,798,878,938,1020,1028,1182,1225,1301,1313,1320,1352,1424,2498,2512,2515,2519,2558,2562,2662,2811,2941,2947,3142,3317,3456,3463,3516,3655,3974],"timestamp":1682105171,"blue_key_relic_skipped_log":{"floor":43,"relicID":"Whetstone"},"path_taken":["M","M","?","M","M","R","?","E","T","?","?","E","?","?","R","BOSS","M","?","$","?","$","R","?","R","T","E","?","E","M","?","R","BOSS","M","?","?","?","M","E","R","?","T","$","R","E","M","M","R","BOSS","BOSS","R","$","E","BOSS"],"build_version":"2022-12-18","purchased_purges":4,"victory":true,"max_hp_per_floor":[68,68,68,68,68,68,62,62,62,62,62,62,62,62,62,62,62,62,62,62,62,62,62,62,62,62,62,62,69,69,69,69,69,69,69,69,66,66,66,76,76,76,76,76,76,76,76,76,76,76,76,76,76,76,76,76],"relic_stats":{"Calipers":[6745],"Happy Flower":[2],"counters":[24,100],"Smiling Mask":250,"Question Card":19,"Mercury Hourglass":[115],"Matryoshka":2,"Bloody Idol":71,"Pantograph":22,"Gambling Chip":[21],"HolyWater":[26],"Black Star":5,"Kunai":[97],"Bottled Lightning":"InnerPeace","obtain_stats":[{"Lantern":9,"Calipers":12,"Pear":40,"Happy Flower":55,"Golden Idol":7,"Smiling Mask":9,"Question Card":10,"Mercury Hourglass":46,"Anchor":27,"CaptainsWheel":55,"Matryoshka":8,"DollysMirror":54,"Bloody Idol":21,"Strawberry":29,"Pantograph":40,"Gambling Chip":46,"HolyWater":34,"Black Star":17,"Kunai":26,"Bottled Lightning":27,"PureWater":0,"StrikeDummy":29,"Meat on the Bone":26},{"Lantern":5,"Calipers":6,"Pear":17,"Happy Flower":23,"Golden Idol":4,"Smiling Mask":5,"Question Card":5,"Mercury Hourglass":18,"Anchor":10,"CaptainsWheel":23,"Matryoshka":5,"DollysMirror":22,"Bloody Idol":9,"Strawberry":11,"Pantograph":17,"Gambling Chip":18,"HolyWater":14,"Black Star":8,"Kunai":9,"Bottled Lightning":10,"PureWater":0,"StrikeDummy":11,"Meat on the Bone":9},{"Lantern":16,"Calipers":18,"Pear":63,"Happy Flower":92,"Golden Idol":12,"Smiling Mask":16,"Question Card":16,"Mercury Hourglass":67,"Anchor":36,"CaptainsWheel":92,"Matryoshka":16,"DollysMirror":89,"Bloody Idol":33,"Strawberry":39,"Pantograph":63,"Gambling Chip":67,"HolyWater":50,"Black Star":28,"Kunai":33,"Bottled Lightning":36,"PureWater":0,"StrikeDummy":39,"Meat on the Bone":33}],"Meat on the Bone":0},"card_choices":[{"not_picked":["ForeignInfluence","WreathOfFlame"],"picked":"Conclude","floor":1},{"not_picked":["ClearTheMind","LikeWater"],"picked":"EmptyFist","floor":2},{"not_picked":["CrushJoints","CutThroughFate"],"picked":"SandsOfTime","floor":4},{"not_picked":["Weave","Halt","WaveOfTheHand"],"picked":"SKIP","floor":5},{"not_picked":["Wireheading","Perseverance"],"picked":"LessonLearned","floor":8},{"not_picked":["FollowUp","CutThroughFate","Swivel","PathToVictory"],"picked":"SKIP","floor":12},{"not_picked":["Perseverance","ReachHeaven","BowlingBash"],"picked":"TalkToTheHand","floor":13},{"not_picked":["Brilliance","ConjureBlade","MasterReality","Wish"],"picked":"SKIP","floor":16},{"not_picked":["ReachHeaven","SandsOfTime+1","Prostrate"],"picked":"InnerPeace","floor":18},{"not_picked":["EmptyFist","WheelKick","MentalFortress","Crescendo","SignatureMove","Worship","CutThroughFate","BowlingBash","InnerPeace","SashWhip","CrushJoints","FlyingSleeves","Halt","Wallop","EmptyBody","JustLucky","FlurryOfBlows","PathToVictory","Prostrate"],"picked":"Adaptation","floor":19},{"not_picked":["FlurryOfBlows","Wireheading","ClearTheMind","Study"],"picked":"SKIP","floor":27},{"not_picked":["Fasting2","PathToVictory","CrushJoints"],"picked":"Vault","floor":29},{"not_picked":["ClearTheMind","FlyingSleeves","EmptyFist","FollowUp+1"],"picked":"SKIP","floor":30},{"not_picked":["Prostrate","Worship","CutThroughFate","CrushJoints"],"picked":"SKIP","floor":31},{"not_picked":["LessonLearned","Alpha","Brilliance","Devotion"],"picked":"SKIP","floor":33},{"not_picked":["Halt","SashWhip+1","FollowUp","EmptyMind"],"picked":"SKIP","floor":35},{"not_picked":["Forethought","Dramatic Entrance","Trip"],"picked":"Thinking Ahead","floor":38},{"not_picked":["Violence","Jack Of All Trades","Blind","The Bomb"],"picked":"SKIP","floor":38},{"not_picked":["Swift Strike","Bandage Up","Flash of Steel","Dark Shackles"],"picked":"SKIP","floor":38},{"not_picked":["SashWhip","Prostrate","Vengeance+1"],"picked":"MentalFortress","floor":39},{"not_picked":["EmptyBody","ClearTheMind","SandsOfTime","FollowUp"],"picked":"SKIP","floor":40},{"not_picked":["EmptyFist","ReachHeaven","Evaluate+1","Perseverance"],"picked":"SKIP","floor":46},{"not_picked":["EmptyMind+1","Consecrate","BowlingBash","WindmillStrike"],"picked":"SKIP","floor":47},{"not_picked":["Consecrate","BowlingBash","WindmillStrike"],"picked":"EmptyMind+1","floor":47},{"not_picked":["BowlingBash","WindmillStrike+1","PathToVictory"],"picked":"Adaptation","floor":48},{"not_picked":["Fasting2","WreathOfFlame+1","ReachHeaven+1","ClearTheMind"],"picked":"SKIP","floor":55}],"player_experience":1864849,"relics_obtained":[{"floor":8,"key":"Matryoshka"},{"floor":9,"key":"Smiling Mask"},{"floor":9,"key":"Lantern"},{"floor":12,"key":"Calipers"},{"floor":26,"key":"Meat on the Bone"},{"floor":26,"key":"Kunai"},{"floor":27,"key":"Anchor"},{"floor":27,"key":"Bottled Lightning"},{"floor":29,"key":"StrikeDummy"},{"floor":29,"key":"Strawberry"},{"floor":40,"key":"Pantograph"},{"floor":40,"key":"Pear"},{"floor":46,"key":"Mercury Hourglass"},{"floor":46,"key":"Gambling Chip"},{"floor":55,"key":"Happy Flower"},{"floor":55,"key":"CaptainsWheel"}],"event_choices":[{"cards_removed":["Defend_P"],"damage_healed":0,"gold_gain":0,"player_choice":"Forget","damage_taken":0,"max_hp_gain":0,"max_hp_loss":0,"event_name":"Living Wall","floor":3,"gold_loss":0},{"damage_healed":0,"gold_gain":0,"player_choice":"Lose Max HP","damage_taken":0,"relics_obtained":["Golden Idol"],"max_hp_gain":0,"max_hp_loss":6,"event_name":"Golden Idol","floor":7,"gold_loss":0},{"damage_healed":0,"gold_gain":0,"player_choice":"Success","damage_taken":11,"relics_obtained":["Question Card"],"max_hp_gain":0,"max_hp_loss":0,"event_name":"Scrap Ooze","floor":10,"gold_loss":0},{"cards_removed":["Strike_P"],"damage_healed":0,"gold_gain":0,"player_choice":"Offered Basic","damage_taken":0,"max_hp_gain":0,"max_hp_loss":0,"event_name":"Bonfire Elementals","floor":11,"gold_loss":0},{"cards_removed":["Strike_P"],"damage_healed":0,"gold_gain":0,"player_choice":"Card Removal","damage_taken":0,"max_hp_gain":0,"max_hp_loss":0,"event_name":"The Cleric","floor":14,"gold_loss":75},{"damage_healed":0,"gold_gain":0,"player_choice":"Read","damage_taken":0,"max_hp_gain":0,"max_hp_loss":0,"event_name":"The Library","floor":19,"gold_loss":0,"cards_obtained":["Adaptation"]},{"damage_healed":0,"gold_gain":0,"player_choice":"Gave Idol","damage_taken":0,"relics_obtained":["Bloody Idol"],"max_hp_gain":0,"max_hp_loss":0,"event_name":"Forgotten Altar","floor":21,"relics_lost":["Golden Idol"],"gold_loss":0},{"cards_removed":["Strike_P"],"damage_healed":0,"gold_gain":0,"player_choice":"Elegance","damage_taken":0,"max_hp_gain":0,"max_hp_loss":0,"event_name":"Back to Basics","floor":24,"gold_loss":0},{"damage_healed":0,"gold_gain":360,"player_choice":"GOLD GOLD GOLD GOLD ","damage_taken":36,"max_hp_gain":0,"max_hp_loss":0,"event_name":"Knowing Skull","floor":28,"potions_obtained":[],"gold_loss":0,"cards_obtained":[]},{"cards_removed":["TalkToTheHand"],"damage_healed":0,"gold_gain":0,"player_choice":"Removed Attack","damage_taken":0,"max_hp_gain":0,"max_hp_loss":0,"event_name":"Falling","floor":36,"gold_loss":0},{"damage_healed":0,"gold_gain":0,"player_choice":"Max HP","damage_taken":0,"max_hp_gain":0,"max_hp_loss":3,"event_name":"Winding Halls","floor":37,"gold_loss":0},{"damage_healed":0,"gold_gain":0,"player_choice":"Memory 3","damage_taken":10,"max_hp_gain":0,"max_hp_loss":0,"event_name":"SensoryStone","floor":38,"gold_loss":0},{"damage_healed":0,"gold_gain":0,"player_choice":"Ignored","damage_taken":0,"max_hp_gain":0,"max_hp_loss":0,"event_name":"Tomb of Lord Red Mask","floor":42,"gold_loss":0}],"is_beta":false,"boss_relics":[{"not_picked":["Pandora\u0027s Box","Sozu"],"picked":"Black Star"},{"not_picked":["Coffee Dripper","Fusion Hammer"],"picked":"HolyWater"}],"items_purged_floors":[20,22,44,54],"is_endless":false,"potions_floor_spawned":[1,2,12,13,27,29,35,47,48],"ascension_level":20,"potion_discard_per_floor":[[],[],[],[],[],[],[],[],[],[],[],[],[],[],[],[],[],[],[],[],[],[],[],[],[],[],["SkillPotion"],[],[],[],[],[],[],[],[],[],[],[],[],[],[],[],[],[],[],[],[],[],[],[],[],[],[],["EssenceOfSteel"],[],[],[]]}