{"neow_bonuses_skipped_log":["THREE_CARDS","THREE_SMALL_POTIONS","BOSS_RELIC"],"neow_costs_skipped_log":["NONE","NONE","NONE"],"potions_obtained_entropic_brew":[[],[],[],[],[],[],[],[],[],[],[],[],[],[],[],[],[],[],[],[],[],[],[],[],[],[],[],[],[],[],[],[],[],[],[],[],[],[],[],[],[],[],[],[],[],[],[],[],[],[],[],[],[],[],[],[],[]],"gold_per_floor":[119,119,67,88,102,102,123,167,249,249,287,303,319,353,353,444,444,463,463,463,334,514,552,552,281,281,281,305,180,199,324,324,414,414,428,428,428,761,773,806,818,847,847,873,1173,1192,1192,1212,1212,1212,1212,1212,1212,311,341,341],"floor_reached":57,"playtime":2794,"items_purged":["Strike_P","Strike_P","Strike_P","Strike_P"],"score":3156,"play_id":"38ba1b33-2cbd-4baa-b8ad-e4125abf256c","local_time":"20230424151835","falling_options_log":["ThirdEye+1","Adaptation"],"score_breakdown":["Floors Climbed (57): 285","Enemies Slain (14): 28","Exordium Elites Killed (3): 30","City Elites Killed (1): 20","Beyond Elites Killed (3): 90","Bosses Slain (5): 750","Speedster: 25","Money Money (1780): 25","Champion (4): 100","Perfect (2): 100","C-c-c-combo: 25","Ascension (20): 1428","Heartbreaker: 250"],"is_ascension_mode":true,"potions_obtained_alchemize":[[],[],[],[],[],[],[],[],[],[],[],[],[],[],[],[],[],[],[],[],[],[],[],[],[],[],[],[],[],[],[],[],[],[],[],[],[],[],[],[],[],[],[],[],[],[],[],[],[],[],[],[],[],[],[],[],[]],"campfire_choices":[{"data":"Apotheosis","floor":6.0,"key":"SMITH"},{"floor":10.0,"key":"REST"},{"floor":15.0,"key":"REST"},{"floor":24.0,"key":"REST"},{"data":"ThirdEye","floor":27.0,"key":"SMITH"},{"floor":32.0,"key":"REST"},{"floor":47.0,"key":"REST"},{"floor":49.0,"key":"RECALL"},{"floor":53.0,"key":"REST"}],"lesson_learned_per_floor":[[],[],[],[],[],[],[],[],[],[],[],[],[],[],[],[],[],[],[],[],[],[],[],[],[],[],[],[],[],[],[],[],[],[],[],[],[],[],[],[],[],[],[],[],[],[],[],[],[],[],[],[],[],[],[],[],[]],"neow_cost":"PERCENT_DAMAGE","improvable_cards":{},"seed_source_timestamp":1076228671876299,"shop_contents":[{"floor":21,"relics":["CeramicFish","Damaru","DollysMirror"],"cards":["SignatureMove","EmptyFist","Evaluate","EmptyBody","Wireheading","Bandage Up","Secret Technique"],"potions":["SmokeBomb","Weak Potion"]},{"floor":25,"relics":["Yang","Blue Candle"],"cards":["BowlingBash","EmptyFist","PathToVictory","Crescendo","MasterReality","Flash of Steel","The Bomb"],"potions":["Strength Potion","PowerPotion","FairyPotion"]},{"floor":29,"relics":["PreservedInsect","Strawberry","Chemical X"],"cards":["Wallop","LessonLearned","ClearTheMind","DeceiveReality","Wireheading","Forethought","Metamorphosis"],"potions":["SkillPotion","BlessingOfTheForge","Ambrosia"]},{"floor":54,"relics":[],"cards":["Conclude","CutThroughFate","InnerPeace","ForeignInfluence","Study","Dramatic Entrance","Apotheosis"],"potions":["AttackPotion","AttackPotion"]}],"circlet_count":0,"master_deck":["AscendersBane","Defend_P","Defend_P","Eruption","Vigilance","Apotheosis+1","Adaptation","ClearTheMind","WheelKick","ThirdEye+1","FearNoEvil","Adaptation","Crescendo","MentalFortress+1","InnerPeace","Scrawl"],"special_seed":0,"potion_use_per_floor":[[],[],[],[],[],[],[],[],[],[],[],[],[],["Fire Potion"],[],[],[],[],[],[],[],[],["Swift Potion"],["Fruit Juice"],[],[],[],[],[],[],["PowerPotion"],[],[],[],["DuplicationPotion"],[],[],[],[],[],[],["BottledMiracle"],[],[],[],[],[],[],[],["LiquidMemories"],[],[],[],[],[],[],[]],"relics":["PureWater","Pocketwatch","Art of War","White Beast Statue","Pantograph","Happy Flower","Empty Cage","Oddly Smooth Stone","Medical Kit","Ancient Tea Set","Calipers","StrikeDummy","Philosopher\u0027s Stone","Toy Ornithopter","Singing Bowl","InkBottle","Orrery","Vajra","Ginger","Ornamental Fan"],"potions_floor_usage":[],"damage_taken":[{"damage":0.0,"enemies":"2 Louse","floor":1.0,"turns":3.0},{"damage":12.0,"enemies":"Small Slimes","floor":4.0,"turns":3.0},{"damage":0.0,"enemies":"Cultist","floor":5.0,"turns":2.0},{"damage":0.0,"enemies":"Exordium Wildlife","floor":7.0,"turns":3.0},{"damage":4.0,"enemies":"Lagavulin","floor":8.0,"turns":6.0},{"damage":0.0,"enemies":"Gremlin Nob","floor":11.0,"turns":2.0},{"damage":0.0,"enemies":"2 Fungi Beasts","floor":12.0,"turns":2.0},{"damage":0.0,"enemies":"Looter","floor":13.0,"turns":2.0},{"damage":20.0,"enemies":"3 Sentries","floor":14.0,"turns":3.0},{"damage":0.0,"enemies":"The Guardian","floor":16.0,"turns":9.0},{"damage":0.0,"enemies":"Chosen","floor":18.0,"turns":3.0},{"damage":5.0,"enemies":"Book of Stabbing","floor":23.0,"turns":4.0},{"damage":13.0,"enemies":"2 Thieves","floor":28.0,"turns":2.0},{"damage":9.0,"enemies":"Snake Plant","floor":30.0,"turns":2.0},{"damage":0.0,"enemies":"Colosseum Slavers","floor":31.0,"turns":3.0},{"damage":7.0,"enemies":"Colosseum Nobs","floor":31.0,"turns":2.0},{"damage":0.0,"enemies":"Collector","floor":33.0,"turns":2.0},{"damage":7.0,"enemies":"Orb Walker","floor":35.0,"turns":4.0},{"damage":0.0,"enemies":"3 Darklings","floor":39.0,"turns":2.0},{"damage":0.0,"enemies":"Reptomancer","floor":40.0,"turns":2.0},{"damage":25.0,"enemies":"4 Shapes","floor":41.0,"turns":4.0},{"damage":0.0,"enemies":"Giant Head","floor":42.0,"turns":2.0},{"damage":7.0,"enemies":"Reptomancer","floor":44.0,"turns":2.0},{"damage":5.0,"enemies":"Sphere and 2 Shapes","floor":46.0,"turns":4.0},{"damage":14.0,"enemies":"3 Darklings","floor":48.0,"turns":2.0},{"damage":62.0,"enemies":"Time Eater","floor":50.0,"turns":14.0},{"damage":17.0,"enemies":"Donu and Deca","floor":51.0,"turns":8.0},{"damage":0,"enemies":"Shield and Spear","floor":55,"turns":3},{"damage":14,"enemies":"The Heart","floor":56,"turns":6}],"green_key_taken_log":42,"seed_played":"3897808705677888321","neow_bonus_log":{"cardsObtained":[],"cardsUpgraded":[],"cardsRemoved":[],"cardsTransformed":[],"relicsObtained":[],"maxHpGained":0,"goldGained":0,"damageTaken":18,"goldLost":0,"maxHpLost":0},"potions_obtained":[{"floor":1.0,"key":"Fire Potion"},{"floor":7.0,"key":"Energy Potion"},{"floor":8.0,"key":"SkillPotion"},{"floor":11.0,"key":"DuplicationPotion"},{"floor":12.0,"key":"SteroidPotion"},{"floor":14.0,"key":"StancePotion"},{"floor":23.0,"key":"Fruit Juice"},{"floor":28.0,"key":"Explosive Potion"},{"floor":30.0,"key":"PowerPotion"},{"floor":31.0,"key":"DuplicationPotion"},{"floor":35.0,"key":"Energy Potion"},{"floor":39.0,"key":"Explosive Potion"},{"floor":40.0,"key":"BottledMiracle"},{"floor":42.0,"key":"LiquidMemories"},{"floor":55,"key":"StancePotion"}],"is_trial":false,"path_per_floor":["M","?","?","M","M","R","M","E","T","R","E","M","M","E","R","B",null,"M","?","?","$","?","E","R","$","T","R","M","$","M","?","R","B",null,"M","?","?","?","M","E","M","E","T","E","?","M","R","M","R","B","B",null,"R","$","E","B",null],"character_chosen":"WATCHER","basemod:card_modifiers":[null,null,null,null,null,null,null,null,null,null,null,null,null,null,null,null],"items_purchased":["Swift Potion","Medical Kit","Orrery","Vajra","Ginger","EssenceOfSteel"],"campfire_rested":6,"item_purchase_floors":[21,25,54,54,54,54],"current_hp_per_floor":[43,43,43,31,31,31,31,27,27,45,45,45,45,25,43,62,62,62,62,62,62,43,38,63,63,63,63,50,50,41,34,54,67,67,60,60,60,60,60,60,35,42,42,35,35,32,53,41,41,9,17,59,73,81,81,67],"gold":341,"neow_bonus":"RANDOM_COLORLESS_2","is_prod":false,"is_daily":false,"rewards_skipped":[{"floor":13,"relics":[],"potions":["Dexterity Potion"]},{"floor":16,"relics":[],"potions":["StancePotion"]},{"floor":18,"relics":[],"potions":["SkillPotion"]},{"floor":33,"relics":[],"potions":["PowerPotion"]},{"floor":41,"relics":[],"potions":["Explosive Potion"]},{"floor":44,"relics":[],"potions":["EssenceOfSteel"]},{"floor":46,"relics":[],"potions":["Weak Potion"]},{"floor":48,"relics":[],"potions":["EssenceOfSteel"]}],"chose_seed":false,"campfire_upgraded":2,"win_rate":0,"floor_exit_playtime":[53,57,61,96,137,143,193,253,256,260,286,332,353,434,436,548,566,609,611,615,647,655,720,727,747,751,761,807,833,863,970,972,1064,1075,1132,1138,1141,1148,1210,1280,1388,1465,1468,1532,1551,1651,1653,1711,1714,1982,2159,2269,2276,2371,2493,2794],"timestamp":1682363915,"blue_key_relic_skipped_log":{"floor":43,"relicID":"HornCleat"},"path_taken":["M","?","?","M","M","R","M","E","T","R","E","M","?","E","R","BOSS","M","?","?","$","?","E","R","$","T","R","?","$","M","?","R","BOSS","M","?","?","?","M","E","?","E","T","E","?","M","R","M","R","BOSS","BOSS","R","$","E","BOSS"],"build_version":"2022-12-18","purchased_purges":4,"victory":true,"max_hp_per_floor":[68,62,62,62,62,62,62,62,62,62,62,62,62,62,62,62,62,62,62,62,62,62,62,67,67,67,67,67,67,67,67,67,67,67,67,67,67,67,67,67,67,69,69,69,69,71,71,73,73,73,73,73,73,81,81,81],"relic_stats":{"Calipers":[1610],"Happy Flower":[26],"Singing Bowl":14,"counters":[29,106],"Ginger":[2],"Medical Kit":[19],"Ancient Tea Set":[10],"White Beast Statue":[0.0,0.0,0.0,0.4,0.0,0.6000000000000001,0.0,0.0,0.0,0.0,0.0,8.457383680000003],"Ornamental Fan":[100],"Pantograph":82,"Art of War":[25],"PureWater":[49],"obtain_stats":[{"Calipers":31,"Happy Flower":14,"Singing Bowl":42,"Golden Idol":2,"Oddly Smooth Stone":23,"Vajra":54,"Ginger":54,"Empty Cage":17,"Medical Kit":25,"Ancient Tea Set":26,"White Beast Statue":9,"Ornamental Fan":55,"Pantograph":11,"Orrery":54,"Philosopher\u0027s Stone":34,"Art of War":8,"PureWater":0,"StrikeDummy":31,"Toy Ornithopter":40,"InkBottle":44,"Pocketwatch":3},{"Calipers":16,"Happy Flower":9,"Singing Bowl":22,"Golden Idol":1,"Oddly Smooth Stone":12,"Vajra":27,"Ginger":27,"Empty Cage":10,"Medical Kit":12,"Ancient Tea Set":12,"White Beast Statue":5,"Ornamental Fan":28,"Pantograph":6,"Orrery":27,"Philosopher\u0027s Stone":17,"Art of War":5,"PureWater":0,"StrikeDummy":16,"Toy Ornithopter":20,"InkBottle":23,"Pocketwatch":1},{"Calipers":51,"Happy Flower":26,"Singing Bowl":67,"Golden Idol":3,"Oddly Smooth Stone":42,"Vajra":97,"Ginger":97,"Empty Cage":35,"Medical Kit":42,"Ancient Tea Set":42,"White Beast Statue":17,"Ornamental Fan":100,"Pantograph":19,"Orrery":97,"Philosopher\u0027s Stone":53,"Art of War":17,"PureWater":0,"StrikeDummy":51,"Toy Ornithopter":61,"InkBottle":69,"Pocketwatch":3}],"Toy Ornithopter":10,"InkBottle":[26],"Pocketwatch":[107]},"card_choices":[{"not_picked":["Secret Weapon","Violence"],"picked":"Apotheosis","floor":0.0},{"not_picked":["ThirdEye","Protect","SashWhip"],"picked":"SKIP","floor":1.0},{"not_picked":["FlyingSleeves","JustLucky","WreathOfFlame"],"picked":"SKIP","floor":4.0},{"not_picked":["JustLucky","WreathOfFlame"],"picked":"FlyingSleeves","floor":4.0},{"not_picked":["ReachHeaven","Omniscience","WindmillStrike"],"picked":"SKIP","floor":5.0},{"not_picked":["SignatureMove","Consecrate","Crescendo"],"picked":"SKIP","floor":7.0},{"not_picked":["SignatureMove","Consecrate","Crescendo"],"picked":"SKIP","floor":7.0},{"not_picked":["LikeWater","Ragnarok"],"picked":"Adaptation","floor":8.0},{"not_picked":["LessonLearned","Nirvana","Judgement"],"picked":"SKIP","floor":11.0},{"not_picked":["Pray","FlurryOfBlows"],"picked":"ClearTheMind","floor":12.0},{"not_picked":["Study","Consecrate"],"picked":"WheelKick","floor":13.0},{"not_picked":["Halt","JustLucky"],"picked":"ThirdEye","floor":14.0},{"not_picked":["LessonLearned","Brilliance","Wish"],"picked":"SKIP","floor":16.0},{"not_picked":["CrushJoints","ClearTheMind","Weave"],"picked":"SKIP","floor":18.0},{"not_picked":["CrushJoints","ClearTheMind","Weave"],"picked":"SKIP","floor":18.0},{"not_picked":["CarveReality","Weave"],"picked":"FearNoEvil","floor":23.0},{"not_picked":["Protect","CrushJoints","JustLucky+1"],"picked":"SKIP","floor":28.0},{"not_picked":["FollowUp","SashWhip"],"picked":"Adaptation","floor":30.0},{"not_picked":["SashWhip","CutThroughFate","Swivel"],"picked":"SKIP","floor":31.0},{"not_picked":["Judgement","Alpha","MasterReality"],"picked":"SKIP","floor":33.0},{"not_picked":["PathToVictory","Perseverance","Weave+1"],"picked":"SKIP","floor":35.0},{"not_picked":["FollowUp","Evaluate","EmptyBody"],"picked":"SKIP","floor":39.0},{"not_picked":["BowlingBash+1","Consecrate+1","Adaptation"],"picked":"SKIP","floor":40.0},{"not_picked":["Protect","BowlingBash"],"picked":"Crescendo","floor":41.0},{"not_picked":["PathToVictory","FearNoEvil","Establishment"],"picked":"Singing Bowl","floor":42.0},{"not_picked":["Worship","FlurryOfBlows+1"],"picked":"MentalFortress+1","floor":44.0},{"not_picked":["Halt+1","SashWhip+1","FlurryOfBlows+1"],"picked":"Singing Bowl","floor":46.0},{"not_picked":["Prostrate","FollowUp+1","ClearTheMind+1"],"picked":"Singing Bowl","floor":48.0},{"not_picked":["Halt","Study"],"picked":"InnerPeace","floor":54.0},{"not_picked":["Pray","TalkToTheHand","Omniscience"],"picked":"Singing Bowl","floor":54.0},{"not_picked":["Halt","JustLucky","Sanctity+1"],"picked":"Singing Bowl","floor":54.0},{"not_picked":["BowlingBash+1","Wallop","DeceiveReality"],"picked":"Singing Bowl","floor":54.0},{"not_picked":["CarveReality","Study","BowlingBash+1"],"picked":"Singing Bowl","floor":54.0},{"not_picked":["FollowUp","CutThroughFate+1"],"picked":"Scrawl","floor":55}],"player_experience":1881782,"relics_obtained":[{"floor":8.0,"key":"Art of War"},{"floor":9.0,"key":"White Beast Statue"},{"floor":11.0,"key":"Pantograph"},{"floor":14.0,"key":"Happy Flower"},{"floor":23.0,"key":"Oddly Smooth Stone"},{"floor":26.0,"key":"Ancient Tea Set"},{"floor":31.0,"key":"Calipers"},{"floor":31.0,"key":"StrikeDummy"},{"floor":40.0,"key":"Toy Ornithopter"},{"floor":42.0,"key":"Singing Bowl"},{"floor":44.0,"key":"InkBottle"},{"floor":55,"key":"Ornamental Fan"}],"event_choices":[{"damage_healed":0.0,"max_hp_gain":0.0,"max_hp_loss":6.0,"gold_gain":0.0,"event_name":"Golden Idol","player_choice":"Lose Max HP","floor":2.0,"gold_loss":0.0,"damage_taken":0.0,"relics_obtained":["Golden Idol"]},{"damage_healed":0.0,"max_hp_gain":0.0,"max_hp_loss":0.0,"gold_gain":0.0,"event_name":"WeMeetAgain","player_choice":"Paid Gold","floor":3.0,"gold_loss":52.0,"damage_taken":0.0,"relics_obtained":["Pocketwatch"]},{"damage_healed":0.0,"max_hp_gain":0.0,"max_hp_loss":0.0,"gold_gain":0.0,"event_name":"Ghosts","player_choice":"Ignored","floor":19.0,"gold_loss":0.0,"damage_taken":0.0},{"damage_healed":0.0,"max_hp_gain":0.0,"max_hp_loss":0.0,"gold_gain":0.0,"event_name":"The Mausoleum","player_choice":"Ignored","floor":20.0,"gold_loss":0.0,"damage_taken":0.0},{"damage_healed":0.0,"max_hp_gain":0.0,"max_hp_loss":0.0,"gold_gain":180.0,"event_name":"Knowing Skull","player_choice":"GOLD GOLD ","floor":22.0,"potions_obtained":[],"gold_loss":0.0,"damage_taken":19.0,"cards_obtained":[]},{"damage_healed":0.0,"max_hp_gain":0.0,"max_hp_loss":0.0,"gold_gain":0.0,"event_name":"Colosseum","player_choice":"Fight","floor":31.0,"gold_loss":0.0,"damage_taken":0.0},{"damage_healed":0.0,"max_hp_gain":0.0,"max_hp_loss":0.0,"gold_gain":0.0,"event_name":"Colosseum","player_choice":"Fought Nobs","floor":31.0,"gold_loss":0.0,"damage_taken":0.0},{"cards_removed":["FlyingSleeves"],"damage_healed":0.0,"max_hp_gain":0.0,"max_hp_loss":0.0,"gold_gain":0.0,"event_name":"Falling","player_choice":"Removed Attack","floor":36.0,"gold_loss":0.0,"damage_taken":0.0},{"damage_healed":0.0,"max_hp_gain":0.0,"max_hp_loss":0.0,"gold_gain":0.0,"event_name":"Tomb of Lord Red Mask","player_choice":"Ignored","floor":37.0,"gold_loss":0.0,"damage_taken":0.0},{"damage_healed":0.0,"max_hp_gain":0.0,"max_hp_loss":0.0,"gold_gain":333.0,"event_name":"The Moai Head","player_choice":"Gave Idol","floor":38.0,"relics_lost":["Golden Idol"],"gold_loss":0.0,"damage_taken":0.0},{"damage_healed":0.0,"max_hp_gain":0.0,"max_hp_loss":0.0,"gold_gain":300.0,"event_name":"Wheel of Change","player_choice":"Gold","floor":45.0,"gold_loss":0.0,"damage_taken":0.0}],"is_beta":false,"boss_relics":[{"not_picked":["Black Star","Runic Dome"],"picked":"Empty Cage"},{"not_picked":["Calling Bell","SacredBark"],"picked":"Philosopher\u0027s Stone"}],"items_purged_floors":[21,25,29,54],"is_endless":false,"potions_floor_spawned":[1,7,8,11,12,13,14,16,18,23,28,30,31,31,33,35,39,40,41,42,44,46,48,55],"ascension_level":20,"potion_discard_per_floor":[[],[],[],[],[],[],[],["Energy Potion"],[],[],["SkillPotion"],["DuplicationPotion"],[],[],[],[],[],[],[],[],["StancePotion"],[],[],[],[],[],[],[],[],["Explosive Potion"],[],[],[],[],[],[],[],[],["Energy Potion"],["SteroidPotion"],[],[],[],[],[],[],[],[],[],[],[],[],[],[],["Explosive Potion"],[],[]]}