{"neow_bonuses_skipped_log":["THREE_ENEMY_KILL","ONE_RARE_RELIC","BOSS_RELIC"],"potions_obtained_entropic_brew":[[],[],[],[],[],[],[],[],[],[],[],[],[],[],[],[],[],[],[],[],[],[],[],[],[],[],[],[],[],[],[],[],[],[],[],[],[],[],[],[],[],[]],"neow_costs_skipped_log":["NONE","TEN_PERCENT_HP_LOSS","NONE"],"gold_per_floor":[109,124,124,134,145,176,176,188,215,232,27,77,90,124,124,200,200,217,233,233,246,171,171,184,199,199,213,213,233,283,309,309,388,388,407,424,440,458,458,489,501,501],"floor_reached":42,"playtime":3565,"items_purged":["Defend_P"],"score":986,"play_id":"ab116e92-5bd9-4739-8046-d5a9f017d772","local_time":"20230420233901","score_breakdown":["Floors Climbed (42): 210","Enemies Slain (19): 38","Exordium Elites Killed (2): 20","City Elites Killed (1): 20","Beyond Elites Killed (1): 30","Bosses Slain (2): 150","C-c-c-combo: 25","Ascension (20): 493"],"is_ascension_mode":true,"potions_obtained_alchemize":[[],[],[],[],[],[],[],[],[],[],[],[],[],[],[],[],[],[],[],[],[],[],[],[],[],[],[],[],[],[],[],[],[],[],[],[],[],[],[],[],[],[]],"campfire_choices":[{"data":"Eruption","floor":7,"key":"SMITH"},{"data":"CutThroughFate","floor":15,"key":"SMITH"},{"floor":23,"key":"REST"},{"floor":28,"key":"REST"},{"floor":32,"key":"REST"}],"lesson_learned_per_floor":[[],[],[],[],[],[],[],[],[],[],[],[],[],[],[],[],[],[],[],[],[],[],[],[],[],[],[],[],[],[],[],[],[],[],[],[],[],[],[],[],[],[]],"neow_cost":"NONE","improvable_cards":{},"seed_source_timestamp":759981261928600,"shop_contents":[{"floor":11,"relics":["Nunchaku","Boot"],"cards":["WindmillStrike","FollowUp","Judgement","Collect","Wireheading","Mind Blast","Chrysalis"],"potions":["Swift Potion","Explosive Potion","Block Potion"]}],"circlet_count":0,"master_deck":["AscendersBane","Defend_P","Defend_P","Eruption+1","Vigilance","Swift Strike","Crescendo","EmptyFist","FearNoEvil","EmptyMind","TalkToTheHand","CutThroughFate+1","MentalFortress","FlurryOfBlows","WindmillStrike","Adaptation","Omniscience+1","Scrawl+1","MentalFortress","Master of Strategy+1","Madness+1","Bandage Up+1"],"special_seed":0,"potion_use_per_floor":[[],[],[],[],[],[],[],[],[],[],[],[],[],[],[],["Strength Potion"],[],["Block Potion"],["SpeedPotion"],[],[],[],[],["SkillPotion"],[],[],[],[],[],[],["DuplicationPotion"],[],["EssenceOfSteel","FairyPotion"],[],[],[],[],["LiquidMemories"],[],[],[],["AttackPotion"]],"relics":["PureWater","Calipers","Membership Card","VioletLotus","Toxic Egg 2","Bag of Preparation","Empty Cage","Pen Nib"],"potions_floor_usage":[16,18,19,24,31,33,38,42],"damage_taken":[{"damage":2.0,"enemies":"Jaw Worm","floor":1.0,"turns":3.0},{"damage":4.0,"enemies":"Small Slimes","floor":2.0,"turns":3.0},{"damage":0.0,"enemies":"Cultist","floor":4.0,"turns":3.0},{"damage":1,"enemies":"2 Fungi Beasts","floor":5,"turns":3},{"damage":15,"enemies":"3 Sentries","floor":6,"turns":6},{"damage":3,"enemies":"Large Slime","floor":8,"turns":5},{"damage":0,"enemies":"Looter","floor":10,"turns":2},{"damage":4,"enemies":"2 Fungi Beasts","floor":13,"turns":2},{"damage":9,"enemies":"Lagavulin","floor":14,"turns":7},{"damage":13,"enemies":"Hexaghost","floor":16,"turns":8},{"damage":15,"enemies":"Shell Parasite","floor":18,"turns":6},{"damage":23,"enemies":"3 Byrds","floor":19,"turns":6},{"damage":2,"enemies":"Cultist and Chosen","floor":21,"turns":5},{"damage":11,"enemies":"Shelled Parasite and Fungi","floor":24,"turns":6},{"damage":13,"enemies":"Snecko","floor":25,"turns":3},{"damage":0,"enemies":"Cultist and Chosen","floor":27,"turns":5},{"damage":13,"enemies":"3 Cultists","floor":29,"turns":4},{"damage":16,"enemies":"Gremlin Leader","floor":31,"turns":4},{"damage":39,"enemies":"Automaton","floor":33,"turns":12},{"damage":0,"enemies":"3 Shapes","floor":35,"turns":3},{"damage":1,"enemies":"3 Darklings","floor":36,"turns":3},{"damage":4,"enemies":"Transient","floor":37,"turns":6},{"damage":0,"enemies":"Jaw Worm Horde","floor":38,"turns":2},{"damage":6,"enemies":"Reptomancer","floor":40,"turns":7},{"damage":6,"enemies":"3 Darklings","floor":41,"turns":3},{"damage":60,"enemies":"Nemesis","floor":42,"turns":6}],"green_key_taken_log":40,"seed_played":"1459334779251810822","neow_bonus_log":{"cardsObtained":[],"cardsUpgraded":[],"cardsRemoved":[],"cardsTransformed":[],"relicsObtained":[],"maxHpGained":0,"goldGained":0,"damageTaken":0,"goldLost":0,"maxHpLost":0},"potions_obtained":[{"floor":10,"key":"Strength Potion"},{"floor":13,"key":"Block Potion"},{"floor":18,"key":"SpeedPotion"},{"floor":21,"key":"SkillPotion"},{"floor":24,"key":"FairyPotion"},{"floor":29,"key":"DuplicationPotion"},{"floor":31,"key":"EssenceOfSteel"},{"floor":33,"key":"LiquidBronze"},{"floor":36,"key":"Fire Potion"},{"floor":37,"key":"LiquidMemories"},{"floor":40,"key":"AttackPotion"}],"is_trial":false,"path_per_floor":["M","M","?","M","M","E","R","M","T","M","$","?","M","E","R","B",null,"M","M","?","M","?","R","M","M","T","M","R","M","?","E","R","B",null,"M","M","M","M","?","E","M","E"],"character_chosen":"WATCHER","basemod:card_modifiers":[null,null,null,null,null,null,null,null,null,null,null,null,null,null,null,null,null,null,null,null,null,null],"items_purchased":["Membership Card"],"campfire_rested":3,"item_purchase_floors":[11],"current_hp_per_floor":[59,55,55,55,54,39,39,36,36,36,36,36,32,23,23,10,54,39,16,16,14,14,34,23,10,10,10,30,17,17,1,21,20,56,56,55,51,51,41,41,41,0],"gold":501,"neow_bonus":"RANDOM_COLORLESS","is_prod":false,"is_daily":false,"rewards_skipped":[{"floor":14,"relics":["Juzu Bracelet"],"potions":[]}],"chose_seed":false,"campfire_upgraded":2,"win_rate":0,"floor_exit_playtime":[366,390,395,419,465,599,621,680,694,728,745,748,793,923,937,1075,1117,1218,1337,1349,1451,1461,1464,1579,1643,1648,1750,1753,1841,1845,1951,1956,2415,2535,2604,2741,2917,3010,3072,3310,3430],"timestamp":1682048341,"blue_key_relic_skipped_log":{"floor":9,"relicID":"Tiny Chest"},"path_taken":["M","M","?","M","M","E","R","M","T","M","$","?","M","E","R","BOSS","M","M","?","M","?","R","M","M","T","M","R","M","?","E","R","BOSS","M","M","M","M","?","E","M","E"],"build_version":"2022-12-18","purchased_purges":1,"victory":false,"max_hp_per_floor":[68,68,68,68,68,68,68,68,68,68,68,68,68,68,68,68,68,68,68,68,68,68,68,68,68,68,68,68,68,68,68,68,68,68,68,68,68,68,68,68,68,68],"relic_stats":{"Calipers":[522],"counters":[26,123],"VioletLotus":[66],"Pen Nib":[3],"Bag of Preparation":[16],"Membership Card":37,"PureWater":[20],"obtain_stats":[{"Calipers":6,"VioletLotus":17,"Pen Nib":40,"Bag of Preparation":31,"Membership Card":11,"PureWater":0,"Toxic Egg 2":26,"Empty Cage":34},{"Calipers":5,"VioletLotus":10,"Pen Nib":24,"Bag of Preparation":18,"Membership Card":7,"PureWater":0,"Toxic Egg 2":15,"Empty Cage":19},{"Calipers":18,"VioletLotus":42,"Pen Nib":114,"Bag of Preparation":81,"Membership Card":25,"PureWater":0,"Toxic Egg 2":68,"Empty Cage":93}]},"card_choices":[{"not_picked":["Purity","Discovery"],"picked":"Swift Strike","floor":0.0},{"not_picked":["BowlingBash","EmptyBody"],"picked":"Crescendo","floor":1.0},{"not_picked":["Halt","PathToVictory"],"picked":"EmptyFist","floor":2.0},{"not_picked":["PathToVictory","Protect"],"picked":"FearNoEvil","floor":4.0},{"not_picked":["MasterReality","Indignation","Sanctity"],"picked":"SKIP","floor":5},{"not_picked":["ClearTheMind","FlyingSleeves","FearNoEvil"],"picked":"SKIP","floor":6},{"not_picked":["ThirdEye","CrushJoints","Study"],"picked":"SKIP","floor":8},{"not_picked":["EmptyFist","BowlingBash"],"picked":"EmptyMind","floor":10},{"not_picked":["Evaluate","EmptyBody"],"picked":"TalkToTheHand","floor":13},{"not_picked":["Worship","BattleHymn"],"picked":"CutThroughFate","floor":14},{"not_picked":["MasterReality","DevaForm","Devotion"],"picked":"SKIP","floor":16},{"not_picked":["Crescendo","Indignation","Sanctity"],"picked":"SKIP","floor":18},{"not_picked":["EmptyFist","CarveReality"],"picked":"MentalFortress","floor":19},{"not_picked":["ClearTheMind","CrushJoints","Halt"],"picked":"SKIP","floor":21},{"not_picked":["SignatureMove","Protect","FollowUp"],"picked":"SKIP","floor":24},{"not_picked":["Study","FlyingSleeves","WreathOfFlame"],"picked":"SKIP","floor":25},{"not_picked":["SashWhip","Meditate+1","FlurryOfBlows+1"],"picked":"SKIP","floor":27},{"not_picked":["TalkToTheHand","Crescendo+1"],"picked":"Adaptation","floor":29},{"not_picked":["Meditate+1","Vengeance+1"],"picked":"Omniscience+1","floor":31},{"not_picked":["LessonLearned","Wish+1"],"picked":"Scrawl+1","floor":33},{"not_picked":["ReachHeaven","Perseverance+1"],"picked":"MentalFortress","floor":35},{"not_picked":["JustLucky","FollowUp","SashWhip"],"picked":"SKIP","floor":36},{"not_picked":["Wireheading","Protect+1","DeceiveReality+1"],"picked":"SKIP","floor":37},{"not_picked":["FlyingSleeves","ClearTheMind+1","SandsOfTime"],"picked":"SKIP","floor":38},{"not_picked":["Dark Shackles+1","Discovery+1"],"picked":"Master of Strategy+1","floor":39},{"not_picked":["Apotheosis+1","Discovery+1"],"picked":"Madness+1","floor":39},{"not_picked":["Secret Weapon+1","Blind+1"],"picked":"Bandage Up+1","floor":39},{"not_picked":["FlyingSleeves+1","SashWhip","PathToVictory+1"],"picked":"SKIP","floor":40},{"not_picked":["Prostrate+1","Evaluate+1","Weave"],"picked":"SKIP","floor":41}],"player_experience":1853686,"relics_obtained":[{"floor":6,"key":"Calipers"},{"floor":26,"key":"Toxic Egg 2"},{"floor":31,"key":"Bag of Preparation"},{"floor":40,"key":"Pen Nib"}],"event_choices":[{"damage_healed":0.0,"max_hp_gain":0.0,"max_hp_loss":0.0,"gold_gain":0.0,"event_name":"Liars Game","player_choice":"Ignored","floor":3.0,"gold_loss":0.0,"damage_taken":0.0},{"damage_healed":0,"gold_gain":50,"player_choice":"Pray","damage_taken":0,"max_hp_gain":0,"max_hp_loss":0,"event_name":"Golden Shrine","floor":12,"gold_loss":0},{"damage_healed":0,"gold_gain":0,"cards_transformed":["Strike_P","Strike_P"],"player_choice":"Became Test Subject","damage_taken":0,"max_hp_gain":0,"max_hp_loss":0,"event_name":"Drug Dealer","floor":20,"gold_loss":0,"cards_obtained":["FlurryOfBlows","WindmillStrike"]},{"cards_removed":["Strike_P"],"damage_healed":0,"gold_gain":0,"player_choice":"Gave Gold","damage_taken":0,"max_hp_gain":0,"max_hp_loss":0,"event_name":"Beggar","floor":22,"gold_loss":75},{"damage_healed":0,"gold_gain":50,"player_choice":"Stole From Cult","damage_taken":0,"max_hp_gain":0,"max_hp_loss":0,"event_name":"Nest","floor":30,"gold_loss":0},{"damage_healed":0,"gold_gain":0,"player_choice":"Memory 3","damage_taken":10,"max_hp_gain":0,"max_hp_loss":0,"event_name":"SensoryStone","floor":39,"gold_loss":0}],"is_beta":false,"boss_relics":[{"not_picked":["HolyWater","Tiny House"],"picked":"VioletLotus"},{"not_picked":["Coffee Dripper","SlaversCollar"],"picked":"Empty Cage"}],"items_purged_floors":[11],"is_endless":false,"potions_floor_spawned":[10,13,18,21,24,29,31,33,36,37,40],"killed_by":"Nemesis","ascension_level":20,"potion_discard_per_floor":[[],[],[],[],[],[],[],[],[],[],[],[],[],[],[],[],[],[],[],[],[],[],[],[],[],[],[],[],[],[],[],[],[],[],[],[],["LiquidBronze"],[],[],[],[],[]]}