{"neow_bonuses_skipped_log":["TRANSFORM_CARD","THREE_ENEMY_KILL","BOSS_RELIC"],"neow_costs_skipped_log":["NONE","NONE","NONE"],"potions_obtained_entropic_brew":[[],[],[],[],[],[],[],[],[],[],[],[],[],[],[],[],[],[],[],[],[],[],[],[],[],[],[],[],[],[],[],[],[],[],[],[],[],[],[],[],[],[],[],[],[],[],[],[],[],[],[],[],[],[],[],[],[]],"gold_per_floor":[119,138,153,172,247,247,272,29,52,52,85,97,97,129,129,200,200,212,230,230,240,61,87,87,116,116,136,136,150,176,203,203,282,309,330,343,343,355,298,331,206,243,243,256,274,124,152,162,162,162,162,162,162,74,99,99],"floor_reached":57,"playtime":5157,"items_purged":["Strike_P","Strike_P","SignatureMove","SandsOfTime"],"score":3092,"play_id":"c350c291-3e18-4397-bac2-97e8397229a8","local_time":"20230501190152","score_breakdown":["Floors Climbed (57): 285","Enemies Slain (18): 36","Exordium Elites Killed (3): 30","City Elites Killed (3): 60","Beyond Elites Killed (2): 60","Bosses Slain (5): 750","Pauper: 50","Champion (4): 100","Perfect (1): 50","C-c-c-combo: 25","Ascension (20): 1396","Heartbreaker: 250"],"is_ascension_mode":true,"potions_obtained_alchemize":[[],[],[],[],[],[],[],[],[],[],[],[],[],[],[],[],[],[],[],[],[],[],[],[],[],[],[],[],[],[],[],[],[],[],[],[],[],[],[],[],[],[],[],[],[],[],[],[],[],[],[],[],[],[],[],[],[]],"campfire_choices":[{"data":"Conclude","floor":6.0,"key":"SMITH"},{"data":"SandsOfTime","floor":10.0,"key":"SMITH"},{"data":"Tantrum","floor":15.0,"key":"SMITH"},{"data":"MentalFortress","floor":24.0,"key":"SMITH"},{"data":"ClearTheMind","floor":32.0,"key":"SMITH"},{"floor":49.0,"key":"RECALL"},{"data":"MentalFortress","floor":53,"key":"SMITH"}],"lesson_learned_per_floor":[[],[],[],[],[],[],[],[],[],[],[],[],[],[],[],[],[],[],[],[],[],[],[],[],[],[],[],[],[],[],[],[],[],[],[],[],[],[],[],[],[],[],[],[],[],[],[],[],[],[],[],[],[],[],[],[],[]],"neow_cost":"TEN_PERCENT_HP_LOSS","improvable_cards":{},"seed_source_timestamp":0,"shop_contents":[{"floor":8,"relics":["Toxic Egg 2","Lantern","PrismaticShard"],"cards":["EmptyFist","Evaluate","WaveOfTheHand","Madness","Chrysalis"],"potions":["Strength Potion","AttackPotion","Swift Potion"]},{"floor":22,"relics":["Bronze Scales","Question Card","TheAbacus"],"cards":["CutThroughFate","FlurryOfBlows","Prostrate","MentalFortress","Dramatic Entrance","Sadistic Nature"],"potions":["Explosive Potion","AttackPotion","BottledMiracle"]},{"floor":41,"relics":["White Beast Statue","Meat on the Bone","Frozen Eye"],"cards":["CutThroughFate","Consecrate","Prostrate","Halt","MentalFortress","Swift Strike","Chrysalis"],"potions":["Fire Potion","EssenceOfSteel","Regen Potion"]},{"floor":46,"relics":["Pear","Bag of Preparation","Toolbox"],"cards":["EmptyFist","FlurryOfBlows","EmptyMind","Halt","Nirvana","Forethought","Apotheosis"],"potions":["Swift Potion","CultistPotion","SteroidPotion"]},{"floor":54,"relics":["StrikeDummy","Bottled Lightning","OrangePellets"],"cards":["FollowUp","JustLucky","Sanctity","Study","Panacea","The Bomb"],"potions":["BlessingOfTheForge","Regen Potion"]}],"circlet_count":0,"master_deck":["AscendersBane","Eruption","Vigilance+1","FlurryOfBlows","Conclude+1","SandsOfTime+1","Tantrum+1","MentalFortress+1","Wallop","InnerPeace+1","ClearTheMind+1","EmptyBody+1","SandsOfTime+1","MentalFortress+1","Adaptation+1","Adaptation","EmptyMind"],"special_seed":0,"potion_use_per_floor":[[],[],[],[],[],[],[],[],[],[],[],[],[],[],[],["Strength Potion","GamblersBrew"],[],[],[],[],[],[],[],[],[],[],[],[],[],[],[],[],["Regen Potion"],[],[],[],[],[],[],[],[],["DistilledChaos"],[],[],[],[],[],["ColorlessPotion"],[],[],["PowerPotion"],[],[],[],[],["Strength Potion"],[]],"relics":["PureWater","Omamori","Toy Ornithopter","Tiny Chest","HornCleat","Bottled Tornado","Coffee Dripper","Necronomicon","War Paint","Dream Catcher","Eternal Feather","CeramicFish","Astrolabe","Incense Burner","Strawberry","Mummified Hand","Mango"],"potions_floor_usage":[51,56],"damage_taken":[{"damage":0.0,"enemies":"Cultist","floor":1.0,"turns":2.0},{"damage":0.0,"enemies":"Small Slimes","floor":2.0,"turns":2.0},{"damage":0.0,"enemies":"Jaw Worm","floor":3.0,"turns":1.0},{"damage":0.0,"enemies":"Exordium Wildlife","floor":4.0,"turns":1.0},{"damage":8.0,"enemies":"Gremlin Nob","floor":7.0,"turns":3.0},{"damage":4.0,"enemies":"Lagavulin","floor":11.0,"turns":5.0},{"damage":13.0,"enemies":"Blue Slaver","floor":12.0,"turns":2.0},{"damage":0.0,"enemies":"Gremlin Nob","floor":14.0,"turns":2.0},{"damage":11.0,"enemies":"Hexaghost","floor":16.0,"turns":5.0},{"damage":5.0,"enemies":"2 Thieves","floor":18.0,"turns":3.0},{"damage":0.0,"enemies":"Chosen","floor":19.0,"turns":3.0},{"damage":0.0,"enemies":"3 Cultists","floor":21.0,"turns":3.0},{"damage":0.0,"enemies":"Gremlin Leader","floor":23.0,"turns":2.0},{"damage":2.0,"enemies":"Book of Stabbing","floor":25.0,"turns":4.0},{"damage":0.0,"enemies":"Centurion and Healer","floor":27.0,"turns":3.0},{"damage":0.0,"enemies":"Chosen and Byrds","floor":29.0,"turns":3.0},{"damage":0.0,"enemies":"Gremlin Leader","floor":30.0,"turns":2.0},{"damage":0.0,"enemies":"3 Cultists","floor":31.0,"turns":3.0},{"damage":15.0,"enemies":"Collector","floor":33.0,"turns":5.0},{"damage":0.0,"enemies":"Orb Walker","floor":35.0,"turns":2.0},{"damage":0.0,"enemies":"3 Shapes","floor":36.0,"turns":4.0},{"damage":0.0,"enemies":"Spire Growth","floor":38.0,"turns":3.0},{"damage":0.0,"enemies":"Nemesis","floor":40.0,"turns":3.0},{"damage":14.0,"enemies":"Reptomancer","floor":42.0,"turns":3.0},{"damage":0.0,"enemies":"Transient","floor":44.0,"turns":6.0},{"damage":0.0,"enemies":"Sphere and 2 Shapes","floor":45.0,"turns":4.0},{"damage":0.0,"enemies":"Spire Growth","floor":47.0,"turns":3.0},{"damage":0.0,"enemies":"3 Darklings","floor":48.0,"turns":3.0},{"damage":0.0,"enemies":"Awakened One","floor":50.0,"turns":8.0},{"damage":15,"enemies":"Time Eater","floor":51,"turns":7},{"damage":21,"enemies":"Shield and Spear","floor":55,"turns":6},{"damage":12,"enemies":"The Heart","floor":56,"turns":9}],"green_key_taken_log":11,"seed_played":"7828207050393953569","neow_bonus_log":{"cardsObtained":[],"cardsUpgraded":[],"cardsRemoved":["Defend_P","Defend_P"],"cardsTransformed":[],"relicsObtained":[],"maxHpGained":0,"goldGained":0,"damageTaken":0,"goldLost":0,"maxHpLost":6},"potions_obtained":[{"floor":3.0,"key":"GamblersBrew"},{"floor":4.0,"key":"Dexterity Potion"},{"floor":14.0,"key":"Strength Potion"},{"floor":16.0,"key":"Regen Potion"},{"floor":19.0,"key":"SmokeBomb"},{"floor":30.0,"key":"SkillPotion"},{"floor":31.0,"key":"Regen Potion"},{"floor":33.0,"key":"Strength Potion"},{"floor":40.0,"key":"DistilledChaos"},{"floor":44.0,"key":"ColorlessPotion"},{"floor":48.0,"key":"PowerPotion"}],"is_trial":false,"path_per_floor":["M","M","M","M","?","R","E","$","T","R","E","M","?","E","R","B",null,"M","M","?","M","$","E","R","E","T","M","?","M","E","M","R","B",null,"M","M","T","M","?","E","$","E","T","M","M","$","M","M","R","B","B",null,"R","$","E","B",null],"character_chosen":"WATCHER","basemod:card_modifiers":[null,null,null,null,null,null,null,null,null,null,null,null,null,null,null,null,null],"items_purchased":["Tantrum","MentalFortress","InnerPeace","EmptyMind","BottledMiracle"],"campfire_rested":0,"item_purchase_floors":[8,8,22,54,54],"current_hp_per_floor":[61,61,61,61,50,50,42,42,42,42,38,25,20,20,20,19,51,46,46,25,25,25,25,25,23,23,23,23,23,23,23,32,36,56,56,56,56,56,56,56,56,54,54,54,54,54,54,59,68,68,54,65,69,69,62,55],"gold":99,"neow_bonus":"REMOVE_TWO","is_prod":false,"is_daily":false,"rewards_skipped":[{"floor":55,"relics":[],"potions":["Explosive Potion"]}],"chose_seed":false,"campfire_upgraded":6,"win_rate":0,"floor_exit_playtime":[176,286,361,415,433,470,597,737,795,838,1038,1108,1134,1279,1319,1464,1630,1725,1758,1819,1904,2002,2040,2055,2235,2246,2323,2368,2436,2465,2592,2597,2783,3061,3103,3175,3184,3230,3334,3411,3493,3588,3602,3835,3914,3953,4020,4102,4119,4462,4686,4697,4715,4750,4925,5157],"timestamp":1682982112,"blue_key_relic_skipped_log":{"floor":37,"relicID":"Regal Pillow"},"path_taken":["M","M","M","?","?","R","E","$","T","R","E","M","?","E","R","BOSS","M","M","?","M","$","E","R","E","T","M","?","M","E","M","R","BOSS","M","M","?","M","?","E","$","E","T","M","M","$","?","M","R","BOSS","BOSS","R","$","E","BOSS"],"build_version":"2022-12-18","purchased_purges":4,"victory":true,"max_hp_per_floor":[62,62,62,62,62,62,62,62,62,62,62,62,62,62,62,62,62,62,62,62,62,62,62,62,62,62,62,62,62,62,62,62,62,62,62,62,62,62,62,62,62,69,69,69,69,69,69,69,69,69,69,69,69,69,83,83],"relic_stats":{"counters":[32,115],"CeramicFish":90,"Astrolabe":["EmptyBody","SandsOfTime","DeceiveReality"],"Eternal Feather":22,"Omamori":1,"Bottled Tornado":"MentalFortress","War Paint":["InnerPeace","Vigilance"],"Dream Catcher":0,"Mummified Hand":[46],"Tiny Chest":1,"Necronomicon":[53],"PureWater":[21],"obtain_stats":[{"CeramicFish":30,"Astrolabe":34,"Eternal Feather":26,"Mango":55,"Omamori":7,"Incense Burner":40,"Bottled Tornado":14,"War Paint":23,"Dream Catcher":25,"HornCleat":13,"Mummified Hand":43,"Strawberry":42,"Tiny Chest":11,"Coffee Dripper":17,"Necronomicon":20,"PureWater":0,"Toy Ornithopter":9},{"CeramicFish":17,"Astrolabe":19,"Eternal Feather":14,"Mango":31,"Omamori":5,"Incense Burner":23,"Bottled Tornado":8,"War Paint":13,"Dream Catcher":14,"HornCleat":7,"Mummified Hand":24,"Strawberry":24,"Tiny Chest":6,"Coffee Dripper":9,"Necronomicon":11,"PureWater":0,"Toy Ornithopter":5},{"CeramicFish":46,"Astrolabe":54,"Eternal Feather":38,"Mango":106,"Omamori":9,"Incense Burner":66,"Bottled Tornado":18,"War Paint":34,"Dream Catcher":38,"HornCleat":16,"Mummified Hand":69,"Strawberry":69,"Tiny Chest":14,"Coffee Dripper":23,"Necronomicon":29,"PureWater":0,"Toy Ornithopter":9}],"Toy Ornithopter":31},"card_choices":[{"not_picked":["SashWhip","Nirvana"],"picked":"FlurryOfBlows","floor":1.0},{"not_picked":["ReachHeaven","WreathOfFlame"],"picked":"Conclude","floor":2.0},{"not_picked":["Prostrate","EmptyFist"],"picked":"SandsOfTime","floor":3.0},{"not_picked":["ClearTheMind","Prostrate","BattleHymn"],"picked":"SKIP","floor":4.0},{"not_picked":["Nirvana","Study","CarveReality"],"picked":"SKIP","floor":7.0},{"not_picked":["Perseverance","Protect","Consecrate"],"picked":"SKIP","floor":11.0},{"not_picked":["DevaForm","ClearTheMind"],"picked":"Wallop","floor":12.0},{"not_picked":["SashWhip","Conclude","Vengeance"],"picked":"SKIP","floor":14.0},{"not_picked":["DevaForm","DeusExMachina","Judgement"],"picked":"SKIP","floor":16.0},{"not_picked":["DeceiveReality","Swivel","Evaluate"],"picked":"SKIP","floor":18.0},{"not_picked":["Prostrate","Indignation","Crescendo"],"picked":"SKIP","floor":19.0},{"not_picked":["Protect+1","Wireheading","Sanctity"],"picked":"SKIP","floor":21.0},{"not_picked":["FlyingSleeves","Nirvana","JustLucky"],"picked":"SKIP","floor":23.0},{"not_picked":["ClearTheMind","Blasphemy","EmptyBody+1"],"picked":"SKIP","floor":25.0},{"not_picked":["SignatureMove","Fasting2","Crescendo+1"],"picked":"SKIP","floor":27.0},{"not_picked":["Fasting2","Study","EmptyFist"],"picked":"SKIP","floor":29.0},{"not_picked":["SpiritShield","JustLucky+1","BowlingBash"],"picked":"SKIP","floor":30.0},{"not_picked":["Evaluate","ThirdEye"],"picked":"ClearTheMind","floor":31.0},{"not_picked":["MasterReality","Wish","Brilliance"],"picked":"SKIP","floor":33.0},{"not_picked":["PathToVictory","Prostrate+1"],"picked":"MentalFortress","floor":35.0},{"not_picked":["EmptyBody","EmptyFist","FollowUp"],"picked":"SKIP","floor":36.0},{"not_picked":["Protect","FlyingSleeves","EmptyFist"],"picked":"SKIP","floor":38.0},{"not_picked":["Devotion","Sanctity","ClearTheMind"],"picked":"SKIP","floor":40.0},{"not_picked":["MentalFortress","Protect"],"picked":"Adaptation+1","floor":42.0},{"not_picked":["Crescendo","JustLucky+1","InnerPeace"],"picked":"SKIP","floor":44.0},{"not_picked":["Crescendo","JustLucky+1","InnerPeace"],"picked":"SKIP","floor":44.0},{"not_picked":["SashWhip","Pray","LikeWater"],"picked":"SKIP","floor":45.0},{"not_picked":["Crescendo+1","Worship"],"picked":"Adaptation","floor":47.0},{"not_picked":["BowlingBash","Wallop+1","CrushJoints"],"picked":"SKIP","floor":48.0},{"not_picked":["PathToVictory+1","FollowUp","Conclude"],"picked":"SKIP","floor":55}],"player_experience":1902489,"relics_obtained":[{"floor":7.0,"key":"Omamori"},{"floor":9.0,"key":"Toy Ornithopter"},{"floor":11.0,"key":"Tiny Chest"},{"floor":14.0,"key":"Bottled Tornado"},{"floor":20.0,"key":"Necronomicon"},{"floor":23.0,"key":"War Paint"},{"floor":25.0,"key":"Dream Catcher"},{"floor":26.0,"key":"Eternal Feather"},{"floor":30.0,"key":"CeramicFish"},{"floor":40.0,"key":"Incense Burner"},{"floor":42.0,"key":"Strawberry"},{"floor":43.0,"key":"Mummified Hand"},{"floor":55,"key":"Mango"}],"event_choices":[{"damage_healed":0.0,"max_hp_gain":0.0,"max_hp_loss":0.0,"gold_gain":75.0,"event_name":"World of Goop","player_choice":"Gather Gold","floor":5.0,"gold_loss":0.0,"damage_taken":11.0},{"damage_healed":0.0,"max_hp_gain":0.0,"max_hp_loss":0.0,"gold_gain":0.0,"event_name":"Scrap Ooze","player_choice":"Success","floor":13.0,"gold_loss":0.0,"damage_taken":5.0,"relics_obtained":["HornCleat"]},{"damage_healed":0.0,"max_hp_gain":0.0,"max_hp_loss":0.0,"gold_gain":0.0,"event_name":"Cursed Tome","player_choice":"Obtained Book","floor":20.0,"gold_loss":0.0,"damage_taken":21.0},{"damage_healed":0.0,"max_hp_gain":0.0,"max_hp_loss":0.0,"gold_gain":0.0,"event_name":"Ghosts","player_choice":"Ignored","floor":28.0,"gold_loss":0.0,"damage_taken":0.0},{"damage_healed":0.0,"max_hp_gain":0.0,"max_hp_loss":0.0,"gold_gain":0.0,"cards_transformed":["Defend_P","DeceiveReality"],"event_name":"Designer","player_choice":"Transformed Cards","floor":39.0,"gold_loss":75.0,"damage_taken":0.0,"cards_obtained":["SandsOfTime","SignatureMove"]}],"is_beta":false,"boss_relics":[{"not_picked":["Pandora\u0027s Box","Runic Dome"],"picked":"Coffee Dripper"},{"not_picked":["Empty Cage","Busted Crown"],"picked":"Astrolabe"}],"items_purged_floors":[8,22,41,46],"is_endless":false,"potions_floor_spawned":[3,4,14,16,19,30,31,33,40,44,48,55],"ascension_level":20,"potion_discard_per_floor":[[],[],[],[],[],[],[],[],[],[],[],[],[],["Dexterity Potion"],[],[],[],[],[],[],[],[],[],[],[],[],[],[],[],["SmokeBomb"],["Regen Potion"],[],[],[],[],[],[],[],[],["SkillPotion"],[],[],[],[],[],[],[],[],[],[],[],[],[],[],[],[],[]]}