{"neow_bonuses_skipped_log":["RANDOM_COMMON_RELIC","TRANSFORM_TWO_CARDS","BOSS_RELIC"],"neow_costs_skipped_log":["NONE","CURSE","NONE"],"potions_obtained_entropic_brew":[[],[],[],[],[],[],[],[],[],[],[],[],[],[],[],[],[]],"gold_per_floor":[117,133,144,154,229,229,255,273,273,300,330,348,359,387,387,463,463],"floor_reached":17,"playtime":537,"items_purged":[],"score":338,"play_id":"b218ab07-fae7-475e-8be9-7ff14e46aa4b","local_time":"20230424130749","score_breakdown":["Floors Climbed (17): 85","Enemies Slain (7): 14","Exordium Elites Killed (2): 20","Bosses Slain (1): 50","Ascension (20): 169"],"is_ascension_mode":true,"potions_obtained_alchemize":[[],[],[],[],[],[],[],[],[],[],[],[],[],[],[],[],[]],"campfire_choices":[{"data":"EmptyFist","floor":6.0,"key":"SMITH"},{"floor":15,"key":"REST"}],"lesson_learned_per_floor":[[],[],[],[],[],[],[],[],[],[],[],[],[],[],[],[],[]],"neow_cost":"NONE","improvable_cards":{},"seed_source_timestamp":1070750784570199,"shop_contents":[],"circlet_count":0,"master_deck":["AscendersBane","Strike_P","Strike_P","Strike_P","Strike_P","Defend_P","Defend_P","Defend_P","Defend_P","Eruption+1","Vigilance","MentalFortress","EmptyFist+1","CutThroughFate","Crescendo","CrushJoints","Tantrum","EmptyBody"],"special_seed":0,"potion_use_per_floor":[[],[],[],[],[],[],["Regen Potion","Swift Potion"],[],[],[],["Block Potion"],[],[],[],[],[],[]],"relics":["PureWater","Odd Mushroom","Blood Vial","Centennial Puzzle","Regal Pillow","TeardropLocket"],"potions_floor_usage":[],"damage_taken":[{"damage":0.0,"enemies":"Cultist","floor":1.0,"turns":3.0},{"damage":0.0,"enemies":"Jaw Worm","floor":2.0,"turns":3.0},{"damage":10.0,"enemies":"2 Louse","floor":3.0,"turns":3.0},{"damage":6.0,"enemies":"Looter","floor":4.0,"turns":3.0},{"damage":20.0,"enemies":"The Mushroom Lair","floor":7.0,"turns":4.0},{"damage":8.0,"enemies":"2 Fungi Beasts","floor":8.0,"turns":3.0},{"damage":10.0,"enemies":"Gremlin Nob","floor":11.0,"turns":3.0},{"damage":2.0,"enemies":"Large Slime","floor":12.0,"turns":3.0},{"damage":0,"enemies":"Red Slaver","floor":13,"turns":1},{"damage":6,"enemies":"3 Sentries","floor":14,"turns":5},{"damage":27,"enemies":"Slime Boss","floor":16,"turns":7}],"seed_played":"-8954037185569598380","neow_bonus_log":{"cardsObtained":[],"cardsUpgraded":["Eruption"],"cardsRemoved":[],"cardsTransformed":[],"relicsObtained":[],"maxHpGained":0,"goldGained":0,"damageTaken":0,"goldLost":0,"maxHpLost":0},"potions_obtained":[{"floor":3.0,"key":"Regen Potion"},{"floor":4.0,"key":"Swift Potion"},{"floor":7.0,"key":"Block Potion"},{"floor":11.0,"key":"Energy Potion"}],"is_trial":false,"path_per_floor":["M","M","M","M","?","R","?","M","T","T","E","M","M","E","R","B",null],"character_chosen":"WATCHER","basemod:card_modifiers":[null,null,null,null,null,null,null,null,null,null,null,null,null,null,null,null,null,null],"items_purchased":[],"campfire_rested":1,"item_purchase_floors":[],"current_hp_per_floor":[61,61,51,45,34,34,26,18,18,18,10,10,12,8,43,18,18],"gold":463,"neow_bonus":"UPGRADE_CARD","is_prod":false,"is_daily":false,"rewards_skipped":[],"chose_seed":false,"campfire_upgraded":1,"win_rate":0,"floor_exit_playtime":[51,75,113,140,143,157,227,275,284,287,324,354,364,445,448,531],"timestamp":1682356069,"path_taken":["M","M","M","?","?","R","?","M","T","?","E","M","?","E","R","BOSS"],"build_version":"2022-12-18","purchased_purges":0,"victory":false,"max_hp_per_floor":[68,68,68,68,68,68,68,68,68,68,68,68,68,68,68,68,68],"relic_stats":{"Blood Vial":10,"Centennial Puzzle":[12],"Regal Pillow":15,"counters":[11,38],"PureWater":[10],"obtain_stats":[{"Blood Vial":9,"Centennial Puzzle":10,"Regal Pillow":11,"TeardropLocket":14,"PureWater":0,"Odd Mushroom":7},{"Blood Vial":6,"Centennial Puzzle":6,"Regal Pillow":7,"TeardropLocket":10,"PureWater":0,"Odd Mushroom":5},{"Blood Vial":19,"Centennial Puzzle":19,"Regal Pillow":22,"TeardropLocket":31,"PureWater":0,"Odd Mushroom":16}]},"card_choices":[{"not_picked":["Evaluate","Consecrate"],"picked":"MentalFortress","floor":1.0},{"not_picked":["PathToVictory","Alpha"],"picked":"EmptyFist","floor":2.0},{"not_picked":["Protect","ClearTheMind"],"picked":"CutThroughFate","floor":3.0},{"not_picked":["Study","Fasting2"],"picked":"Crescendo","floor":4.0},{"not_picked":["BattleHymn","EmptyFist"],"picked":"CrushJoints","floor":7.0},{"not_picked":["FearNoEvil","BowlingBash"],"picked":"Tantrum","floor":8.0},{"not_picked":["FlyingSleeves","DevaForm"],"picked":"EmptyBody","floor":11.0},{"not_picked":["BowlingBash","PathToVictory","MentalFortress"],"picked":"SKIP","floor":12.0},{"not_picked":["FlyingSleeves","CrushJoints","Prostrate"],"picked":"SKIP","floor":13},{"not_picked":["Meditate","Wireheading","ClearTheMind"],"picked":"SKIP","floor":14},{"not_picked":["Devotion","Alpha","Brilliance"],"picked":"SKIP","floor":16}],"player_experience":1881245,"relics_obtained":[{"floor":7.0,"key":"Odd Mushroom"},{"floor":9.0,"key":"Blood Vial"},{"floor":10.0,"key":"Centennial Puzzle"},{"floor":11.0,"key":"Regal Pillow"},{"floor":14,"key":"TeardropLocket"}],"event_choices":[{"damage_healed":0.0,"max_hp_gain":0.0,"max_hp_loss":0.0,"gold_gain":75.0,"event_name":"World of Goop","player_choice":"Gather Gold","floor":5.0,"gold_loss":0.0,"damage_taken":11.0},{"damage_healed":0.0,"max_hp_gain":0.0,"max_hp_loss":0.0,"gold_gain":0.0,"event_name":"Mushrooms","player_choice":"Fought Mushrooms","floor":7.0,"gold_loss":0.0,"damage_taken":0.0}],"is_beta":false,"boss_relics":[],"items_purged_floors":[],"is_endless":false,"potions_floor_spawned":[3,4,7,11],"ascension_level":20,"potion_discard_per_floor":[[],[],[],[],[],[],[],[],[],[],[],[],[],[],[],[],[]]}