{"neow_bonuses_skipped_log":["TRANSFORM_CARD","ONE_RARE_RELIC","BOSS_RELIC"],"neow_costs_skipped_log":["NONE","PERCENT_DAMAGE","NONE"],"potions_obtained_entropic_brew":[[],[],[],[],[],[],[],[],[],[],[],[],[],[],[],[]],"gold_per_floor":[218,34,84,100,111,111,142,142,168,203,223,241,267,285,285,285],"floor_reached":16,"playtime":3485,"items_purged":["Defend_P"],"score":244,"play_id":"d118e403-2a6b-4e57-930e-15a5c25d53c7","local_time":"20230511152211","score_breakdown":["Floors Climbed (16): 80","Enemies Slain (6): 12","Exordium Elites Killed (3): 30","Bosses Slain (0): 0","Ascension (20): 122"],"is_ascension_mode":true,"potions_obtained_alchemize":[[],[],[],[],[],[],[],[],[],[],[],[],[],[],[],[]],"campfire_choices":[{"data":"Eruption","floor":6,"key":"SMITH"},{"data":"FlurryOfBlows","floor":8,"key":"SMITH"},{"data":"Wireheading","floor":15,"key":"SMITH"}],"lesson_learned_per_floor":[[],[],[],[],[],[],[],[],[],[],[],[],[],[],[],[]],"neow_cost":"NONE","improvable_cards":{},"seed_source_timestamp":884271407482700,"shop_contents":[{"floor":2,"relics":["Art of War","Sundial","PrismaticShard"],"cards":["CutThroughFate","Protect","ClearTheMind","MentalFortress","Mind Blast","Master of Strategy"],"potions":["SpeedPotion","Dexterity Potion"]}],"circlet_count":0,"master_deck":["AscendersBane","Strike_P","Strike_P","Strike_P","Strike_P","Defend_P","Defend_P","Defend_P","Eruption+1","Vigilance","FlurryOfBlows+1","CutThroughFate","CutThroughFate","Vault","Wallop","WheelKick","Wireheading+1"],"potion_use_per_floor":[[],[],[],[],[],[],["Strength Potion"],[],[],["Dexterity Potion"],[],[],[],[],[],["Swift Potion"]],"relics":["PureWater","Toy Ornithopter","Bag of Marbles","PreservedInsect","Dream Catcher"],"potions_floor_usage":[7,10,16],"damage_taken":[{"damage":2,"enemies":"Jaw Worm","floor":1,"turns":3},{"damage":2,"enemies":"Cultist","floor":4,"turns":3},{"damage":3,"enemies":"Small Slimes","floor":5,"turns":3},{"damage":2,"enemies":"3 Sentries","floor":7,"turns":3},{"damage":10,"enemies":"Lagavulin","floor":10,"turns":3},{"damage":0,"enemies":"3 Louse","floor":11,"turns":5},{"damage":0,"enemies":"Large Slime","floor":12,"turns":1},{"damage":2,"enemies":"3 Sentries","floor":13,"turns":4},{"damage":0,"enemies":"Looter","floor":14,"turns":2},{"damage":50,"enemies":"The Guardian","floor":16,"turns":3}],"green_key_taken_log":10,"seed_played":"-4517848706108384147","neow_bonus_log":{"cardsObtained":[],"cardsUpgraded":[],"cardsRemoved":[],"cardsTransformed":[],"relicsObtained":[],"maxHpGained":0,"goldGained":100,"damageTaken":0,"goldLost":0,"maxHpLost":0},"potions_obtained":[{"floor":4,"key":"Swift Potion"},{"floor":7,"key":"Dexterity Potion"},{"floor":11,"key":"Weak Potion"},{"floor":12,"key":"Fire Potion"}],"is_trial":false,"path_per_floor":["M","$","?","M","M","R","E","R","T","E","M","M","E","M","R","B"],"character_chosen":"WATCHER","basemod:card_modifiers":[null,null,null,null,null,null,null,null,null,null,null,null,null,null,null,null,null],"items_purchased":["FlurryOfBlows","Strength Potion"],"campfire_rested":0,"item_purchase_floors":[2,2],"current_hp_per_floor":[59,59,59,57,54,54,52,52,52,47,47,47,45,45,45,0],"gold":285,"neow_bonus":"HUNDRED_GOLD","is_prod":false,"is_daily":false,"rewards_skipped":[],"chose_seed":false,"campfire_upgraded":3,"win_rate":0,"floor_exit_playtime":[50,82,85,115,155,161,220,227,230,287,3283,3312,3382,3418,3431],"timestamp":1683832931,"path_taken":["M","$","?","M","M","R","E","R","T","E","M","M","E","M","R","BOSS"],"build_version":"2022-12-18","purchased_purges":1,"victory":false,"max_hp_per_floor":[68,68,68,68,68,68,68,68,68,68,68,68,68,68,68,68],"relic_stats":{"Dream Catcher":0,"counters":[10,30],"PreservedInsect":32,"PureWater":[9],"obtain_stats":[{"Dream Catcher":13,"PreservedInsect":10,"Bag of Marbles":9,"PureWater":0,"Toy Ornithopter":7},{"Dream Catcher":8,"PreservedInsect":5,"Bag of Marbles":4,"PureWater":0,"Toy Ornithopter":4},{"Dream Catcher":25,"PreservedInsect":15,"Bag of Marbles":12,"PureWater":0,"Toy Ornithopter":12}],"Toy Ornithopter":10},"card_choices":[{"not_picked":["EmptyBody","BowlingBash","Study"],"picked":"SKIP","floor":1},{"not_picked":["TalkToTheHand","SashWhip"],"picked":"CutThroughFate","floor":4},{"not_picked":["FlurryOfBlows","DeceiveReality"],"picked":"CutThroughFate","floor":5},{"not_picked":["FlyingSleeves","Consecrate"],"picked":"Vault","floor":7},{"not_picked":["CrushJoints","ThirdEye"],"picked":"Wallop","floor":10},{"not_picked":["JustLucky","Protect","FlyingSleeves"],"picked":"SKIP","floor":11},{"not_picked":["JustLucky","Protect"],"picked":"WheelKick","floor":12},{"not_picked":["WreathOfFlame","Brilliance","BowlingBash"],"picked":"SKIP","floor":13},{"not_picked":["Wallop","BowlingBash"],"picked":"Wireheading","floor":14}],"player_experience":1908594,"relics_obtained":[{"floor":7,"key":"Toy Ornithopter"},{"floor":9,"key":"Bag of Marbles"},{"floor":10,"key":"PreservedInsect"},{"floor":13,"key":"Dream Catcher"}],"event_choices":[{"damage_healed":0,"gold_gain":50,"player_choice":"Pray","damage_taken":0,"max_hp_gain":0,"max_hp_loss":0,"event_name":"Golden Shrine","floor":3,"gold_loss":0}],"is_beta":false,"boss_relics":[],"items_purged_floors":[2],"is_endless":false,"potions_floor_spawned":[4,7,11,12],"killed_by":"The Guardian","ascension_level":20,"potion_discard_per_floor":[[],[],[],[],[],[],[],[],[],[],[],["Weak Potion"],[],[],[],[]]}