{"neow_bonuses_skipped_log":["THREE_ENEMY_KILL","RANDOM_COLORLESS_2","BOSS_RELIC"],"neow_costs_skipped_log":["NONE","CURSE","NONE"],"potions_obtained_entropic_brew":[[],[],[],[],[],[],[],[],[],[],[],[],[],[],[],[],[],[],[],[],[],[],[],[],[],[],[],[],[]],"gold_per_floor":[109,184,229,243,256,256,287,298,298,298,314,344,19,34,34,111,111,131,331,350,102,102,127,127,162,162,2,2,2],"floor_reached":29,"playtime":1359,"items_purged":["Strike_P","Strike_P"],"score":542,"play_id":"8a9d0ae7-152b-4658-b4a4-d8daa6715947","local_time":"20230531171127","score_breakdown":["Floors Climbed (29): 145","Enemies Slain (8): 16","Exordium Elites Killed (2): 20","City Elites Killed (2): 40","Bosses Slain (1): 50","Ascension (20): 271"],"is_ascension_mode":true,"potions_obtained_alchemize":[[],[],[],[],[],[],[],[],[],[],[],[],[],[],[],[],[],[],[],[],[],[],[],[],[],[],[],[],[]],"campfire_choices":[{"data":"CutThroughFate","floor":6.0,"key":"SMITH"},{"floor":10.0,"key":"REST"},{"floor":15.0,"key":"REST"},{"data":"ThirdEye","floor":24.0,"key":"SMITH"},{"data":"Sanctity","floor":28,"key":"SMITH"}],"lesson_learned_per_floor":[[],[],[],[],[],[],[],[],[],[],[],[],[],[],[],[],[],[],[],[],[],[],[],[],[],[],[],[],[]],"neow_cost":"NONE","improvable_cards":{},"seed_source_timestamp":916486967695400,"shop_contents":[{"floor":13,"relics":["CaptainsWheel","OrangePellets"],"cards":["Consecrate","TalkToTheHand","WaveOfTheHand","Halt","Establishment","Magnetism"],"potions":["Strength Potion","SkillPotion","Energy Potion"]},{"floor":21,"relics":["Boot","Bag of Marbles","Sling"],"cards":["Ragnarok","CarveReality","PathToVictory","Wish","Establishment","Chrysalis"],"potions":["EssenceOfSteel","BlessingOfTheForge"]},{"floor":27,"relics":["Question Card","Nunchaku"],"cards":["WindmillStrike","FlurryOfBlows","Wish","Evaluate","Fasting2","Forethought","Sadistic Nature"],"potions":["FearPotion","EntropicBrew","SneckoOil"]}],"circlet_count":0,"master_deck":["AscendersBane","Strike_P","Strike_P","Defend_P","Defend_P","Defend_P","Eruption","Vigilance","Alpha+1","CutThroughFate+1","JustLucky","ThirdEye+1","InnerPeace","EmptyBody","Dark Shackles","ClearTheMind","DeusExMachina","Wireheading","Sanctity+1","Discovery"],"special_seed":0,"potion_use_per_floor":[[],[],[],[],[],[],[],[],[],[],["Swift Potion"],["ColorlessPotion"],[],[],[],["BottledMiracle","Dexterity Potion"],[],[],[],["EssenceOfSteel"],[],[],["ColorlessPotion"],[],[],[],[],[],["Energy Potion"]],"relics":["PureWater","Art of War","Bronze Scales","Ornamental Fan","Bag of Preparation","PreservedInsect","Coffee Dripper","Mummified Hand","Omamori","PrismaticShard"],"potions_floor_usage":[29],"damage_taken":[{"damage":1.0,"enemies":"Small Slimes","floor":1.0,"turns":4.0},{"damage":2.0,"enemies":"Jaw Worm","floor":4.0,"turns":3.0},{"damage":1.0,"enemies":"Cultist","floor":5.0,"turns":3.0},{"damage":20.0,"enemies":"Lagavulin","floor":7.0,"turns":6.0},{"damage":12.0,"enemies":"Large Slime","floor":8.0,"turns":4.0},{"damage":23.0,"enemies":"Exordium Thugs","floor":11.0,"turns":3.0},{"damage":7.0,"enemies":"3 Sentries","floor":12.0,"turns":6.0},{"damage":0.0,"enemies":"Blue Slaver","floor":14.0,"turns":3.0},{"damage":18.0,"enemies":"The Guardian","floor":16.0,"turns":9.0},{"damage":7.0,"enemies":"3 Byrds","floor":18.0,"turns":3.0},{"damage":11.0,"enemies":"2 Thieves","floor":20.0,"turns":3.0},{"damage":10.0,"enemies":"Slavers","floor":23.0,"turns":3.0},{"damage":15.0,"enemies":"Book of Stabbing","floor":25.0,"turns":5.0},{"damage":10,"enemies":"Gremlin Leader","floor":29,"turns":2}],"seed_played":"498514267464744773","neow_bonus_log":{"cardsObtained":["Alpha"],"cardsUpgraded":[],"cardsRemoved":[],"cardsTransformed":["Defend_P"],"relicsObtained":[],"maxHpGained":0,"goldGained":0,"damageTaken":0,"goldLost":0,"maxHpLost":0},"potions_obtained":[{"floor":5.0,"key":"ColorlessPotion"},{"floor":7.0,"key":"Swift Potion"},{"floor":11.0,"key":"BottledMiracle"},{"floor":12.0,"key":"Dexterity Potion"},{"floor":18.0,"key":"EssenceOfSteel"},{"floor":20.0,"key":"Energy Potion"}],"is_trial":false,"path_per_floor":["M","?","T","M","M","R","E","M","T","R","M","E","$","M","R","B",null,"M","?","M","$","?","E","R","E","T","$","R","E"],"character_chosen":"WATCHER","basemod:card_modifiers":[null,null,null,null,null,null,null,null,null,null,null,null,null,null,null,null,null,null,null,null],"items_purchased":["Dark Shackles","PreservedInsect","Discovery","ColorlessPotion","PrismaticShard"],"campfire_rested":2,"item_purchase_floors":[13,13,21,21,27],"current_hp_per_floor":[60,49,49,47,46,46,26,14,14,34,11,4,4,4,24,6,53,46,46,35,35,35,25,25,10,10,10,10,0],"gold":2,"neow_bonus":"TRANSFORM_CARD","is_prod":false,"is_daily":false,"rewards_skipped":[],"chose_seed":false,"campfire_upgraded":3,"win_rate":0,"floor_exit_playtime":[82,89,92,124,187,201,269,316,320,342,429,531,580,620,623,747,766,960,979,1033,1055,1060,1150,1166,1283,1286,1296,1306],"timestamp":1685567487,"blue_key_relic_skipped_log":{"floor":26,"relicID":"Regal Pillow"},"path_taken":["M","?","?","M","M","R","E","M","T","R","M","E","$","M","R","BOSS","M","?","?","$","?","E","R","E","T","?","R","E"],"build_version":"2022-12-18","purchased_purges":2,"victory":false,"max_hp_per_floor":[68,68,68,68,68,68,68,68,68,68,68,68,68,68,68,68,68,68,68,68,68,68,68,68,68,68,68,68,68],"relic_stats":{"counters":[14,57],"Ornamental Fan":[4],"Mummified Hand":[4],"Bronze Scales":[177],"PreservedInsect":133,"Art of War":[15],"Bag of Preparation":[15],"Omamori":0,"PureWater":[13],"obtain_stats":[{"Ornamental Fan":9,"Mummified Hand":23,"Bronze Scales":7,"PreservedInsect":13,"Art of War":3,"Bag of Preparation":12,"Coffee Dripper":17,"Omamori":25,"PureWater":0,"PrismaticShard":27},{"Ornamental Fan":5,"Mummified Hand":12,"Bronze Scales":4,"PreservedInsect":7,"Art of War":1,"Bag of Preparation":7,"Coffee Dripper":9,"Omamori":13,"PureWater":0,"PrismaticShard":13},{"Ornamental Fan":20,"Mummified Hand":50,"Bronze Scales":16,"PreservedInsect":29,"Art of War":4,"Bag of Preparation":29,"Coffee Dripper":41,"Omamori":55,"PureWater":0,"PrismaticShard":55}]},"card_choices":[{"not_picked":["Prostrate","WindmillStrike"],"picked":"CutThroughFate","floor":1.0},{"not_picked":["Prostrate","CutThroughFate"],"picked":"JustLucky","floor":4.0},{"not_picked":["BowlingBash","Devotion","SashWhip"],"picked":"SKIP","floor":5.0},{"not_picked":["BowlingBash","Devotion","SashWhip"],"picked":"SKIP","floor":5.0},{"not_picked":["InnerPeace","Nirvana"],"picked":"ThirdEye","floor":7.0},{"not_picked":["ThirdEye","Evaluate"],"picked":"InnerPeace","floor":8.0},{"not_picked":["Swivel","SignatureMove","Crescendo"],"picked":"SKIP","floor":11.0},{"not_picked":["Tantrum","PathToVictory"],"picked":"EmptyBody","floor":12.0},{"not_picked":["Consecrate","FearNoEvil"],"picked":"ClearTheMind","floor":14.0},{"not_picked":["MasterReality","Alpha"],"picked":"DeusExMachina","floor":16.0},{"not_picked":["Protect","EmptyBody"],"picked":"Wireheading","floor":18.0},{"not_picked":["EmptyBody","Crescendo"],"picked":"Sanctity","floor":20.0},{"not_picked":["ThirdEye","ReachHeaven+1","EmptyFist"],"picked":"SKIP","floor":23.0},{"not_picked":["FollowUp","ForeignInfluence","CutThroughFate"],"picked":"SKIP","floor":25.0}],"player_experience":1948825,"relics_obtained":[{"floor":3.0,"key":"Art of War"},{"floor":7.0,"key":"Bronze Scales"},{"floor":9.0,"key":"Ornamental Fan"},{"floor":12.0,"key":"Bag of Preparation"},{"floor":23.0,"key":"Mummified Hand"},{"floor":25.0,"key":"Omamori"}],"event_choices":[{"damage_healed":0.0,"max_hp_gain":0.0,"max_hp_loss":0.0,"gold_gain":75.0,"event_name":"World of Goop","player_choice":"Gather Gold","floor":2.0,"gold_loss":0.0,"damage_taken":11.0},{"damage_healed":0.0,"max_hp_gain":0.0,"max_hp_loss":0.0,"gold_gain":200.0,"event_name":"Wheel of Change","player_choice":"Gold","floor":19.0,"gold_loss":0.0,"damage_taken":0.0},{"damage_healed":0.0,"max_hp_gain":0.0,"max_hp_loss":0.0,"gold_gain":0.0,"event_name":"Upgrade Shrine","player_choice":"Upgraded","floor":22.0,"gold_loss":0.0,"damage_taken":0.0,"cards_upgraded":["Alpha"]}],"is_beta":false,"boss_relics":[{"not_picked":["SlaversCollar","SacredBark"],"picked":"Coffee Dripper"}],"items_purged_floors":[13,21],"is_endless":false,"potions_floor_spawned":[5,7,11,12,18,20],"killed_by":"Gremlin Leader","ascension_level":20,"potion_discard_per_floor":[[],[],[],[],[],[],[],[],[],[],[],[],[],[],[],[],[],[],[],[],[],[],[],[],[],[],[],[],[]]}