{"neow_bonuses_skipped_log":["TRANSFORM_CARD","RANDOM_COLORLESS_2","BOSS_RELIC"],"neow_costs_skipped_log":["NONE","PERCENT_DAMAGE","NONE"],"potions_obtained_entropic_brew":[[],[],[],[],[],[],[],[],[],[],[],[],[],[],[],[],[],[],[],[],[],[],[],[],[],[],[],[],[],[],[],[],[]],"gold_per_floor":[110,129,141,161,161,161,179,179,179,205,130,161,113,125,125,200,200,212,212,229,248,87,114,114,114,114,148,48,68,81,112,112,112],"floor_reached":33,"playtime":1017,"items_purged":["Defend_P","Defend_P"],"score":684,"play_id":"d776c94e-b5d4-44f7-9f32-610698f3b29d","local_time":"20230615110729","score_breakdown":["Floors Climbed (33): 165","Enemies Slain (11): 22","Exordium Elites Killed (2): 20","City Elites Killed (3): 60","Bosses Slain (1): 50","Champion (1): 25","Ascension (20): 342"],"is_ascension_mode":true,"potions_obtained_alchemize":[[],[],[],[],[],[],[],[],[],[],[],[],[],[],[],[],[],[],[],[],[],[],[],[],[],[],[],[],[],[],[],[],[]],"campfire_choices":[{"data":"Eruption","floor":6,"key":"SMITH"},{"data":"Tantrum","floor":15,"key":"SMITH"},{"data":"Scrawl","floor":24,"key":"SMITH"},{"floor":32,"key":"REST"}],"lesson_learned_per_floor":[[],[],[],[],[],[],[],[],[],[],[],[],[],[],[],[],[],[],[],[],[],[],[],[],[],[],[],[],[],[],[],[],[]],"neow_cost":"NONE","improvable_cards":{},"seed_source_timestamp":24925888570200,"shop_contents":[{"floor":11,"relics":["Whetstone","Juzu Bracelet","DollysMirror"],"cards":["Ragnarok","Brilliance","EmptyBody","Collect","Study","Bandage Up","Magnetism"],"potions":["Weak Potion","SpeedPotion","EssenceOfSteel"]},{"floor":22,"relics":["Strawberry","Cauldron"],"cards":["Weave","JustLucky","WreathOfFlame","EmptyMind","Wireheading","Discovery","Panache"],"potions":["DuplicationPotion","Swift Potion","Explosive Potion"]},{"floor":28,"relics":["Prayer Wheel","Yang","Orrery"],"cards":["WindmillStrike","Brilliance","Vault","PathToVictory","DevaForm","Impatience","Chrysalis"],"potions":["PowerPotion","Explosive Potion","SpeedPotion"]}],"circlet_count":0,"master_deck":["AscendersBane","Strike_P","Strike_P","Strike_P","Strike_P","Defend_P","Defend_P","Eruption+1","Vigilance","FlyingSleeves","EmptyFist","Tantrum+1","Scrawl+1","MentalFortress"],"potion_use_per_floor":[[],[],[],[],[],[],[],[],[],[],[],["BlessingOfTheForge"],[],[],[],["Dexterity Potion","Weak Potion"],[],[],[],[],[],[],["SteroidPotion"],[],[],[],[],[],[],[],["Energy Potion"],[],["AttackPotion"]],"relics":["PureWater","Lantern","Eternal Feather","Du-Vu Doll","WingedGreaves","Boot","VioletLotus","Bag of Preparation","Bag of Marbles","InkBottle","Letter Opener","Bronze Scales"],"potions_floor_usage":[12,16,16,23,31,33],"damage_taken":[{"damage":6,"enemies":"2 Louse","floor":1,"turns":2},{"damage":0,"enemies":"Jaw Worm","floor":2,"turns":2},{"damage":0,"enemies":"Small Slimes","floor":3,"turns":2},{"damage":2,"enemies":"Looter","floor":4,"turns":4},{"damage":8,"enemies":"Blue Slaver","floor":7,"turns":4},{"damage":10,"enemies":"3 Sentries","floor":10,"turns":4},{"damage":5,"enemies":"Lagavulin","floor":12,"turns":3},{"damage":0,"enemies":"Large Slime","floor":14,"turns":2},{"damage":9,"enemies":"Hexaghost","floor":16,"turns":7},{"damage":0,"enemies":"Spheric Guardian","floor":18,"turns":1},{"damage":0,"enemies":"Chosen","floor":20,"turns":2},{"damage":7,"enemies":"Centurion and Healer","floor":21,"turns":5},{"damage":17,"enemies":"Book of Stabbing","floor":23,"turns":3},{"damage":0,"enemies":"Gremlin Leader","floor":27,"turns":3},{"damage":0,"enemies":"Shelled Parasite and Fungi","floor":29,"turns":2},{"damage":0,"enemies":"3 Cultists","floor":30,"turns":2},{"damage":12,"enemies":"Slavers","floor":31,"turns":2},{"damage":136,"enemies":"Automaton","floor":33,"turns":6}],"seed_played":"4673028326014549278","neow_bonus_log":{"cardsObtained":[],"cardsUpgraded":[],"cardsRemoved":[],"cardsTransformed":[],"relicsObtained":["Lantern"],"maxHpGained":0,"goldGained":0,"damageTaken":0,"goldLost":0,"maxHpLost":0},"potions_obtained":[{"floor":2,"key":"Weak Potion"},{"floor":10,"key":"BlessingOfTheForge"},{"floor":12,"key":"Dexterity Potion"},{"floor":16,"key":"SteroidPotion"},{"floor":19,"key":"AttackPotion"},{"floor":27,"key":"Energy Potion"}],"is_trial":false,"path_per_floor":["M","M","M","M","?","R","M","?","T","E","$","E","?","M","R","B",null,"M","?","M","M","$","E","R","?","T","E","$","M","M","E","R","B"],"character_chosen":"WATCHER","basemod:card_modifiers":[null,null,null,null,null,null,null,null,null,null,null,null,null,null],"items_purchased":["Bag of Preparation"],"campfire_rested":1,"item_purchase_floors":[22],"current_hp_per_floor":[55,55,55,53,27,33,25,25,25,15,15,10,10,10,16,7,53,53,53,53,46,46,29,38,38,38,38,38,38,38,26,52,0],"gold":112,"neow_bonus":"RANDOM_COMMON_RELIC","is_prod":false,"is_daily":false,"rewards_skipped":[{"floor":19,"relics":[],"potions":["ColorlessPotion"]},{"floor":20,"relics":[],"potions":["BottledMiracle"]},{"floor":30,"relics":[],"potions":["Strength Potion"]}],"chose_seed":false,"campfire_upgraded":3,"win_rate":0,"floor_exit_playtime":[48,80,105,155,166,173,225,231,234,303,326,369,373,400,408,497,514,533,537,578,640,657,697,708,712,714,767,785,817,867,932,937],"timestamp":1686841649,"path_taken":["M","M","M","M","?","R","M","?","T","E","?","E","?","M","R","BOSS","M","?","?","M","$","E","R","?","T","E","$","M","M","E","R","BOSS"],"build_version":"2022-12-18","purchased_purges":2,"victory":false,"max_hp_per_floor":[68,68,68,68,68,68,68,68,68,68,68,68,68,68,68,68,68,68,68,68,68,68,68,68,68,68,68,68,68,68,68,68,68],"relic_stats":{"counters":[18,56],"Bronze Scales":[12],"Eternal Feather":27,"WingedGreaves":1,"VioletLotus":[5],"Bag of Preparation":[12],"Letter Opener":[0],"PureWater":[15],"Boot":[39],"obtain_stats":[{"Du-Vu Doll":9,"Lantern":0,"Bronze Scales":31,"Eternal Feather":5,"WingedGreaves":10,"VioletLotus":17,"Bag of Preparation":22,"Bag of Marbles":23,"Letter Opener":27,"PureWater":0,"Boot":12,"InkBottle":26},{"Du-Vu Doll":5,"Lantern":0,"Bronze Scales":17,"Eternal Feather":4,"WingedGreaves":6,"VioletLotus":9,"Bag of Preparation":12,"Bag of Marbles":13,"Letter Opener":14,"PureWater":0,"Boot":7,"InkBottle":13},{"Du-Vu Doll":14,"Lantern":0,"Bronze Scales":50,"Eternal Feather":10,"WingedGreaves":18,"VioletLotus":30,"Bag of Preparation":38,"Bag of Marbles":41,"Letter Opener":44,"PureWater":0,"Boot":21,"InkBottle":41}],"InkBottle":[7]},"card_choices":[{"not_picked":["Collect","Prostrate"],"picked":"FlyingSleeves","floor":1},{"not_picked":["EmptyBody","WaveOfTheHand","Worship"],"picked":"SKIP","floor":2},{"not_picked":["PathToVictory","JustLucky","Pray"],"picked":"SKIP","floor":3},{"not_picked":["ThirdEye","BattleHymn"],"picked":"EmptyFist","floor":4},{"not_picked":["EmptyBody","EmptyMind","CrushJoints"],"picked":"SKIP","floor":7},{"not_picked":["Swivel","SashWhip","PathToVictory"],"picked":"SKIP","floor":10},{"not_picked":["Prostrate","ThirdEye"],"picked":"Tantrum","floor":12},{"not_picked":["FollowUp","CutThroughFate","Vengeance"],"picked":"SKIP","floor":14},{"not_picked":["ConjureBlade","Establishment"],"picked":"Scrawl","floor":16},{"not_picked":["Sanctity+1","JustLucky"],"picked":"MentalFortress","floor":18},{"not_picked":["Crescendo+1","Prostrate","EmptyFist"],"picked":"SKIP","floor":20},{"not_picked":["CutThroughFate","Tantrum","FollowUp"],"picked":"SKIP","floor":21},{"not_picked":["Perseverance","ThirdEye","ReachHeaven"],"picked":"SKIP","floor":23},{"not_picked":["Prostrate","ConjureBlade","CrushJoints"],"picked":"SKIP","floor":27},{"not_picked":["Halt","Crescendo","ThirdEye+1"],"picked":"SKIP","floor":29},{"not_picked":["SashWhip","ThirdEye","Prostrate+1"],"picked":"SKIP","floor":30},{"not_picked":["Worship","Indignation","EmptyFist+1"],"picked":"SKIP","floor":31}],"player_experience":1963974,"relics_obtained":[{"floor":9,"key":"Du-Vu Doll"},{"floor":10,"key":"WingedGreaves"},{"floor":12,"key":"Boot"},{"floor":23,"key":"Bag of Marbles"},{"floor":26,"key":"InkBottle"},{"floor":27,"key":"Letter Opener"},{"floor":31,"key":"Bronze Scales"}],"event_choices":[{"damage_healed":0,"gold_gain":0,"player_choice":"Success","damage_taken":26,"relics_obtained":["Eternal Feather"],"max_hp_gain":0,"max_hp_loss":0,"event_name":"Scrap Ooze","floor":5,"gold_loss":0},{"damage_healed":0,"gold_gain":0,"player_choice":"Ignored","damage_taken":0,"max_hp_gain":0,"max_hp_loss":0,"event_name":"Shining Light","floor":8,"gold_loss":0},{"damage_healed":0,"gold_gain":0,"player_choice":"Left Gold","damage_taken":0,"max_hp_gain":0,"max_hp_loss":0,"event_name":"World of Goop","floor":13,"gold_loss":48},{"damage_healed":0,"gold_gain":0,"player_choice":"Got Potions","damage_taken":0,"max_hp_gain":0,"max_hp_loss":0,"event_name":"Lab","floor":19,"gold_loss":0},{"damage_healed":0,"gold_gain":0,"player_choice":"Ignored","damage_taken":0,"max_hp_gain":0,"max_hp_loss":0,"event_name":"Cursed Tome","floor":25,"gold_loss":0}],"is_beta":false,"boss_relics":[{"not_picked":["Tiny House","Pandora\u0027s Box"],"picked":"VioletLotus"}],"items_purged_floors":[11,28],"is_endless":false,"potions_floor_spawned":[2,10,12,16,20,27,30],"killed_by":"Automaton","ascension_level":20,"potion_discard_per_floor":[[],[],[],[],[],[],[],[],[],[],[],[],[],[],[],[],[],[],[],[],[],[],[],[],[],[],[],[],[],[],[],[],[]]}