{"neow_bonuses_skipped_log":["THREE_SMALL_POTIONS","RANDOM_COLORLESS_2","BOSS_RELIC"],"neow_costs_skipped_log":["NONE","PERCENT_DAMAGE","NONE"],"potions_obtained_entropic_brew":[[],[],[],[],[],[],[],[]],"gold_per_floor":[119,137,155,27,77,107,107,107],"floor_reached":8,"playtime":460,"items_purged":["Defend_P"],"score":112,"play_id":"65670d58-cde6-491f-8e48-10ca7710c9b8","local_time":"20230915020806","score_breakdown":["Floors Climbed (8): 40","Enemies Slain (3): 6","Exordium Elites Killed (1): 10","Bosses Slain (0): 0","Ascension (20): 56"],"is_ascension_mode":true,"potions_obtained_alchemize":[[],[],[],[],[],[],[],[]],"campfire_choices":[{"data":"Eruption","floor":7,"key":"SMITH"}],"lesson_learned_per_floor":[[],[],[],[],[],[],[],[]],"neow_cost":"NONE","improvable_cards":{},"seed_source_timestamp":514242204190100,"shop_contents":[{"floor":4,"relics":["Bag of Preparation","Juzu Bracelet","Sling"],"cards":["BowlingBash","Weave","ClearTheMind","ForeignInfluence","Wireheading","Impatience","Secret Weapon"],"potions":["Swift Potion","Ambrosia"]}],"circlet_count":0,"master_deck":["AscendersBane","Strike_P","Strike_P","Strike_P","Strike_P","Defend_P","Defend_P","Eruption+1","Vigilance","ForeignInfluence","FlurryOfBlows","Adaptation","MentalFortress"],"potion_use_per_floor":[[],[],[],[],[],["AttackPotion"],[],["BottledMiracle"]],"relics":["PureWater","TeardropLocket"],"potions_floor_usage":[6,8],"damage_taken":[{"damage":4,"enemies":"Jaw Worm","floor":1,"turns":5},{"damage":0,"enemies":"Cultist","floor":2,"turns":3},{"damage":0,"enemies":"Small Slimes","floor":3,"turns":1},{"damage":13,"enemies":"Lagavulin","floor":6,"turns":7},{"damage":42,"enemies":"Gremlin Gang","floor":8,"turns":3}],"green_key_taken_log":6,"seed_played":"2908835422920733826","neow_bonus_log":{"cardsObtained":["ForeignInfluence"],"cardsUpgraded":[],"cardsRemoved":[],"cardsTransformed":["Defend_P"],"relicsObtained":[],"maxHpGained":0,"goldGained":0,"damageTaken":0,"goldLost":0,"maxHpLost":0},"potions_obtained":[{"floor":6,"key":"BottledMiracle"}],"is_trial":false,"path_per_floor":["M","M","M","$","?","E","R","M"],"character_chosen":"WATCHER","basemod:card_modifiers":[null,null,null,null,null,null,null,null,null,null,null,null,null],"items_purchased":["AttackPotion"],"campfire_rested":0,"item_purchase_floors":[4],"current_hp_per_floor":[57,57,57,57,51,38,38,0],"gold":107,"neow_bonus":"TRANSFORM_CARD","is_prod":false,"is_daily":false,"rewards_skipped":[],"chose_seed":false,"campfire_upgraded":1,"win_rate":0,"floor_exit_playtime":[162,193,215,229,234,367,375],"timestamp":1694758086,"path_taken":["M","M","M","$","?","E","R","?"],"build_version":"2022-12-18","purchased_purges":1,"victory":false,"max_hp_per_floor":[68,68,68,68,68,68,68,68],"relic_stats":{"counters":[5,19],"PureWater":[3],"obtain_stats":[{"TeardropLocket":6,"PureWater":0},{"TeardropLocket":4,"PureWater":0},{"TeardropLocket":16,"PureWater":0}]},"card_choices":[{"not_picked":["Wireheading","SashWhip"],"picked":"FlurryOfBlows","floor":1},{"not_picked":["Worship","Meditate"],"picked":"Adaptation","floor":2},{"not_picked":["Prostrate","FlurryOfBlows","Study"],"picked":"SKIP","floor":3},{"not_picked":["PathToVictory","Prostrate"],"picked":"MentalFortress","floor":6}],"player_experience":2005142,"relics_obtained":[{"floor":6,"key":"TeardropLocket"}],"event_choices":[{"damage_healed":0,"gold_gain":50,"player_choice":"Touch","damage_taken":6,"max_hp_gain":0,"max_hp_loss":0,"event_name":"FaceTrader","floor":5,"gold_loss":0}],"is_beta":false,"boss_relics":[],"items_purged_floors":[4],"is_endless":false,"potions_floor_spawned":[6],"killed_by":"Gremlin Gang","ascension_level":20,"potion_discard_per_floor":[[],[],[],[],[],[],[],[]]}