{"neow_bonuses_skipped_log":["RANDOM_COLORLESS","THREE_ENEMY_KILL","TWENTY_PERCENT_HP_BONUS"],"potions_obtained_entropic_brew":[[],[],[],[],[],[],[],[]],"neow_costs_skipped_log":["NONE","NONE","NO_GOLD"],"gold_per_floor":[117,130,149,149,160,160,195,209],"floor_reached":8,"playtime":336,"items_purged":[],"score":120,"play_id":"7436f426-1fa3-4e25-9377-288b3aabb8ad","local_time":"20230911234320","score_breakdown":["Floors Climbed (8): 40","Enemies Slain (5): 10","Exordium Elites Killed (1): 10","Bosses Slain (0): 0","Ascension (20): 60"],"is_ascension_mode":true,"potions_obtained_alchemize":[[],[],[],[],[],[],[],[]],"campfire_choices":[{"data":"Meditate","floor":6,"key":"SMITH"}],"lesson_learned_per_floor":[[],[],[],[],[],[],[],[]],"neow_cost":"NONE","improvable_cards":{},"seed_source_timestamp":246471817381900,"shop_contents":[],"circlet_count":0,"master_deck":["AscendersBane","Strike_P","Strike_P","Strike_P","Strike_P","Defend_P","Defend_P","Defend_P","Defend_P","Eruption","Vigilance","Meditate+1","CrushJoints","FearNoEvil","ReachHeaven"],"special_seed":0,"potion_use_per_floor":[[],[],[],[],[],[],["Weak Potion"],[]],"relics":["Snecko Eye","Girya"],"potions_floor_usage":[7],"damage_taken":[{"damage":0.0,"enemies":"Cultist","floor":1.0,"turns":2.0},{"damage":4.0,"enemies":"Jaw Worm","floor":2.0,"turns":3.0},{"damage":10,"enemies":"2 Louse","floor":3,"turns":2},{"damage":3,"enemies":"Blue Slaver","floor":5,"turns":4},{"damage":26,"enemies":"Gremlin Nob","floor":7,"turns":4},{"damage":12,"enemies":"3 Louse","floor":8,"turns":4}],"seed_played":"877592805506369592","neow_bonus_log":{"cardsObtained":[],"cardsUpgraded":[],"cardsRemoved":[],"cardsTransformed":[],"relicsObtained":["Snecko Eye"],"maxHpGained":0,"goldGained":0,"damageTaken":0,"goldLost":0,"maxHpLost":0},"potions_obtained":[{"floor":3,"key":"Weak Potion"},{"floor":8,"key":"FearPotion"}],"is_trial":false,"path_per_floor":["M","M","M","?","M","R","E","M"],"character_chosen":"WATCHER","basemod:card_modifiers":[null,null,null,null,null,null,null,null,null,null,null,null,null,null,null],"items_purchased":[],"campfire_rested":0,"item_purchase_floors":[],"current_hp_per_floor":[61,57,47,47,44,44,18,6],"gold":209,"neow_bonus":"BOSS_RELIC","is_prod":false,"is_daily":false,"rewards_skipped":[],"chose_seed":false,"campfire_upgraded":1,"win_rate":0,"floor_exit_playtime":[47,100,146,150,217,223,283],"timestamp":1694490200,"path_taken":["M","M","M","?","M","R","E","M"],"build_version":"2022-12-18","purchased_purges":0,"victory":false,"max_hp_per_floor":[68,68,68,68,68,68,68,68],"relic_stats":{"Girya":0,"counters":[6,19],"Snecko Eye":[28,27,41,31,-52],"obtain_stats":[{"Girya":7,"Snecko Eye":0,"PureWater":0},{"Girya":5,"Snecko Eye":0,"PureWater":0},{"Girya":15,"Snecko Eye":0,"PureWater":0}]},"card_choices":[{"not_picked":["ThirdEye","Study","Meditate"],"picked":"SKIP","floor":1.0},{"not_picked":["ThirdEye","Study"],"picked":"Meditate","floor":1.0},{"not_picked":["Protect","Crescendo","Consecrate"],"picked":"SKIP","floor":2},{"not_picked":["Halt","Crescendo","Collect"],"picked":"SKIP","floor":3},{"not_picked":["Evaluate","FollowUp"],"picked":"CrushJoints","floor":5},{"not_picked":["CutThroughFate","PathToVictory"],"picked":"FearNoEvil","floor":7},{"not_picked":["FollowUp","FlyingSleeves"],"picked":"ReachHeaven","floor":8}],"player_experience":1978247,"relics_obtained":[{"floor":7,"key":"Girya"}],"event_choices":[{"damage_healed":0,"gold_gain":0,"player_choice":"Ignored","damage_taken":0,"max_hp_gain":0,"max_hp_loss":0,"event_name":"Liars Game","floor":4,"gold_loss":0}],"is_beta":false,"boss_relics":[],"items_purged_floors":[],"is_endless":false,"potions_floor_spawned":[3,8],"killed_by":"3 Louse","ascension_level":20,"potion_discard_per_floor":[[],[],[],[],[],[],[],[]]}