{"neow_bonuses_skipped_log":["ONE_RANDOM_RARE_CARD","TEN_PERCENT_HP_BONUS","BOSS_RELIC"],"neow_costs_skipped_log":["NONE","NONE","NONE"],"potions_obtained_entropic_brew":[[],[],[],[],[],[]],"gold_per_floor":[363,377,377,34,45,45],"floor_reached":6,"playtime":229,"items_purged":["Defend_P"],"score":72,"play_id":"50dfd485-f8d6-4857-8c18-b5503dafd562","local_time":"20230907014008","score_breakdown":["Floors Climbed (6): 30","Enemies Slain (3): 6","Exordium Elites Killed (0): 0","Bosses Slain (0): 0","Ascension (20): 36"],"is_ascension_mode":true,"potions_obtained_alchemize":[[],[],[],[],[],[]],"campfire_choices":[],"lesson_learned_per_floor":[[],[],[],[],[],[]],"neow_cost":"TEN_PERCENT_HP_LOSS","improvable_cards":{},"seed_source_timestamp":904592328330500,"shop_contents":[{"floor":4,"relics":["Turnip","DollysMirror"],"cards":["SignatureMove","CrushJoints","ThirdEye","EmptyMind","MentalFortress","Bandage Up","Violence"],"potions":["ColorlessPotion","Explosive Potion","LiquidMemories"]}],"circlet_count":0,"master_deck":["AscendersBane","Strike_P","Strike_P","Strike_P","Strike_P","Defend_P","Defend_P","Defend_P","Eruption","Vigilance","FlurryOfBlows","CutThroughFate"],"potion_use_per_floor":[[],[],[],[],[],[]],"relics":["PureWater","Gremlin Horn"],"potions_floor_usage":[],"damage_taken":[{"damage":7,"enemies":"Jaw Worm","floor":1,"turns":8},{"damage":2,"enemies":"Cultist","floor":2,"turns":3},{"damage":0,"enemies":"2 Louse","floor":5,"turns":2},{"damage":57,"enemies":"Lagavulin","floor":6,"turns":7}],"seed_played":"6836926977659788982","neow_bonus_log":{"cardsObtained":[],"cardsUpgraded":[],"cardsRemoved":[],"cardsTransformed":[],"relicsObtained":[],"maxHpGained":0,"goldGained":250,"damageTaken":0,"goldLost":0,"maxHpLost":6},"potions_obtained":[],"is_trial":false,"path_per_floor":["M","M","?","$","M","E"],"character_chosen":"WATCHER","basemod:card_modifiers":[null,null,null,null,null,null,null,null,null,null,null,null],"items_purchased":["Gremlin Horn"],"campfire_rested":0,"item_purchase_floors":[4],"current_hp_per_floor":[54,52,52,52,52,0],"gold":45,"neow_bonus":"TWO_FIFTY_GOLD","is_prod":false,"is_daily":false,"rewards_skipped":[],"chose_seed":false,"campfire_upgraded":0,"win_rate":0,"floor_exit_playtime":[75,98,115,134,170],"timestamp":1694065208,"path_taken":["M","M","?","$","M","E"],"build_version":"2022-12-18","purchased_purges":1,"victory":false,"max_hp_per_floor":[62,62,62,62,62,62],"relic_stats":{"Gremlin Horn":[1,1],"counters":[4,20],"PureWater":[4],"obtain_stats":[{"Gremlin Horn":4,"PureWater":0},{"Gremlin Horn":2,"PureWater":0},{"Gremlin Horn":11,"PureWater":0}]},"card_choices":[{"not_picked":["Protect","EmptyBody","Prostrate"],"picked":"SKIP","floor":1},{"not_picked":["Halt","FlyingSleeves"],"picked":"FlurryOfBlows","floor":2},{"not_picked":["EmptyBody","FlurryOfBlows","Pray"],"picked":"SKIP","floor":5}],"player_experience":1976740,"relics_obtained":[],"event_choices":[{"damage_healed":0,"gold_gain":0,"player_choice":"1 cards matched","damage_taken":0,"max_hp_gain":0,"max_hp_loss":0,"event_name":"Match and Keep!","floor":3,"gold_loss":0,"cards_obtained":["CutThroughFate"]}],"is_beta":false,"boss_relics":[],"items_purged_floors":[4],"is_endless":false,"potions_floor_spawned":[],"killed_by":"Lagavulin","ascension_level":20,"potion_discard_per_floor":[[],[],[],[],[],[]]}