{"neow_bonuses_skipped_log":["RANDOM_COLORLESS","TEN_PERCENT_HP_BONUS","ONE_RARE_RELIC"],"neow_costs_skipped_log":["NONE","NONE","CURSE"],"potions_obtained_entropic_brew":[[],[],[],[],[],[],[],[],[],[],[],[],[],[],[],[],[],[],[],[],[],[],[],[],[],[],[],[],[],[],[],[],[],[],[],[],[],[],[],[],[],[],[],[],[],[],[],[],[],[],[],[],[],[],[]],"gold_per_floor":[115,127,13,13,27,58,58,76,76,102,114,140,140,168,168,243,293,307,322,178,178,191,191,219,219,219,231,260,304,316,353,365,455,467,492,504,526,838,862,906,918,945,957,600,613,626,626,55,55,55,55,55,55,55,55],"floor_reached":55,"playtime":2330,"items_purged":["Defend_P","Strike_P","FollowUp","Eruption+1"],"score":2085,"play_id":"d56f9e1a-6f21-424a-a4e2-95ff846fd412","local_time":"20231013165000","score_breakdown":["Floors Climbed (55): 275","Enemies Slain (15): 30","Exordium Elites Killed (3): 30","City Elites Killed (2): 40","Beyond Elites Killed (1): 30","Bosses Slain (4): 500","Money Money (1154): 25","Champion (4): 100","Overkill: 25","Ascension (20): 1030"],"is_ascension_mode":true,"potions_obtained_alchemize":[[],[],[],[],[],[],[],[],[],[],[],[],[],[],[],[],[],[],[],[],[],[],[],[],[],[],[],[],[],[],[],[],[],[],[],[],[],[],[],[],[],[],[],[],[],[],[],[],[],[],[],[],[],[],[]],"campfire_choices":[{"floor":7,"key":"REST"},{"data":"Defend_P","floor":13,"key":"PURGE"},{"data":"Strike_P","floor":15,"key":"PURGE"},{"data":"Defend_P","floor":23,"key":"PURGE"},{"data":"Defend_P","floor":25,"key":"PURGE"},{"data":"Strike_P","floor":27,"key":"PURGE"},{"data":"Strike_P","floor":30,"key":"PURGE"},{"floor":32,"key":"RECALL"},{"floor":41,"key":"REST"},{"floor":49,"key":"REST"},{"data":"Conclude+1","floor":53,"key":"PURGE"}],"lesson_learned_per_floor":[[],[],[],[],[],[],[],[],[],[],[],[],[],[],[],[],[],[],[],[],[],[],[],[],[],[],[],[],[],[],[],[],[],[],[],[],[],[],[],[],[],[],[],[],[],[],[],[],[],[],[],[],[],[],[]],"neow_cost":"NONE","improvable_cards":{},"seed_source_timestamp":2296628373692200,"shop_contents":[{"floor":3,"relics":["Bag of Preparation","Eternal Feather","DollysMirror"],"cards":["Consecrate","PathToVictory","Prostrate","BattleHymn","Panacea","Magnetism"],"potions":["StancePotion","Fire Potion","BottledMiracle"]},{"floor":20,"relics":["Pear","Ancient Tea Set","Chemical X"],"cards":["FlurryOfBlows","Collect","PathToVictory","LikeWater","Impatience","Transmutation"],"potions":["SteroidPotion","SkillPotion","SkillPotion"]},{"floor":44,"relics":["Gremlin Horn","Boot"],"cards":["WheelKick","CutThroughFate","Protect","Crescendo","Trip","Chrysalis"],"potions":["Fire Potion","Ambrosia","EntropicBrew"]},{"floor":48,"relics":["Akabeko","Toy Ornithopter"],"cards":["Protect","ThirdEye","Wireheading","Enlightenment","Mayhem"],"potions":["Fire Potion","Block Potion","Ancient Potion"]},{"floor":54,"relics":["Whetstone","Mummified Hand","Melange"],"cards":["EmptyFist","BowlingBash","Collect","Vault","Fasting2","Finesse","Magnetism"],"potions":["Strength Potion","EssenceOfSteel","Dexterity Potion"]}],"circlet_count":0,"master_deck":["AscendersBane","Vigilance+1","WheelKick+1","ReachHeaven+1","Indignation+1","Pray+1","Prostrate+1","CutThroughFate+1","Tantrum+1","Ghostly+1","Ghostly+1","Ghostly+1","Prostrate+1","TalkToTheHand+1","Worship+1","Master of Strategy+1","Vengeance+1","MentalFortress+1","Brilliance","Wallop"],"potion_use_per_floor":[[],[],[],[],[],["SkillPotion"],[],[],[],[],[],[],[],[],[],["Block Potion"],[],[],["Explosive Potion"],[],[],[],[],["BottledMiracle"],[],[],[],[],["DistilledChaos"],[],[],[],[],[],[],[],[],[],[],["Block Potion"],[],[],[],[],[],[],[],[],[],[],[],[],[],[],[]],"relics":["Fusion Hammer","Letter Opener","Ginger","Odd Mushroom","Peace Pipe","Art of War","Tiny House","Bronze Scales","MawBank","Bag of Marbles","Red Mask","SlaversCollar","Blue Candle","Frozen Eye","Mark of the Bloom","Strange Spoon"],"potions_floor_usage":[6,16,19,24,29,40],"damage_taken":[{"damage":0,"enemies":"Jaw Worm","floor":1,"turns":3},{"damage":0,"enemies":"Cultist","floor":2,"turns":2},{"damage":6,"enemies":"2 Louse","floor":5,"turns":2},{"damage":16,"enemies":"Lagavulin","floor":6,"turns":4},{"damage":0,"enemies":"Large Slime","floor":8,"turns":2},{"damage":0,"enemies":"The Mushroom Lair","floor":10,"turns":2},{"damage":0,"enemies":"Blue Slaver","floor":11,"turns":2},{"damage":0,"enemies":"Gremlin Nob","floor":12,"turns":2},{"damage":0,"enemies":"3 Sentries","floor":14,"turns":2},{"damage":35,"enemies":"Hexaghost","floor":16,"turns":6},{"damage":0,"enemies":"Chosen","floor":18,"turns":2},{"damage":17,"enemies":"Shell Parasite","floor":19,"turns":3},{"damage":0,"enemies":"3 Cultists","floor":22,"turns":3},{"damage":2,"enemies":"Slavers","floor":24,"turns":3},{"damage":1,"enemies":"Shelled Parasite and Fungi","floor":28,"turns":2},{"damage":0,"enemies":"Gremlin Leader","floor":29,"turns":3},{"damage":1,"enemies":"Masked Bandits","floor":31,"turns":3},{"damage":3,"enemies":"Collector","floor":33,"turns":4},{"damage":2,"enemies":"Orb Walker","floor":35,"turns":4},{"damage":1,"enemies":"3 Shapes","floor":37,"turns":3},{"damage":0,"enemies":"Maw","floor":39,"turns":4},{"damage":0,"enemies":"Reptomancer","floor":40,"turns":5},{"damage":2,"enemies":"4 Shapes","floor":42,"turns":4},{"damage":0,"enemies":"3 Darklings","floor":45,"turns":4},{"damage":0,"enemies":"Sphere and 2 Shapes","floor":46,"turns":4},{"damage":2,"enemies":"Donu and Deca","floor":50,"turns":7},{"damage":4,"enemies":"Awakened One","floor":51,"turns":6},{"damage":25,"enemies":"Shield and Spear","floor":55,"turns":2}],"green_key_taken_log":12,"seed_played":"-3037314593235421156","neow_bonus_log":{"cardsObtained":[],"cardsUpgraded":[],"cardsRemoved":[],"cardsTransformed":[],"relicsObtained":["Fusion Hammer"],"maxHpGained":0,"goldGained":0,"damageTaken":0,"goldLost":0,"maxHpLost":0},"potions_obtained":[{"floor":1,"key":"SkillPotion"},{"floor":2,"key":"ColorlessPotion"},{"floor":12,"key":"Explosive Potion"},{"floor":14,"key":"Block Potion"},{"floor":16,"key":"LiquidBronze"},{"floor":19,"key":"BottledMiracle"},{"floor":28,"key":"DistilledChaos"},{"floor":33,"key":"Dexterity Potion"},{"floor":39,"key":"Block Potion"},{"floor":42,"key":"Ancient Potion"}],"is_trial":false,"path_per_floor":["M","M","$","?","M","E","R","M","T","?","M","E","R","E","R","B",null,"M","M","$","?","M","R","E","R","T","R","M","E","R","?","R","B",null,"M","?","M","?","M","E","R","M","T","$","M","M","?","$","R","B","B",null,"R","$","E"],"character_chosen":"WATCHER","basemod:card_modifiers":[null,null,null,null,null,null,null,null,null,null,null,null,null,null,null,null,null,null,null,null],"items_purchased":["ReachHeaven","Tantrum","MentalFortress","Frozen Eye","Brilliance","Wallop","Strange Spoon"],"campfire_rested":3,"item_purchase_floors":[3,20,44,44,48,48,48],"current_hp_per_floor":[61,61,61,61,55,39,59,59,59,59,59,59,59,59,59,24,62,62,45,45,36,36,36,34,34,34,34,33,33,33,32,32,29,34,32,22,21,21,21,21,31,29,29,29,29,29,29,29,29,27,23,23,23,23,0],"gold":55,"neow_bonus":"BOSS_RELIC","is_prod":false,"is_daily":false,"rewards_skipped":[{"floor":17,"relics":[],"potions":["ColorlessPotion"]},{"floor":37,"relics":[],"potions":["Weak Potion"]}],"chose_seed":false,"campfire_upgraded":0,"win_rate":0,"floor_exit_playtime":[43,70,92,97,122,175,178,204,206,236,263,310,318,354,362,456,515,547,602,629,637,688,695,769,783,785,792,821,904,909,967,981,1067,1082,1163,1177,1233,1248,1325,1443,1457,1591,1594,1661,1721,1799,1813,1849,1878,2055,2248,2260,2275,2296],"timestamp":1697230200,"blue_key_relic_skipped_log":{"floor":43,"relicID":"Toxic Egg 2"},"path_taken":["M","M","$","?","?","E","R","M","T","?","M","E","R","E","R","BOSS","M","M","$","?","M","R","E","R","T","R","M","E","R","?","R","BOSS","M","?","M","?","M","E","R","M","T","$","?","M","?","$","R","BOSS","BOSS","R","$","E"],"build_version":"2022-12-18","purchased_purges":4,"victory":false,"max_hp_per_floor":[68,68,68,68,68,68,68,68,68,68,68,68,68,68,68,68,73,73,73,73,36,36,36,36,36,36,36,36,36,36,36,36,36,36,36,36,36,36,36,36,36,36,36,36,36,36,36,36,36,36,36,36,36,36,36],"relic_stats":{"Peace Pipe":10,"Frozen Eye":6.365403,"Strange Spoon":[13],"Mark of the Bloom":20,"counters":[28,93],"Bronze Scales":[143],"Blue Candle":[1],"Art of War":[3],"Letter Opener":[366],"Ginger":[6],"MawBank":216,"obtain_stats":[{"Mark of the Bloom":47,"Tiny House":17,"Blue Candle":40,"Letter Opener":6,"Ginger":9,"Odd Mushroom":10,"MawBank":26,"Peace Pipe":12,"SlaversCollar":34,"Frozen Eye":44,"Strange Spoon":48,"Bronze Scales":24,"Fusion Hammer":0,"Art of War":14,"Bag of Marbles":29,"Red Mask":31,"PureWater":0},{"Mark of the Bloom":25,"Tiny House":10,"Blue Candle":22,"Letter Opener":4,"Ginger":5,"Odd Mushroom":6,"MawBank":14,"Peace Pipe":8,"SlaversCollar":18,"Frozen Eye":23,"Strange Spoon":25,"Bronze Scales":14,"Fusion Hammer":0,"Art of War":9,"Bag of Marbles":16,"Red Mask":17,"PureWater":0},{"Mark of the Bloom":78,"Tiny House":27,"Blue Candle":66,"Letter Opener":11,"Ginger":13,"Odd Mushroom":15,"MawBank":38,"Peace Pipe":19,"SlaversCollar":50,"Frozen Eye":70,"Strange Spoon":78,"Bronze Scales":38,"Fusion Hammer":0,"Art of War":21,"Bag of Marbles":43,"Red Mask":46,"PureWater":0}]},"card_choices":[{"not_picked":["WaveOfTheHand","Wireheading"],"picked":"WheelKick","floor":1},{"not_picked":["Swivel","Prostrate"],"picked":"FollowUp","floor":2},{"not_picked":["SandsOfTime","FollowUp"],"picked":"Conclude","floor":5},{"not_picked":["CutThroughFate","WaveOfTheHand"],"picked":"Indignation","floor":6},{"not_picked":["FlyingSleeves","FollowUp"],"picked":"Pray","floor":8},{"not_picked":["Protect","EmptyBody"],"picked":"Prostrate","floor":10},{"not_picked":["FollowUp","SpiritShield","PathToVictory"],"picked":"SKIP","floor":11},{"not_picked":["Protect","Study","Vengeance"],"picked":"SKIP","floor":12},{"not_picked":["Nirvana","LikeWater","SashWhip"],"picked":"SKIP","floor":14},{"not_picked":["Wish","Omniscience","Ragnarok"],"picked":"SKIP","floor":16},{"not_picked":["Wallop","Crescendo","ThirdEye"],"picked":"SKIP","floor":18},{"not_picked":["SashWhip","Protect+1"],"picked":"CutThroughFate+1","floor":19},{"not_picked":["Consecrate","BowlingBash","Evaluate"],"picked":"SKIP","floor":22},{"not_picked":["CarveReality","ClearTheMind","FlyingSleeves"],"picked":"SKIP","floor":24},{"not_picked":["CarveReality","JustLucky"],"picked":"Prostrate","floor":28},{"not_picked":["ClearTheMind","FollowUp","FlyingSleeves+1"],"picked":"SKIP","floor":29},{"not_picked":["ClearTheMind","FollowUp","FlyingSleeves+1"],"picked":"SKIP","floor":29},{"not_picked":["SashWhip","ClearTheMind"],"picked":"TalkToTheHand","floor":31},{"not_picked":["DevaForm","Judgement","DeusExMachina"],"picked":"SKIP","floor":33},{"not_picked":["TalkToTheHand","InnerPeace"],"picked":"Worship","floor":35},{"not_picked":["Purity","Impatience"],"picked":"Master of Strategy","floor":36},{"not_picked":["Dramatic Entrance","Madness","Panache"],"picked":"SKIP","floor":36},{"not_picked":["Transmutation","Blind","Forethought"],"picked":"SKIP","floor":36},{"not_picked":["ThirdEye","EmptyFist"],"picked":"Vengeance+1","floor":37},{"not_picked":["SashWhip","ThirdEye","Conclude+1"],"picked":"SKIP","floor":39},{"not_picked":["WreathOfFlame","Evaluate","CrushJoints"],"picked":"SKIP","floor":40},{"not_picked":["SignatureMove+1","DeusExMachina","EmptyFist"],"picked":"SKIP","floor":42},{"not_picked":["Conclude","Crescendo","Protect"],"picked":"SKIP","floor":45},{"not_picked":["Collect","EmptyFist","BowlingBash"],"picked":"SKIP","floor":46}],"player_experience":2027280,"relics_obtained":[{"floor":6,"key":"Letter Opener"},{"floor":9,"key":"Ginger"},{"floor":10,"key":"Odd Mushroom"},{"floor":12,"key":"Peace Pipe"},{"floor":14,"key":"Art of War"},{"floor":24,"key":"Bronze Scales"},{"floor":26,"key":"MawBank"},{"floor":29,"key":"Bag of Marbles"},{"floor":31,"key":"Red Mask"},{"floor":40,"key":"Blue Candle"}],"event_choices":[{"damage_healed":0,"gold_gain":0,"player_choice":"Upgraded","damage_taken":0,"max_hp_gain":0,"max_hp_loss":0,"event_name":"Upgrade Shrine","floor":4,"gold_loss":0,"cards_upgraded":["Eruption"]},{"damage_healed":0,"gold_gain":0,"player_choice":"Fought Mushrooms","damage_taken":0,"max_hp_gain":0,"max_hp_loss":0,"event_name":"Mushrooms","floor":10,"gold_loss":0},{"damage_healed":0,"gold_gain":0,"player_choice":"Became a Ghost","damage_taken":0,"max_hp_gain":0,"max_hp_loss":37,"event_name":"Ghosts","floor":21,"gold_loss":0,"cards_obtained":["Ghostly","Ghostly","Ghostly"]},{"damage_healed":0,"gold_gain":0,"player_choice":"Fought Bandits","damage_taken":0,"max_hp_gain":0,"max_hp_loss":0,"event_name":"Masked Bandits","floor":31,"gold_loss":0},{"damage_healed":0,"gold_gain":0,"player_choice":"Memory 3","damage_taken":10,"max_hp_gain":0,"max_hp_loss":0,"event_name":"SensoryStone","floor":36,"gold_loss":0},{"damage_healed":0,"gold_gain":300,"player_choice":"Gold","damage_taken":0,"max_hp_gain":0,"max_hp_loss":0,"event_name":"Wheel of Change","floor":38,"gold_loss":0},{"damage_healed":0,"gold_gain":0,"player_choice":"Upgrade","damage_taken":0,"relics_obtained":["Mark of the Bloom"],"max_hp_gain":0,"max_hp_loss":0,"event_name":"MindBloom","floor":47,"gold_loss":0,"cards_upgraded":["Vigilance","WheelKick","ReachHeaven","Conclude","Indignation","Prostrate","Tantrum","Ghostly","Ghostly","Ghostly","Prostrate","TalkToTheHand","Worship","Master of Strategy","MentalFortress"]}],"is_beta":false,"boss_relics":[{"not_picked":["Calling Bell","Velvet Choker"],"picked":"Tiny House"},{"not_picked":["Sozu","Pandora\u0027s Box"],"picked":"SlaversCollar"}],"items_purged_floors":[3,20,44,48],"is_endless":false,"potions_floor_spawned":[1,2,12,14,16,19,28,33,37,39,42],"killed_by":"Shield and Spear","ascension_level":20,"potion_discard_per_floor":[[],[],[],[],[],[],[],[],[],[],[],[],[],["ColorlessPotion"],[],[],[],[],[],[],[],[],[],[],[],[],[],[],[],[],[],[],[],[],[],[],[],[],["LiquidBronze"],[],[],[],[],[],[],[],[],[],[],[],[],[],[],[],[]]}