{"neow_bonuses_skipped_log":["RANDOM_COLORLESS","THREE_SMALL_POTIONS","BOSS_RELIC"],"potions_obtained_entropic_brew":[[],[],[],[],[],[],[],[],[],[],[],[],[],[],[],[],[],[],[],[],[],[],[],[],[],[],[],[],[],[],[],[],[],[],[],[],[],[],[],[],[],[],[],[],[],[],[],[],[],[],["StancePotion","Weak Potion"],[],[],[],[],[],[]],"neow_costs_skipped_log":["NONE","NONE","NONE"],"gold_per_floor":[118,137,137,137,148,177,177,191,191,209,243,262,262,292,292,364,364,382,393,156,171,18,46,46,81,81,81,109,126,160,160,160,237,237,254,254,254,254,129,161,180,214,514,525,108,122,140,140,140,140,140,140,140,3,31,31],"floor_reached":57,"playtime":96806,"items_purged":["Defend_P","Strike_P","PathToVictory+1","EmptyFist"],"score":3295,"play_id":"417271a1-7628-4b78-ad41-6ebe2a09625a","local_time":"20231017155902","falling_options_log":["Scrawl+1","Adaptation+1"],"score_breakdown":["Floors Climbed (57): 285","Enemies Slain (15): 30","Exordium Elites Killed (3): 30","City Elites Killed (4): 80","Beyond Elites Killed (2): 60","Bosses Slain (5): 750","Money Money (1061): 25","Champion (6): 150","Perfect (2): 100","C-c-c-combo: 25","Ascension (20): 1510","Heartbreaker: 250"],"is_ascension_mode":true,"potions_obtained_alchemize":[[],[],[],[],[],[],[],[],[],[],[],[],[],[],[],[],[],[],[],[],[],[],[],[],[],[],[],[],[],[],[],[],[],[],[],[],[],[],[],[],[],[],[],[],[],[],[],[],[],[],[],[],[],[],[],[],[]],"campfire_choices":[{"data":"ForeignInfluence","floor":7,"key":"SMITH"},{"data":"Eruption","floor":13,"key":"SMITH"},{"data":"Adaptation","floor":15,"key":"SMITH"},{"floor":24,"key":"REST"},{"floor":27,"key":"REST"},{"data":"Adaptation","floor":32,"key":"SMITH"},{"floor":49,"key":"RECALL"},{"floor":53,"key":"REST"}],"lesson_learned_per_floor":[[],[],[],[],[],[],[],[],[],[],[],[],[],[],[],[],[],[],[],[],[],[],[],[],[],[],[],[],[],[],[],[],[],[],[],[],[],[],[],[],[],[],[],[],[],[],[],[],[],[],[],[],[],[],[],[],[]],"neow_cost":"TEN_PERCENT_HP_LOSS","improvable_cards":{},"seed_source_timestamp":2541537391832800,"shop_contents":[{"floor":20,"relics":["Lizard Tail","TheAbacus"],"cards":["FearNoEvil","SignatureMove","Collect+1","PathToVictory+1","LikeWater","Mind Blast","HandOfGreed"],"potions":["Ambrosia","BlessingOfTheForge","Energy Potion"]},{"floor":22,"relics":["Vajra","Mango","Sling"],"cards":["Brilliance","Wallop","Wish+1","Scrawl+1","Study","Bandage Up+1","Apotheosis+1"],"potions":["SmokeBomb","Fruit Juice"]},{"floor":39,"relics":["CloakClasp","Incense Burner","Toolbox"],"cards":["CrushJoints","SashWhip","Protect+1","Worship+1","Nirvana","Bandage Up+1","Sadistic Nature"],"potions":["EssenceOfSteel","SteroidPotion","EntropicBrew"]},{"floor":45,"relics":["TeardropLocket","Melange"],"cards":["FlyingSleeves","FollowUp","PathToVictory+1","Prostrate+1","Adaptation","Swift Strike","Apotheosis+1"],"potions":["SpeedPotion","BlessingOfTheForge","CultistPotion"]},{"floor":54,"relics":["Pen Nib","Bottled Tornado","ClockworkSouvenir"],"cards":["ReachHeaven","LessonLearned","Vengeance+1","Judgement+1","Study","Blind+1","Secret Weapon+1"],"potions":["AttackPotion"]}],"circlet_count":0,"master_deck":["AscendersBane","Eruption+1","Vigilance","ForeignInfluence+1","FearNoEvil","MentalFortress+1","Adaptation+1","Wallop","Meditate+1","Adaptation+1","Scrawl+1","DevaForm","Vault+1","PanicButton+1","SashWhip"],"potion_use_per_floor":[[],[],[],[],[],["Strength Potion"],[],[],[],[],[],[],[],["Dexterity Potion"],[],[],[],[],[],[],["Ancient Potion"],[],["Explosive Potion"],[],[],[],[],["Explosive Potion"],[],[],[],[],["Block Potion"],[],[],[],[],[],[],[],[],[],[],[],[],[],["GamblersBrew"],[],[],[],["EntropicBrew","StancePotion"],[],[],[],[],["PowerPotion","Regen Potion"],[]],"relics":["PureWater","Bag of Marbles","Sundial","Ancient Tea Set","Toxic Egg 2","Unceasing Top","Empty Cage","Bag of Preparation","Regal Pillow","Nunchaku","Thread and Needle","Darkstone Periapt","Black Star","Matryoshka","Prayer Wheel","Lantern","Question Card","Juzu Bracelet","Old Coin","Bottled Lightning","Bronze Scales","StoneCalendar"],"potions_floor_usage":[6,14,21,23,28,33,47,51,51,56,56],"damage_taken":[{"damage":0,"enemies":"2 Louse","floor":1,"turns":2},{"damage":0,"enemies":"Small Slimes","floor":2,"turns":3},{"damage":0,"enemies":"Cultist","floor":5,"turns":1},{"damage":0,"enemies":"Lagavulin","floor":6,"turns":4},{"damage":5,"enemies":"Gremlin Gang","floor":8,"turns":4},{"damage":3,"enemies":"Blue Slaver","floor":10,"turns":3},{"damage":0,"enemies":"Gremlin Nob","floor":11,"turns":2},{"damage":0,"enemies":"2 Fungi Beasts","floor":12,"turns":1},{"damage":4,"enemies":"3 Sentries","floor":14,"turns":6},{"damage":6,"enemies":"Hexaghost","floor":16,"turns":5},{"damage":8,"enemies":"2 Thieves","floor":18,"turns":4},{"damage":0,"enemies":"Spheric Guardian","floor":19,"turns":3},{"damage":0,"enemies":"Cultist and Chosen","floor":21,"turns":3},{"damage":20,"enemies":"Slavers","floor":23,"turns":5},{"damage":27,"enemies":"Book of Stabbing","floor":25,"turns":3},{"damage":0,"enemies":"Gremlin Leader","floor":28,"turns":3},{"damage":0,"enemies":"Snake Plant","floor":29,"turns":2},{"damage":7,"enemies":"Book of Stabbing","floor":30,"turns":3},{"damage":7,"enemies":"Collector","floor":33,"turns":3},{"damage":0,"enemies":"Orb Walker","floor":35,"turns":4},{"damage":0,"enemies":"Nemesis","floor":40,"turns":4},{"damage":0,"enemies":"3 Darklings","floor":41,"turns":4},{"damage":8,"enemies":"Reptomancer","floor":42,"turns":5},{"damage":18,"enemies":"Spire Growth","floor":44,"turns":4},{"damage":0,"enemies":"Writhing Mass","floor":46,"turns":3},{"damage":15,"enemies":"4 Shapes","floor":47,"turns":8},{"damage":0,"enemies":"Awakened One","floor":50,"turns":3},{"damage":0,"enemies":"Time Eater","floor":51,"turns":7},{"damage":0,"enemies":"Shield and Spear","floor":55,"turns":2},{"damage":67,"enemies":"The Heart","floor":56,"turns":8}],"green_key_taken_log":42,"seed_played":"251080955216343184","neow_bonus_log":{"cardsObtained":["ForeignInfluence","FearNoEvil"],"cardsUpgraded":[],"cardsRemoved":[],"cardsTransformed":["Defend_P","Defend_P"],"relicsObtained":[],"maxHpGained":0,"goldGained":0,"damageTaken":0,"goldLost":0,"maxHpLost":6},"potions_obtained":[{"floor":1,"key":"Dexterity Potion"},{"floor":2,"key":"Strength Potion"},{"floor":8,"key":"EntropicBrew"},{"floor":16,"key":"Ancient Potion"},{"floor":23,"key":"Explosive Potion"},{"floor":30,"key":"Block Potion"},{"floor":35,"key":"FearPotion"},{"floor":42,"key":"GamblersBrew"}],"is_trial":false,"path_per_floor":["M","M","?","?","M","E","R","M","T","M","E","M","R","E","R","B",null,"M","M","$","M","$","E","R","E","T","R","E","M","E","?","R","B",null,"M","?","?","?","$","E","M","E","T","M","$","M","M","?","R","B","B",null,"R","$","E","B",null],"character_chosen":"WATCHER","basemod:card_modifiers":[null,null,null,null,null,null,null,null,null,null,null,null,null,null,null],"items_purchased":["Bag of Preparation","Explosive Potion","Bottled Lightning","PowerPotion","Regen Potion"],"campfire_rested":3,"item_purchase_floors":[20,22,45,54,54],"current_hp_per_floor":[61,61,42,31,31,31,31,26,26,23,23,23,23,19,19,13,50,42,42,42,42,42,22,55,28,28,61,61,61,54,54,54,47,58,58,58,58,48,48,48,48,40,40,22,22,22,7,7,7,7,7,46,59,59,59,7],"gold":31,"neow_bonus":"TRANSFORM_TWO_CARDS","is_prod":false,"is_daily":false,"rewards_skipped":[{"floor":12,"relics":[],"potions":["Ancient Potion"]},{"floor":25,"relics":[],"potions":["Regen Potion"]},{"floor":40,"relics":[],"potions":["ColorlessPotion"]},{"floor":44,"relics":[],"potions":["SkillPotion"]}],"chose_seed":false,"campfire_upgraded":4,"win_rate":0,"floor_exit_playtime":[33,65,69,73,97,139,145,229,231,290,315,334,343,464,475,555,586,666,710,728,806,824,927,932,990,996,1003,94698,94785,94861,94869,94893,95039,95064,95169,95174,95206,95231,95250,95322,95422,95598,95601,95695,95762,95874,96033,96039,96043,96185,96411,96422,96428,96449,96538,96806],"timestamp":1697572742,"blue_key_relic_skipped_log":{"floor":26,"relicID":"Girya"},"path_taken":["M","M","?","?","M","E","R","M","T","M","E","M","R","E","R","BOSS","M","M","$","M","$","E","R","E","T","R","E","M","E","?","R","BOSS","M","?","?","?","$","E","M","E","T","M","$","M","M","?","R","BOSS","BOSS","R","$","E","BOSS"],"build_version":"2022-12-18","purchased_purges":4,"victory":true,"max_hp_per_floor":[62,62,62,62,62,62,62,62,62,62,62,62,62,62,62,62,62,62,62,62,62,62,62,62,62,62,62,62,62,62,62,62,62,62,62,62,59,59,59,59,59,59,59,59,59,59,59,59,59,59,59,59,59,59,59,59],"relic_stats":{"Darkstone Periapt":0,"Regal Pillow":30,"counters":[30,112],"StoneCalendar":[0],"Bag of Preparation":[36],"Juzu Bracelet":0,"Ancient Tea Set":[14],"Question Card":7,"Nunchaku":[33],"Matryoshka":1,"Sundial":[138],"Bronze Scales":[96],"Prayer Wheel":4,"Black Star":3,"Bottled Lightning":"Scrawl","PureWater":[28],"obtain_stats":[{"Darkstone Periapt":30,"Regal Pillow":23,"Lantern":42,"Thread and Needle":28,"StoneCalendar":55,"Bag of Preparation":20,"Juzu Bracelet":43,"Ancient Tea Set":9,"Empty Cage":17,"Question Card":42,"Old Coin":43,"Nunchaku":25,"Matryoshka":40,"Sundial":6,"Bronze Scales":55,"Prayer Wheel":40,"Bag of Marbles":4,"Black Star":34,"Bottled Lightning":45,"PureWater":0,"Toxic Egg 2":11,"Unceasing Top":14},{"Darkstone Periapt":18,"Regal Pillow":14,"Lantern":23,"Thread and Needle":16,"StoneCalendar":29,"Bag of Preparation":12,"Juzu Bracelet":23,"Ancient Tea Set":5,"Empty Cage":10,"Question Card":23,"Old Coin":23,"Nunchaku":15,"Matryoshka":21,"Sundial":4,"Bronze Scales":29,"Prayer Wheel":21,"Bag of Marbles":2,"Black Star":19,"Bottled Lightning":24,"PureWater":0,"Toxic Egg 2":7,"Unceasing Top":9},{"Darkstone Periapt":57,"Regal Pillow":46,"Lantern":77,"Thread and Needle":52,"StoneCalendar":104,"Bag of Preparation":38,"Juzu Bracelet":77,"Ancient Tea Set":14,"Empty Cage":31,"Question Card":77,"Old Coin":77,"Nunchaku":49,"Matryoshka":68,"Sundial":10,"Bronze Scales":104,"Prayer Wheel":68,"Bag of Marbles":5,"Black Star":60,"Bottled Lightning":81,"PureWater":0,"Toxic Egg 2":19,"Unceasing Top":26}],"Unceasing Top":[0]},"card_choices":[{"not_picked":["Perseverance","Protect"],"picked":"MentalFortress","floor":1},{"not_picked":["Halt","FlyingSleeves"],"picked":"CutThroughFate","floor":2},{"not_picked":["FlyingSleeves","FollowUp","Evaluate"],"picked":"SKIP","floor":5},{"not_picked":["CarveReality","Perseverance"],"picked":"Adaptation","floor":6},{"not_picked":["DeusExMachina","Swivel"],"picked":"EmptyFist","floor":8},{"not_picked":["ThirdEye","Protect","Perseverance"],"picked":"SKIP","floor":10},{"not_picked":["FollowUp","TalkToTheHand","SashWhip"],"picked":"SKIP","floor":11},{"not_picked":["Prostrate+1","FlyingSleeves"],"picked":"Wallop","floor":12},{"not_picked":["Weave","WheelKick"],"picked":"Meditate+1","floor":14},{"not_picked":["Devotion","Blasphemy+1"],"picked":"ConjureBlade+1","floor":16},{"not_picked":["ClearTheMind+1","Evaluate+1","CutThroughFate"],"picked":"SKIP","floor":18},{"not_picked":["FlurryOfBlows+1","BowlingBash","CutThroughFate"],"picked":"SKIP","floor":19},{"not_picked":["Prostrate+1","Protect+1","Study+1"],"picked":"SKIP","floor":21},{"not_picked":["Study","LessonLearned"],"picked":"Adaptation","floor":23},{"not_picked":["CutThroughFate","WreathOfFlame+1","FollowUp"],"picked":"SKIP","floor":25},{"not_picked":["CarveReality+1","SashWhip"],"picked":"Scrawl+1","floor":28},{"not_picked":["PathToVictory+1","CutThroughFate","EmptyBody+1"],"picked":"SKIP","floor":29},{"not_picked":["EmptyBody+1","Collect+1","FollowUp"],"picked":"SKIP","floor":30},{"not_picked":["Scrawl+1","Judgement+1"],"picked":"Vault+1","floor":33},{"not_picked":["Sanctity+1","WheelKick","FlurryOfBlows"],"picked":"SKIP","floor":35},{"not_picked":["Discovery+1","Panacea+1"],"picked":"PanicButton+1","floor":38},{"not_picked":["Violence+1","Transmutation+1","Thinking Ahead+1"],"picked":"SKIP","floor":38},{"not_picked":["Trip+1","Sadistic Nature","Swift Strike"],"picked":"SKIP","floor":38},{"not_picked":["SandsOfTime","Consecrate","Nirvana"],"picked":"SKIP","floor":40},{"not_picked":["Collect+1","Protect+1","FlurryOfBlows"],"picked":"SKIP","floor":41},{"not_picked":["SignatureMove","Consecrate","Meditate+1"],"picked":"SKIP","floor":41},{"not_picked":["ClearTheMind+1","Devotion","Evaluate+1"],"picked":"SKIP","floor":42},{"not_picked":["FearNoEvil+1","EmptyMind+1","JustLucky","Pray+1"],"picked":"SKIP","floor":44},{"not_picked":["FollowUp","Protect+1","CutThroughFate+1","EmptyFist"],"picked":"SKIP","floor":44},{"not_picked":["Consecrate","Devotion","FollowUp","TalkToTheHand"],"picked":"SKIP","floor":46},{"not_picked":["BowlingBash","CarveReality","Consecrate+1","Ragnarok"],"picked":"SKIP","floor":46},{"not_picked":["ClearTheMind+1","CrushJoints","EmptyFist","Sanctity+1"],"picked":"SKIP","floor":47},{"not_picked":["Wireheading+1","Protect+1","ThirdEye+1","BowlingBash+1"],"picked":"SKIP","floor":47},{"not_picked":["CrushJoints","ClearTheMind+1","FlyingSleeves","Fasting2"],"picked":"SKIP","floor":55}],"player_experience":2037972,"relics_obtained":[{"floor":6,"key":"Sundial"},{"floor":9,"key":"Ancient Tea Set"},{"floor":11,"key":"Toxic Egg 2"},{"floor":14,"key":"Unceasing Top"},{"floor":23,"key":"Regal Pillow"},{"floor":25,"key":"Nunchaku"},{"floor":28,"key":"Thread and Needle"},{"floor":30,"key":"Darkstone Periapt"},{"floor":40,"key":"Matryoshka"},{"floor":40,"key":"Prayer Wheel"},{"floor":42,"key":"Lantern"},{"floor":42,"key":"Question Card"},{"floor":43,"key":"Juzu Bracelet"},{"floor":43,"key":"Old Coin"},{"floor":55,"key":"Bronze Scales"},{"floor":55,"key":"StoneCalendar"}],"event_choices":[{"damage_healed":0,"gold_gain":0,"player_choice":"Entered Light","damage_taken":19,"max_hp_gain":0,"max_hp_loss":0,"event_name":"Shining Light","floor":3,"gold_loss":0,"cards_upgraded":["MentalFortress","Strike_P"]},{"damage_healed":0,"gold_gain":0,"player_choice":"Success","damage_taken":11,"relics_obtained":["Bag of Marbles"],"max_hp_gain":0,"max_hp_loss":0,"event_name":"Scrap Ooze","floor":4,"gold_loss":0},{"damage_healed":0,"gold_gain":0,"cards_transformed":["Defend_P","Strike_P"],"player_choice":"Became Test Subject","damage_taken":0,"max_hp_gain":0,"max_hp_loss":0,"event_name":"Drug Dealer","floor":31,"gold_loss":0,"cards_obtained":["PathToVictory","DevaForm"]},{"cards_removed":["CutThroughFate"],"damage_healed":0,"gold_gain":0,"player_choice":"Removed Attack","damage_taken":0,"max_hp_gain":0,"max_hp_loss":0,"event_name":"Falling","floor":36,"gold_loss":0},{"damage_healed":0,"gold_gain":0,"player_choice":"Max HP","damage_taken":0,"max_hp_gain":0,"max_hp_loss":3,"event_name":"Winding Halls","floor":37,"gold_loss":0},{"damage_healed":0,"gold_gain":0,"player_choice":"Memory 3","damage_taken":10,"max_hp_gain":0,"max_hp_loss":0,"event_name":"SensoryStone","floor":38,"gold_loss":0},{"damage_healed":0,"gold_gain":0,"cards_transformed":["ConjureBlade"],"player_choice":"Transformed","damage_taken":0,"max_hp_gain":0,"max_hp_loss":0,"event_name":"Transmorgrifier","floor":48,"gold_loss":0,"cards_obtained":["SashWhip"]}],"is_beta":false,"boss_relics":[{"not_picked":["Runic Dome","Astrolabe"],"picked":"Empty Cage"},{"not_picked":["Philosopher\u0027s Stone","SacredBark"],"picked":"Black Star"}],"items_purged_floors":[20,22,39,45],"is_endless":false,"potions_floor_spawned":[1,2,8,12,16,23,25,30,35,40,42,44],"ascension_level":20,"potion_discard_per_floor":[[],[],[],[],[],[],[],[],[],[],[],[],[],[],[],[],[],[],[],[],[],[],[],[],[],[],[],[],[],[],[],[],[],[],[],[],[],[],[],[],[],["FearPotion"],[],[],[],[],[],[],[],[],[],[],[],["Weak Potion"],[],[],[]]}