{"neow_bonuses_skipped_log":["TRANSFORM_CARD","THREE_ENEMY_KILL","BOSS_RELIC"],"potions_obtained_entropic_brew":[[],[],[],[],[],[],[],[],[],[],[],[],[],[],[],[],[],[],[],[],[],[],[],[],[],[],[],[],[],[],[],[],[],[],[],[],[],[],[],[],[],[],[],[],[],[],[],[],[],[],[],[],[],[],[],[]],"neow_costs_skipped_log":["NONE","NONE","NONE"],"gold_per_floor":[114,131,3,3,14,14,44,64,64,84,109,109,109,128,128,202,202,213,223,148,2,52,87,87,97,124,156,176,176,202,217,217,290,290,309,81,100,100,100,100,129,129,175,200,218,235,263,277,277,277,277,277,277,29,63,63],"floor_reached":56,"playtime":3953,"items_purged":["Strike_P","Strike_P","Defend_P+1","Strike_P+1"],"score":2764,"play_id":"8c2f06d0-3c47-4c67-8177-9a81f39dd16a","local_time":"20231017215331","falling_options_log":["FearNoEvil","MentalFortress"],"score_breakdown":["Floors Climbed (56): 280","Enemies Slain (16): 32","Exordium Elites Killed (2): 20","City Elites Killed (3): 60","Beyond Elites Killed (3): 90","Bosses Slain (4): 500","Champion (7): 175","Beyond Perfect: 200","C-c-c-combo: 25","Ascension (20): 1382"],"is_ascension_mode":true,"potions_obtained_alchemize":[[],[],[],[],[],[],[],[],[],[],[],[],[],[],[],[],[],[],[],[],[],[],[],[],[],[],[],[],[],[],[],[],[],[],[],[],[],[],[],[],[],[],[],[],[],[],[],[],[],[],[],[],[],[],[],[]],"campfire_choices":[{"data":"Tantrum","floor":6,"key":"SMITH"},{"data":"JustLucky","floor":12,"key":"SMITH"},{"data":"EmptyMind","floor":15,"key":"SMITH"},{"data":"Adaptation","floor":24,"key":"SMITH"},{"data":"Adaptation","floor":32,"key":"SMITH"},{"data":"MentalFortress","floor":40,"key":"SMITH"},{"data":"MentalFortress","floor":42,"key":"SMITH"},{"floor":49,"key":"RECALL"},{"data":"TalkToTheHand","floor":53,"key":"SMITH"}],"lesson_learned_per_floor":[[],[],[],[],[],[],[],[],[],[],[],[],[],[],[],[],[],[],[],[],[],[],[],[],[],[],[],[],[],[],[],[],[],[],[],[],[],[],[],[],[],[],[],[],[],[],[],[],[],[],[],[],[],[],[],[]],"neow_cost":"TEN_PERCENT_HP_LOSS","improvable_cards":{},"seed_source_timestamp":2658804500100200,"shop_contents":[{"floor":3,"relics":["Bronze Scales","Omamori","Cauldron"],"cards":["FlurryOfBlows","SignatureMove","Vengeance","Halt","Study","Finesse","Sadistic Nature"],"potions":["BlessingOfTheForge","FearPotion"]},{"floor":21,"relics":["Matryoshka","Gambling Chip","HandDrill"],"cards":["CutThroughFate","FearNoEvil","Wish","ForeignInfluence","BattleHymn","Mind Blast","Violence"],"potions":["ColorlessPotion","SkillPotion","BlessingOfTheForge"]},{"floor":36,"relics":["Shuriken","Darkstone Periapt","Chemical X"],"cards":["Consecrate","CutThroughFate","Pray","DeusExMachina","DevaForm","Flash of Steel","Mayhem"],"potions":["DuplicationPotion","SmokeBomb","SteroidPotion"]},{"floor":54,"relics":["Bag of Marbles","Thread and Needle","CaptainsWheel"],"cards":["FlyingSleeves","WindmillStrike","Worship","EmptyBody","MentalFortress","Bandage Up","Mayhem"],"potions":["GamblersBrew","SteroidPotion","DuplicationPotion"]}],"circlet_count":0,"master_deck":["AscendersBane","Eruption","Vigilance","Tantrum+1","JustLucky+1","FearNoEvil","FlurryOfBlows","EmptyMind+1","Prostrate","Adaptation+1","Adaptation+1","TalkToTheHand+1","MentalFortress+1","MentalFortress+1","Thinking Ahead"],"potion_use_per_floor":[[],[],[],[],[],[],["SteroidPotion"],[],[],[],["AttackPotion","Swift Potion"],[],[],[],[],[],[],[],[],[],[],[],["SkillPotion"],[],[],[],["LiquidBronze"],[],[],[],[],[],[],[],[],[],[],[],[],[],["Explosive Potion"],[],[],[],[],[],[],[],[],[],["StancePotion"],[],[],[],["GamblersBrew"],["FairyPotion"]],"relics":["PureWater","The Courier","Yang","Anchor","Runic Dome","Bird Faced Urn","Pen Nib","Ancient Tea Set","MealTicket","Empty Cage","Smiling Mask","Happy Flower","Lantern","ClockworkSouvenir","Bag of Preparation"],"potions_floor_usage":[7,11,11,23,27,41,51,55],"damage_taken":[{"damage":2,"enemies":"Jaw Worm","floor":1,"turns":4},{"damage":0,"enemies":"2 Louse","floor":2,"turns":3},{"damage":0,"enemies":"Cultist","floor":5,"turns":2},{"damage":0,"enemies":"Gremlin Nob","floor":7,"turns":2},{"damage":17,"enemies":"Exordium Thugs","floor":8,"turns":3},{"damage":0,"enemies":"2 Fungi Beasts","floor":10,"turns":2},{"damage":0,"enemies":"Lagavulin","floor":11,"turns":2},{"damage":0,"enemies":"Exordium Wildlife","floor":14,"turns":3},{"damage":8,"enemies":"Hexaghost","floor":16,"turns":7},{"damage":0,"enemies":"2 Thieves","floor":18,"turns":3},{"damage":0,"enemies":"Shell Parasite","floor":19,"turns":3},{"damage":15,"enemies":"Slavers","floor":23,"turns":6},{"damage":0,"enemies":"Centurion and Healer","floor":25,"turns":3},{"damage":0,"enemies":"Book of Stabbing","floor":27,"turns":3},{"damage":16,"enemies":"Chosen and Byrds","floor":28,"turns":5},{"damage":0,"enemies":"Slavers","floor":30,"turns":4},{"damage":3,"enemies":"Cultist and Chosen","floor":31,"turns":3},{"damage":0,"enemies":"Automaton","floor":33,"turns":6},{"damage":28,"enemies":"3 Darklings","floor":35,"turns":3},{"damage":0,"enemies":"Orb Walker","floor":37,"turns":2},{"damage":0,"enemies":"Reptomancer","floor":41,"turns":2},{"damage":2,"enemies":"Nemesis","floor":44,"turns":5},{"damage":9,"enemies":"Writhing Mass","floor":45,"turns":3},{"damage":9,"enemies":"4 Shapes","floor":46,"turns":4},{"damage":0,"enemies":"Giant Head","floor":47,"turns":3},{"damage":0,"enemies":"Maw","floor":48,"turns":2},{"damage":0,"enemies":"Donu and Deca","floor":50,"turns":4},{"damage":0,"enemies":"Awakened One","floor":51,"turns":4},{"damage":0,"enemies":"Shield and Spear","floor":55,"turns":3},{"damage":95,"enemies":"The Heart","floor":56,"turns":3}],"green_key_taken_log":41,"seed_played":"-1031940478902391519","neow_bonus_log":{"cardsObtained":[],"cardsUpgraded":[],"cardsRemoved":["Defend_P","Defend_P"],"cardsTransformed":[],"relicsObtained":[],"maxHpGained":0,"goldGained":0,"damageTaken":0,"goldLost":0,"maxHpLost":6},"potions_obtained":[{"floor":2,"key":"SteroidPotion"},{"floor":8,"key":"Swift Potion"},{"floor":14,"key":"FairyPotion"},{"floor":16,"key":"Dexterity Potion"},{"floor":18,"key":"SkillPotion"},{"floor":25,"key":"LiquidBronze"},{"floor":27,"key":"Explosive Potion"},{"floor":44,"key":"StancePotion"}],"is_trial":false,"path_per_floor":["M","M","$","?","M","R","E","M","T","M","E","R","?","M","R","B",null,"M","M","?","$","?","E","R","M","T","E","M","?","E","M","R","B",null,"M","$","M","?","?","R","E","R","T","E","M","M","E","M","R","B","B",null,"R","$","E","B"],"character_chosen":"WATCHER","basemod:card_modifiers":[null,null,null,null,null,null,null,null,null,null,null,null,null,null,null],"items_purchased":["AttackPotion","Adaptation","MentalFortress","MentalFortress","GamblersBrew","ClockworkSouvenir"],"campfire_rested":0,"item_purchase_floors":[3,21,36,36,54,54],"current_hp_per_floor":[59,59,59,59,59,59,59,42,42,42,42,42,23,23,23,15,50,50,50,50,50,50,35,35,39,39,43,31,31,35,36,36,40,57,33,48,56,56,46,46,54,54,54,60,57,53,61,62,62,62,62,62,62,62,62,0],"gold":63,"neow_bonus":"REMOVE_TWO","is_prod":false,"is_daily":false,"rewards_skipped":[{"floor":5,"relics":[],"potions":["Fire Potion"]},{"floor":19,"relics":[],"potions":["Dexterity Potion"]},{"floor":46,"relics":[],"potions":["Fire Potion"]},{"floor":47,"relics":[],"potions":["AttackPotion"]},{"floor":48,"relics":[],"potions":["SmokeBomb"]}],"chose_seed":false,"campfire_upgraded":8,"win_rate":0,"floor_exit_playtime":[47,210,336,343,396,407,444,541,544,579,636,644,648,693,716,853,877,958,1015,1027,1044,1047,1195,1200,1264,1266,1346,1434,1437,1621,1690,1704,1929,1971,2059,2110,2163,2168,2181,2190,2327,2334,2337,2467,2656,2803,2917,3017,3020,3224,3602,3614,3668,3696,3868],"timestamp":1697594011,"blue_key_relic_skipped_log":{"floor":43,"relicID":"Regal Pillow"},"path_taken":["M","M","$","?","M","R","E","M","T","M","E","R","?","M","R","BOSS","M","M","?","$","?","E","R","M","T","E","M","?","E","M","R","BOSS","M","$","M","?","?","R","E","R","T","E","M","?","E","M","R","BOSS","BOSS","R","$","E","BOSS"],"build_version":"2022-12-18","purchased_purges":4,"victory":false,"max_hp_per_floor":[62,62,62,62,62,62,62,62,62,62,62,62,62,62,62,62,62,62,62,62,62,62,62,62,62,62,62,62,62,62,62,62,62,62,62,62,62,62,62,62,62,62,62,62,62,62,62,62,62,62,62,62,62,62,62,62],"relic_stats":{"Happy Flower":[8],"counters":[30,102],"Bird Faced Urn":[72],"Yang":[552],"MealTicket":15,"The Courier":173,"Pen Nib":[45],"Bag of Preparation":[2],"PureWater":[22],"Ancient Tea Set":[10],"Smiling Mask":70,"obtain_stats":[{"Lantern":47,"Happy Flower":44,"Yang":9,"The Courier":7,"Pen Nib":26,"Bag of Preparation":55,"Ancient Tea Set":27,"Empty Cage":34,"Smiling Mask":41,"ClockworkSouvenir":54,"Runic Dome":17,"Anchor":11,"Bird Faced Urn":23,"MealTicket":30,"PureWater":0},{"Lantern":25,"Happy Flower":22,"Yang":5,"The Courier":4,"Pen Nib":13,"Bag of Preparation":29,"Ancient Tea Set":14,"Empty Cage":18,"Smiling Mask":21,"ClockworkSouvenir":28,"Runic Dome":9,"Anchor":7,"Bird Faced Urn":12,"MealTicket":16,"PureWater":0},{"Lantern":86,"Happy Flower":76,"Yang":14,"The Courier":11,"Pen Nib":43,"Bag of Preparation":99,"Ancient Tea Set":46,"Empty Cage":64,"Smiling Mask":71,"ClockworkSouvenir":96,"Runic Dome":28,"Anchor":18,"Bird Faced Urn":40,"MealTicket":55,"PureWater":0}]},"card_choices":[{"not_picked":["CutThroughFate","FlyingSleeves"],"picked":"Tantrum","floor":1},{"not_picked":["ThirdEye","Perseverance"],"picked":"FlyingSleeves","floor":2},{"not_picked":["Nirvana","Collect"],"picked":"Evaluate","floor":5},{"not_picked":["Wireheading","Evaluate","JustLucky"],"picked":"SKIP","floor":7},{"not_picked":["FlyingSleeves","SashWhip"],"picked":"JustLucky","floor":8},{"not_picked":["DeusExMachina","Halt"],"picked":"FearNoEvil","floor":10},{"not_picked":["CutThroughFate","FearNoEvil"],"picked":"FlurryOfBlows","floor":11},{"not_picked":["Sanctity","BowlingBash"],"picked":"EmptyMind","floor":14},{"not_picked":["Ragnarok","SpiritShield","Establishment"],"picked":"SKIP","floor":16},{"not_picked":["Protect","Consecrate"],"picked":"Prostrate","floor":18},{"not_picked":["Meditate","BowlingBash","CutThroughFate"],"picked":"SKIP","floor":19},{"not_picked":["Collect","Weave"],"picked":"Adaptation","floor":23},{"not_picked":["Tantrum","EmptyFist","CarveReality"],"picked":"SKIP","floor":25},{"not_picked":["Crescendo","Tantrum+1","Halt"],"picked":"SKIP","floor":27},{"not_picked":["BowlingBash","JustLucky","EmptyMind"],"picked":"SKIP","floor":28},{"not_picked":["Swivel","CrushJoints","DeusExMachina"],"picked":"SKIP","floor":30},{"not_picked":["BowlingBash","ClearTheMind"],"picked":"TalkToTheHand","floor":31},{"not_picked":["Judgement","DeusExMachina","SpiritShield"],"picked":"SKIP","floor":33},{"not_picked":["Weave","PathToVictory","EmptyFist"],"picked":"SKIP","floor":35},{"not_picked":["Wallop","CutThroughFate","JustLucky+1"],"picked":"SKIP","floor":37},{"not_picked":["Jack Of All Trades","Dramatic Entrance"],"picked":"Thinking Ahead","floor":39},{"not_picked":["Jack Of All Trades","Enlightenment","Metamorphosis"],"picked":"SKIP","floor":39},{"not_picked":["Panache","Violence","Good Instincts"],"picked":"SKIP","floor":39},{"not_picked":["FlurryOfBlows+1","SashWhip","Pray"],"picked":"SKIP","floor":41},{"not_picked":["WheelKick","CrushJoints","Nirvana"],"picked":"SKIP","floor":44},{"not_picked":["ThirdEye","Crescendo","Swivel"],"picked":"SKIP","floor":45},{"not_picked":["CutThroughFate","SandsOfTime","ReachHeaven+1"],"picked":"SKIP","floor":46},{"not_picked":["CutThroughFate","SandsOfTime","ReachHeaven+1"],"picked":"SKIP","floor":46},{"not_picked":["Protect","Tantrum","EmptyFist"],"picked":"SKIP","floor":47},{"not_picked":["Fasting2","Weave+1","ClearTheMind+1"],"picked":"SKIP","floor":48},{"not_picked":["MentalFortress","BattleHymn","WreathOfFlame"],"picked":"SKIP","floor":55}],"player_experience":2135453,"relics_obtained":[{"floor":7,"key":"The Courier"},{"floor":9,"key":"Yang"},{"floor":11,"key":"Anchor"},{"floor":23,"key":"Bird Faced Urn"},{"floor":26,"key":"Pen Nib"},{"floor":27,"key":"Ancient Tea Set"},{"floor":30,"key":"MealTicket"},{"floor":41,"key":"Smiling Mask"},{"floor":44,"key":"Happy Flower"},{"floor":47,"key":"Lantern"},{"floor":55,"key":"Bag of Preparation"}],"event_choices":[{"damage_healed":0,"gold_gain":0,"player_choice":"Ignored","damage_taken":0,"max_hp_gain":0,"max_hp_loss":0,"event_name":"Liars Game","floor":4,"gold_loss":0},{"damage_healed":0,"gold_gain":0,"player_choice":"Entered Light","damage_taken":19,"max_hp_gain":0,"max_hp_loss":0,"event_name":"Shining Light","floor":13,"gold_loss":0,"cards_upgraded":["Strike_P","Defend_P"]},{"cards_removed":["Strike_P"],"damage_healed":0,"gold_gain":0,"player_choice":"Gave Gold","damage_taken":0,"max_hp_gain":0,"max_hp_loss":0,"event_name":"Beggar","floor":20,"gold_loss":75},{"damage_healed":0,"gold_gain":50,"player_choice":"Stole From Cult","damage_taken":0,"max_hp_gain":0,"max_hp_loss":0,"event_name":"Nest","floor":22,"gold_loss":0},{"damage_healed":0,"gold_gain":0,"player_choice":"Ignored","damage_taken":0,"max_hp_gain":0,"max_hp_loss":0,"event_name":"The Mausoleum","floor":29,"gold_loss":0},{"cards_removed":["Evaluate"],"damage_healed":0,"gold_gain":0,"player_choice":"Removed Skill","damage_taken":0,"max_hp_gain":0,"max_hp_loss":0,"event_name":"Falling","floor":38,"gold_loss":0},{"damage_healed":0,"gold_gain":0,"player_choice":"Memory 3","damage_taken":10,"max_hp_gain":0,"max_hp_loss":0,"event_name":"SensoryStone","floor":39,"gold_loss":0}],"is_beta":false,"boss_relics":[{"not_picked":["SacredBark","Tiny House"],"picked":"Runic Dome"},{"not_picked":["HolyWater","Black Star"],"picked":"Empty Cage"}],"items_purged_floors":[3,21,36,54],"is_endless":false,"potions_floor_spawned":[2,5,8,14,16,18,19,25,27,44,46,47,48],"killed_by":"The Heart","ascension_level":20,"potion_discard_per_floor":[[],[],[],[],[],[],[],[],[],[],[],[],[],[],[],[],[],["Dexterity Potion"],[],[],[],[],[],[],[],[],[],[],[],[],[],[],[],[],[],[],[],[],[],[],[],[],[],[],[],[],[],[],[],[],[],[],[],[],[],[]]}