{"neow_bonuses_skipped_log":["TRANSFORM_CARD","THREE_SMALL_POTIONS","BOSS_RELIC"],"potions_obtained_entropic_brew":[[],[],[],[],[],[],[],[]],"neow_costs_skipped_log":["NONE","NONE","NONE"],"gold_per_floor":[118,268,305,151,151,151,200,200],"floor_reached":8,"playtime":313,"items_purged":["Doubt"],"score":92,"play_id":"5c5086b3-0212-43e4-8a7f-7083e7a1a71f","local_time":"20231016121258","score_breakdown":["Floors Climbed (8): 40","Enemies Slain (3): 6","Exordium Elites Killed (0): 0","Bosses Slain (0): 0","Ascension (20): 46"],"is_ascension_mode":true,"potions_obtained_alchemize":[[],[],[],[],[],[],[],[]],"campfire_choices":[{"data":"Eruption","floor":6,"key":"SMITH"}],"lesson_learned_per_floor":[[],[],[],[],[],[],[],[]],"neow_cost":"PERCENT_DAMAGE","improvable_cards":{},"seed_source_timestamp":2541217148798900,"shop_contents":[{"floor":4,"relics":["Pear","White Beast Statue","Chemical X"],"cards":["FlyingSleeves","ReachHeaven","Halt","BattleHymn","Discovery","HandOfGreed"],"potions":["DistilledChaos","GamblersBrew","FearPotion"]}],"circlet_count":0,"master_deck":["AscendersBane","Strike_P","Strike_P","Strike_P","Strike_P","Defend_P","Defend_P","Defend_P","Defend_P","Eruption+1","Vigilance","Wish","JustLucky","BowlingBash","Vault","Adaptation"],"potion_use_per_floor":[[],[],[],[],[],[],["Energy Potion"],[]],"relics":["PureWater","Golden Idol"],"potions_floor_usage":[7],"damage_taken":[{"damage":11,"enemies":"Small Slimes","floor":1,"turns":6},{"damage":4,"enemies":"Jaw Worm","floor":3,"turns":5},{"damage":0,"enemies":"2 Louse","floor":7,"turns":4},{"damage":43,"enemies":"Lagavulin","floor":8,"turns":9}],"seed_played":"-5719948139022991849","neow_bonus_log":{"cardsObtained":[],"cardsUpgraded":[],"cardsRemoved":[],"cardsTransformed":[],"relicsObtained":[],"maxHpGained":0,"goldGained":0,"damageTaken":18,"goldLost":0,"maxHpLost":0},"potions_obtained":[{"floor":1,"key":"Energy Potion"},{"floor":3,"key":"Fire Potion"}],"is_trial":false,"path_per_floor":["M","?","M","$","?","R","M","E"],"character_chosen":"WATCHER","basemod:card_modifiers":[null,null,null,null,null,null,null,null,null,null,null,null,null,null,null,null],"items_purchased":["Vault"],"campfire_rested":0,"item_purchase_floors":[4],"current_hp_per_floor":[32,32,28,28,28,28,28,0],"gold":200,"neow_bonus":"THREE_RARE_CARDS","is_prod":false,"is_daily":false,"rewards_skipped":[],"chose_seed":false,"campfire_upgraded":1,"win_rate":0,"floor_exit_playtime":[80,83,125,149,153,167,225],"timestamp":1697472778,"path_taken":["M","?","M","$","?","R","M","E"],"build_version":"2022-12-18","purchased_purges":1,"victory":false,"max_hp_per_floor":[68,68,68,68,62,62,62,62],"relic_stats":{"counters":[4,24],"Golden Idol":5,"PureWater":[3],"obtain_stats":[{"Golden Idol":5,"PureWater":0},{"Golden Idol":2,"PureWater":0},{"Golden Idol":11,"PureWater":0}]},"card_choices":[{"not_picked":["MasterReality","Judgement"],"picked":"Wish","floor":0},{"not_picked":["Fasting2","EmptyBody"],"picked":"JustLucky","floor":1},{"not_picked":["SignatureMove","Evaluate"],"picked":"BowlingBash","floor":3},{"not_picked":["BattleHymn","Crescendo"],"picked":"Adaptation","floor":7}],"player_experience":2037659,"relics_obtained":[],"event_choices":[{"damage_healed":0,"gold_gain":150,"player_choice":"AGREE","damage_taken":0,"max_hp_gain":0,"max_hp_loss":0,"event_name":"Liars Game","floor":2,"gold_loss":0,"cards_obtained":["Doubt"]},{"damage_healed":0,"gold_gain":0,"player_choice":"Lose Max HP","damage_taken":0,"relics_obtained":["Golden Idol"],"max_hp_gain":0,"max_hp_loss":6,"event_name":"Golden Idol","floor":5,"gold_loss":0}],"is_beta":false,"boss_relics":[],"items_purged_floors":[4],"is_endless":false,"potions_floor_spawned":[1,3],"killed_by":"Lagavulin","ascension_level":20,"potion_discard_per_floor":[[],[],[],[],[],[],[],[]]}