{"neow_bonuses_skipped_log":["UPGRADE_CARD","TEN_PERCENT_HP_BONUS","BOSS_RELIC"],"potions_obtained_entropic_brew":[[],[],[],[],[],[],[]],"neow_costs_skipped_log":["NONE","NONE","NONE"],"gold_per_floor":[114,134,134,147,147,147,147],"floor_reached":7,"playtime":233,"items_purged":[],"score":82,"play_id":"6ba6f53e-00c9-495f-9a0a-ac5d082e1d87","local_time":"20231017204725","score_breakdown":["Floors Climbed (7): 35","Enemies Slain (3): 6","Exordium Elites Killed (0): 0","Bosses Slain (0): 0","Ascension (20): 41"],"is_ascension_mode":true,"potions_obtained_alchemize":[[],[],[],[],[],[],[]],"campfire_choices":[{"data":"Eruption","floor":6,"key":"SMITH"}],"lesson_learned_per_floor":[[],[],[],[],[],[],[]],"neow_cost":"TEN_PERCENT_HP_LOSS","improvable_cards":{},"seed_source_timestamp":2658562444959500,"shop_contents":[],"circlet_count":0,"master_deck":["AscendersBane","Strike_P","Strike_P","Strike_P","Defend_P","Defend_P","Defend_P","Defend_P","Eruption+1","Vigilance","Metamorphosis","MentalFortress","Meditate","InnerPeace"],"potion_use_per_floor":[[],[],[],[],[],[],["ColorlessPotion"]],"relics":["PureWater","Golden Idol"],"potions_floor_usage":[7],"damage_taken":[{"damage":6,"enemies":"Jaw Worm","floor":1,"turns":5},{"damage":14,"enemies":"Small Slimes","floor":2,"turns":4},{"damage":0,"enemies":"2 Louse","floor":4,"turns":3},{"damage":37,"enemies":"Gremlin Nob","floor":7,"turns":3}],"seed_played":"3702103738742960739","neow_bonus_log":{"cardsObtained":[],"cardsUpgraded":[],"cardsRemoved":[],"cardsTransformed":[],"relicsObtained":[],"maxHpGained":0,"goldGained":0,"damageTaken":0,"goldLost":0,"maxHpLost":6},"potions_obtained":[{"floor":2,"key":"ColorlessPotion"}],"is_trial":false,"path_per_floor":["M","M","?","M","?","R","?"],"character_chosen":"WATCHER","basemod:card_modifiers":[null,null,null,null,null,null,null,null,null,null,null,null,null,null],"items_purchased":[],"campfire_rested":0,"item_purchase_floors":[],"current_hp_per_floor":[55,41,34,34,34,34,0],"gold":147,"neow_bonus":"RANDOM_COLORLESS_2","is_prod":false,"is_daily":false,"rewards_skipped":[],"chose_seed":false,"campfire_upgraded":1,"win_rate":0,"floor_exit_playtime":[77,133,143,178,182,188],"timestamp":1697590045,"path_taken":["M","M","?","M","?","R","?"],"build_version":"2022-12-18","purchased_purges":0,"victory":false,"max_hp_per_floor":[62,62,62,62,56,56,56],"relic_stats":{"counters":[4,15],"Golden Idol":22,"PureWater":[3],"obtain_stats":[{"Golden Idol":5,"PureWater":0},{"Golden Idol":3,"PureWater":0},{"Golden Idol":12,"PureWater":0}]},"card_choices":[{"not_picked":["Magnetism","Panache"],"picked":"Metamorphosis","floor":0},{"not_picked":["PathToVictory","BowlingBash"],"picked":"MentalFortress","floor":1},{"not_picked":["SashWhip","Halt"],"picked":"Meditate","floor":2},{"not_picked":["Fasting2","FollowUp"],"picked":"InnerPeace","floor":4}],"player_experience":2135220,"relics_obtained":[],"event_choices":[{"cards_removed":["Strike_P"],"damage_healed":0,"gold_gain":0,"player_choice":"Card Removal","damage_taken":7,"max_hp_gain":0,"max_hp_loss":0,"event_name":"Golden Wing","floor":3,"gold_loss":0},{"damage_healed":0,"gold_gain":0,"player_choice":"Lose Max HP","damage_taken":0,"relics_obtained":["Golden Idol"],"max_hp_gain":0,"max_hp_loss":6,"event_name":"Golden Idol","floor":5,"gold_loss":0},{"damage_healed":0,"gold_gain":0,"player_choice":"Searched \u00271\u0027 times","damage_taken":0,"max_hp_gain":0,"max_hp_loss":0,"event_name":"Dead Adventurer","floor":7,"gold_loss":0}],"is_beta":false,"boss_relics":[],"items_purged_floors":[],"is_endless":false,"potions_floor_spawned":[2],"killed_by":"Gremlin Nob","ascension_level":20,"potion_discard_per_floor":[[],[],[],[],[],[],[]]}