{"neow_bonuses_skipped_log":["TEN_PERCENT_HP_BONUS","RANDOM_COLORLESS_2","BOSS_RELIC"],"potions_obtained_entropic_brew":[[],[],[],[],[],[],[],[],[],[],[],[],[],[],[],[],[],[],[],[],[],[],[],[],[],[],[],[],[],[],[]],"neow_costs_skipped_log":["NONE","CURSE","NONE"],"gold_per_floor":[118,138,138,153,153,153,188,198,251,282,299,299,310,341,341,415,415,428,184,184,4,4,34,34,34,34,45,63,63,74,74],"floor_reached":31,"playtime":873,"items_purged":["Defend_P","Defend_P"],"score":600,"play_id":"eaff0dab-695b-481d-8457-adddc14ea62d","local_time":"20231016120733","score_breakdown":["Floors Climbed (31): 155","Enemies Slain (10): 20","Exordium Elites Killed (3): 30","City Elites Killed (1): 20","Bosses Slain (1): 50","Champion (1): 25","Ascension (20): 300"],"is_ascension_mode":true,"potions_obtained_alchemize":[[],[],[],[],[],[],[],[],[],[],[],[],[],[],[],[],[],[],[],[],[],[],[],[],[],[],[],[],[],[],[]],"campfire_choices":[{"data":"CarveReality","floor":6,"key":"SMITH"},{"floor":12,"key":"REST"},{"data":"Indignation","floor":15,"key":"SMITH"},{"floor":25,"key":"REST"}],"lesson_learned_per_floor":[[],[],[],[],[],[],[],[],[],[],[],[],[],[],[],[],[],[],[],[],[],[],[],[],[],[],[],[],[],[],[]],"neow_cost":"NONE","improvable_cards":{},"seed_source_timestamp":2540331746087100,"shop_contents":[{"floor":19,"relics":["TungstenRod","Strange Spoon"],"cards":["CarveReality","JustLucky","Sanctity","Prostrate","Wireheading+1","Mind Blast","Secret Weapon"],"potions":["StancePotion","Fruit Juice","Energy Potion"]},{"floor":21,"relics":["Mummified Hand","Eternal Feather","Melange"],"cards":["SignatureMove","Evaluate","Crescendo","Wireheading+1","Deep Breath","HandOfGreed"],"potions":["FearPotion","Block Potion","Swift Potion"]}],"circlet_count":0,"master_deck":["AscendersBane","Strike_P+1","Strike_P+1","Defend_P","Defend_P","Eruption+1","Vigilance","FlurryOfBlows+1","CarveReality+1","Vengeance","Indignation+1","Adaptation+1","FearNoEvil"],"potion_use_per_floor":[[],[],[],[],[],[],[],[],[],["Explosive Potion"],[],[],[],[],[],[],[],[],[],[],[],[],["Swift Potion"],[],[],[],[],["GamblersBrew","DistilledChaos"],[],["Fruit Juice"],[]],"relics":["HolyWater","Frozen Egg 2","Oddly Smooth Stone","Whetstone","White Beast Statue","Centennial Puzzle","The Courier"],"potions_floor_usage":[10,23,28,28,30],"damage_taken":[{"damage":0,"enemies":"Small Slimes","floor":1,"turns":3},{"damage":5,"enemies":"2 Louse","floor":2,"turns":3},{"damage":0,"enemies":"Cultist","floor":4,"turns":1},{"damage":20,"enemies":"Lagavulin","floor":7,"turns":5},{"damage":1,"enemies":"3 Louse","floor":8,"turns":2},{"damage":0,"enemies":"Gremlin Nob","floor":10,"turns":2},{"damage":0,"enemies":"Exordium Thugs","floor":11,"turns":2},{"damage":6,"enemies":"Exordium Wildlife","floor":13,"turns":3},{"damage":15,"enemies":"3 Sentries","floor":14,"turns":5},{"damage":7,"enemies":"Hexaghost","floor":16,"turns":7},{"damage":0,"enemies":"Spheric Guardian","floor":18,"turns":1},{"damage":38,"enemies":"Book of Stabbing","floor":23,"turns":4},{"damage":6,"enemies":"3 Byrds","floor":27,"turns":2},{"damage":0,"enemies":"Shelled Parasite and Fungi","floor":28,"turns":2},{"damage":14,"enemies":"Centurion and Healer","floor":30,"turns":2},{"damage":6,"enemies":"3 Cultists","floor":31,"turns":2}],"green_key_taken_log":14,"seed_played":"-8698471313410788482","neow_bonus_log":{"cardsObtained":[],"cardsUpgraded":["Eruption"],"cardsRemoved":[],"cardsTransformed":[],"relicsObtained":[],"maxHpGained":0,"goldGained":0,"damageTaken":0,"goldLost":0,"maxHpLost":0},"potions_obtained":[{"floor":2,"key":"Energy Potion"},{"floor":4,"key":"Explosive Potion"},{"floor":14,"key":"Swift Potion"},{"floor":18,"key":"GamblersBrew"},{"floor":23,"key":"SneckoOil"},{"floor":27,"key":"DistilledChaos"},{"floor":28,"key":"Fruit Juice"},{"floor":30,"key":"Dexterity Potion"}],"is_trial":false,"path_per_floor":["M","M","?","M","?","R","E","M","T","E","M","R","M","E","R","B",null,"M","$","?","$","?","E","?","R","T","M","M","?","M","M"],"character_chosen":"WATCHER","basemod:card_modifiers":[null,null,null,null,null,null,null,null,null,null,null,null,null],"items_purchased":["Centennial Puzzle","FearNoEvil"],"campfire_rested":2,"item_purchase_floors":[19,21],"current_hp_per_floor":[61,56,56,56,56,56,36,35,35,35,35,55,49,34,34,27,58,58,58,58,58,58,20,1,22,22,16,16,10,1,0],"gold":74,"neow_bonus":"UPGRADE_CARD","is_prod":false,"is_daily":false,"rewards_skipped":[{"floor":7,"relics":[],"potions":["Block Potion"]},{"floor":16,"relics":[],"potions":["Weak Potion"]},{"floor":23,"relics":["Dead Branch"],"potions":[]}],"chose_seed":false,"campfire_upgraded":2,"win_rate":0,"floor_exit_playtime":[53,85,91,107,117,123,180,212,216,236,257,267,314,382,387,485,498,516,535,541,560,568,638,643,647,653,712,761,769,834],"timestamp":1697472453,"path_taken":["M","M","?","M","?","R","E","M","T","E","?","R","M","E","R","BOSS","M","$","?","?","?","E","?","R","T","M","M","?","M","?"],"build_version":"2022-12-18","purchased_purges":2,"victory":false,"max_hp_per_floor":[68,68,68,68,68,68,68,68,68,68,68,68,68,68,68,68,68,68,68,68,68,68,68,73,73,73,73,73,73,78,78],"relic_stats":{"Centennial Puzzle":[9],"counters":[16,46],"HolyWater":[12],"The Courier":0,"Whetstone":["Strike_P","Strike_P"],"obtain_stats":[{"Centennial Puzzle":19,"Oddly Smooth Stone":9,"HolyWater":17,"The Courier":26,"Whetstone":10,"PureWater":0,"Frozen Egg 2":7,"White Beast Statue":14},{"Centennial Puzzle":11,"Oddly Smooth Stone":5,"HolyWater":10,"The Courier":12,"Whetstone":6,"PureWater":0,"Frozen Egg 2":4,"White Beast Statue":9},{"Centennial Puzzle":34,"Oddly Smooth Stone":14,"HolyWater":33,"The Courier":38,"Whetstone":16,"PureWater":0,"Frozen Egg 2":12,"White Beast Statue":26}],"White Beast Statue":[0.0,0.026400000000000007,0.0,0.2934400000000001,0.0,0.5049600000000003,0.0,0.16800000000000007,0.0,0.007200000000000002,0.0,2.663840000000001]},"card_choices":[{"not_picked":["PathToVictory","Wireheading"],"picked":"FlurryOfBlows","floor":1},{"not_picked":["DeceiveReality","FollowUp"],"picked":"CarveReality","floor":2},{"not_picked":["LikeWater","Study","SignatureMove"],"picked":"SKIP","floor":4},{"not_picked":["FlurryOfBlows","Collect"],"picked":"Vengeance","floor":7},{"not_picked":["FlurryOfBlows","Nirvana+1"],"picked":"Indignation","floor":8},{"not_picked":["FlurryOfBlows","Vengeance"],"picked":"Adaptation+1","floor":10},{"not_picked":["Fasting2+1","Nirvana+1","Collect"],"picked":"SKIP","floor":11},{"not_picked":["Consecrate","FollowUp","CutThroughFate"],"picked":"SKIP","floor":13},{"not_picked":["SignatureMove","EmptyBody","LikeWater+1"],"picked":"SKIP","floor":14},{"not_picked":["Blasphemy","DevaForm+1","Wish"],"picked":"SKIP","floor":16},{"not_picked":["Protect","FollowUp","PathToVictory+1"],"picked":"SKIP","floor":18},{"not_picked":["JustLucky","CutThroughFate","Consecrate"],"picked":"SKIP","floor":23},{"not_picked":["CrushJoints+1","FollowUp","WindmillStrike"],"picked":"SKIP","floor":27},{"not_picked":["BowlingBash","LikeWater+1","FollowUp"],"picked":"SKIP","floor":28},{"not_picked":["Meditate","ThirdEye","ConjureBlade"],"picked":"SKIP","floor":30}],"player_experience":2036786,"relics_obtained":[{"floor":7,"key":"Frozen Egg 2"},{"floor":9,"key":"Oddly Smooth Stone"},{"floor":10,"key":"Whetstone"},{"floor":14,"key":"White Beast Statue"},{"floor":26,"key":"The Courier"}],"event_choices":[{"damage_healed":0,"gold_gain":0,"player_choice":"Ignored","damage_taken":0,"max_hp_gain":0,"max_hp_loss":0,"event_name":"Liars Game","floor":3,"gold_loss":0},{"damage_healed":0,"gold_gain":0,"player_choice":"Forge","damage_taken":0,"max_hp_gain":0,"max_hp_loss":0,"event_name":"Accursed Blacksmith","floor":5,"gold_loss":0,"cards_upgraded":["FlurryOfBlows"]},{"cards_removed":["Strike_P"],"damage_healed":0,"gold_gain":0,"player_choice":"Purged","damage_taken":0,"max_hp_gain":0,"max_hp_loss":0,"event_name":"Purifier","floor":20,"gold_loss":0},{"cards_removed":["Strike_P"],"damage_healed":0,"gold_gain":0,"player_choice":"Elegance","damage_taken":0,"max_hp_gain":0,"max_hp_loss":0,"event_name":"Back to Basics","floor":22,"gold_loss":0},{"damage_healed":0,"gold_gain":0,"player_choice":"Shed Blood","damage_taken":24,"max_hp_gain":5,"max_hp_loss":0,"event_name":"Forgotten Altar","floor":24,"gold_loss":0},{"damage_healed":0,"gold_gain":0,"player_choice":"","damage_taken":6,"max_hp_gain":0,"max_hp_loss":0,"event_name":"Knowing Skull","floor":29,"potions_obtained":[],"gold_loss":0,"cards_obtained":[]}],"is_beta":false,"boss_relics":[{"not_picked":["Ectoplasm","Philosopher\u0027s Stone"],"picked":"HolyWater"}],"items_purged_floors":[19,21],"is_endless":false,"potions_floor_spawned":[2,4,7,14,16,18,23,27,28,30],"killed_by":"3 Cultists","ascension_level":20,"potion_discard_per_floor":[[],[],[],[],[],[],[],[],[],[],[],[],[],[],[],[],[],["Energy Potion"],[],[],[],[],[],[],[],[],["SneckoOil"],[],[],[],[]]}