{"neow_bonuses_skipped_log":["RANDOM_COLORLESS","REMOVE_TWO","BOSS_RELIC"],"neow_costs_skipped_log":["NONE","NO_GOLD","NONE"],"potions_obtained_entropic_brew":[[],[],[],[],[],[],[],[],[],[],[],[],[],[],[],["SpeedPotion","ColorlessPotion"],[],[],[],[],[],[],[],[],[],[],[],[],[],[],[],[],[],[],[],[],[],[],[],[],[],[],[],[],[],[],[],[],[],[],[],[],[],[],[],[]],"gold_per_floor":[210,228,228,228,49,49,49,49,49,49,84,84,99,116,116,194,194,211,228,247,257,275,275,285,285,310,310,121,148,177,191,191,270,270,290,81,92,92,314,346,346,364,364,395,84,100,113,133,133,133,133,133,133,20,55,55],"floor_reached":56,"playtime":3746,"items_purged":["Defend_P","Defend_P","Strike_P","Strike_P"],"score":1958,"play_id":"4d98b0d6-f917-41a3-9942-7e3124c082fd","local_time":"20231013161101","falling_options_log":["Strike_P+1","MentalFortress+1"],"score_breakdown":["Floors Climbed (56): 280","Enemies Slain (17): 34","Exordium Elites Killed (1): 10","City Elites Killed (1): 20","Beyond Elites Killed (2): 60","Bosses Slain (4): 500","Stuffed: 50","Champion (1): 25","Overkill: 25","Ascension (20): 954"],"is_ascension_mode":true,"potions_obtained_alchemize":[[],[],[],[],[],[],[],[],[],[],[],[],[],[],[],[],[],[],[],[],[],[],[],[],[],[],[],[],[],[],[],[],[],[],[],[],[],[],[],[],[],[],[],[],[],[],[],[],[],[],[],[],[],[],[],[]],"campfire_choices":[{"data":"Eruption","floor":6.0,"key":"SMITH"},{"data":"SandsOfTime","floor":8.0,"key":"SMITH"},{"floor":10.0,"key":"REST"},{"data":"Meditate","floor":12.0,"key":"SMITH"},{"data":"CutThroughFate","floor":15.0,"key":"SMITH"},{"data":"Vault","floor":23.0,"key":"SMITH"},{"data":"MentalFortress","floor":25.0,"key":"SMITH"},{"data":"Adaptation","floor":27.0,"key":"SMITH"},{"data":"FlurryOfBlows","floor":32.0,"key":"SMITH"},{"data":"LikeWater","floor":41.0,"key":"SMITH"},{"floor":49.0,"key":"RECALL"},{"data":"SpiritShield","floor":53.0,"key":"SMITH"}],"lesson_learned_per_floor":[[],[],[],[],[],[],[],[],[],[],[],[],[],[],[],[],[],[],[],[],[],[],[],[],[],[],[],[],[],[],[],[],[],[],[],[],[],[],[],[],[],[],[],[],[],[],[],[],[],[],[],[],[],[],[],[]],"neow_cost":"NONE","improvable_cards":{},"seed_source_timestamp":2292841251305800,"shop_contents":[{"floor":5,"relics":["Potion Belt","Omamori","Frozen Eye"],"cards":["BowlingBash","Collect","Wireheading","Impatience","Mayhem"],"potions":["BlessingOfTheForge","Strength Potion","LiquidMemories"]},{"floor":28,"relics":["Nunchaku","Juzu Bracelet","PrismaticShard"],"cards":["EmptyFist","CrushJoints","Prostrate","Judgement","Discovery","Mayhem"],"potions":["BlessingOfTheForge","ColorlessPotion","Ancient Potion"]},{"floor":36,"relics":["Meat on the Bone","Ice Cream","Strange Spoon"],"cards":["Wallop","CutThroughFate","Evaluate","Protect","PanicButton","Secret Technique"],"potions":["AttackPotion","Block Potion","Dexterity Potion"]},{"floor":45,"relics":["Bag of Marbles","Boot"],"cards":["FollowUp","BowlingBash","Halt","Evaluate","Adaptation","Trip","Transmutation"],"potions":["BlessingOfTheForge","EssenceOfSteel","SneckoOil"]},{"floor":54,"relics":["Blue Candle","Toy Ornithopter","OrangePellets"],"cards":["FlyingSleeves","Weave","Protect","Evaluate","BattleHymn","Dark Shackles","Transmutation"],"potions":["Dexterity Potion","Dexterity Potion"]}],"circlet_count":0,"master_deck":["AscendersBane","Strike_P","Strike_P+1","Defend_P+1","Eruption+1","Vigilance","Crescendo","SandsOfTime+1","EmptyFist","Meditate+1","FlurryOfBlows+1","CutThroughFate+1","Vault+1","Adaptation+1","MentalFortress+1","ThirdEye+1","LikeWater+1","Adaptation","Consecrate+1","SpiritShield+1","Meditate+1"],"special_seed":0,"potion_use_per_floor":[[],[],[],[],[],[],[],[],[],[],[],[],[],[],[],["EntropicBrew"],[],["ColorlessPotion"],[],[],[],[],[],[],[],[],[],[],["SkillPotion"],[],["Fire Potion"],[],[],[],[],[],[],[],[],["EssenceOfSteel"],[],[],[],[],[],["Fruit Juice"],[],[],[],[],[],[],[],[],["Ambrosia"],["CultistPotion"]],"relics":["PureWater","Singing Bowl","Letter Opener","Incense Burner","Coffee Dripper","Ancient Tea Set","Red Mask","InkBottle","Philosopher\u0027s Stone","Blood Vial","Pen Nib","DollysMirror","Lantern"],"potions_floor_usage":[56],"damage_taken":[{"damage":2.0,"enemies":"Small Slimes","floor":1.0,"turns":3.0},{"damage":0.0,"enemies":"Jaw Worm","floor":2.0,"turns":3.0},{"damage":11.0,"enemies":"Gremlin Nob","floor":11.0,"turns":3.0},{"damage":6.0,"enemies":"2 Louse","floor":13.0,"turns":2.0},{"damage":5.0,"enemies":"Gremlin Gang","floor":14.0,"turns":3.0},{"damage":10.0,"enemies":"The Guardian","floor":16.0,"turns":8.0},{"damage":16.0,"enemies":"3 Byrds","floor":18.0,"turns":10.0},{"damage":0.0,"enemies":"Spheric Guardian","floor":19.0,"turns":2.0},{"damage":2.0,"enemies":"Centurion and Healer","floor":20.0,"turns":4.0},{"damage":0.0,"enemies":"Shelled Parasite and Fungi","floor":21.0,"turns":3.0},{"damage":16.0,"enemies":"Snake Plant","floor":22.0,"turns":3.0},{"damage":0.0,"enemies":"Centurion and Healer","floor":24.0,"turns":6.0},{"damage":0.0,"enemies":"Masked Bandits","floor":29.0,"turns":3.0},{"damage":0.0,"enemies":"Gremlin Leader","floor":30.0,"turns":8.0},{"damage":0.0,"enemies":"Cultist and Chosen","floor":31.0,"turns":6.0},{"damage":1.0,"enemies":"Automaton","floor":33.0,"turns":7.0},{"damage":0.0,"enemies":"3 Darklings","floor":35.0,"turns":6.0},{"damage":0.0,"enemies":"Orb Walker","floor":37.0,"turns":3.0},{"damage":6.0,"enemies":"Giant Head","floor":40.0,"turns":5.0},{"damage":11.0,"enemies":"3 Darklings","floor":42.0,"turns":4.0},{"damage":20.0,"enemies":"Reptomancer","floor":44.0,"turns":5.0},{"damage":8.0,"enemies":"Jaw Worm Horde","floor":46.0,"turns":6.0},{"damage":0.0,"enemies":"Maw","floor":47.0,"turns":6.0},{"damage":0.0,"enemies":"Sphere and 2 Shapes","floor":48.0,"turns":7.0},{"damage":2.0,"enemies":"Donu and Deca","floor":50.0,"turns":6.0},{"damage":6.0,"enemies":"Time Eater","floor":51.0,"turns":8.0},{"damage":61.0,"enemies":"Shield and Spear","floor":55.0,"turns":9.0},{"damage":33,"enemies":"The Heart","floor":56,"turns":4}],"green_key_taken_log":44,"seed_played":"347819510331221470","neow_bonus_log":{"cardsObtained":[],"cardsUpgraded":[],"cardsRemoved":[],"cardsTransformed":[],"relicsObtained":[],"maxHpGained":0,"goldGained":100,"damageTaken":0,"goldLost":0,"maxHpLost":0},"potions_obtained":[{"floor":2.0,"key":"BlessingOfTheForge"},{"floor":13.0,"key":"EntropicBrew"},{"floor":21.0,"key":"BlessingOfTheForge"},{"floor":24.0,"key":"SkillPotion"},{"floor":29.0,"key":"Fire Potion"},{"floor":30.0,"key":"EssenceOfSteel"},{"floor":37.0,"key":"EssenceOfSteel"},{"floor":40.0,"key":"Fruit Juice"},{"floor":46.0,"key":"Ambrosia"}],"is_trial":false,"path_per_floor":["M","M","?","?","$","R","?","R","T","R","E","R","M","M","R","B",null,"M","M","M","M","M","R","M","R","T","R","$","?","E","M","R","B",null,"M","$","M","?","?","E","R","M","T","E","$","M","M","M","R","B","B",null,"R","$","E","B"],"character_chosen":"WATCHER","basemod:card_modifiers":[null,null,null,null,null,null,null,null,null,null,null,null,null,null,null,null,null,null,null,null,null],"items_purchased":["EmptyFist","Meditate","LikeWater","Adaptation","DollysMirror","CultistPotion"],"campfire_rested":1,"item_purchase_floors":[5,5,28,36,45,54],"current_hp_per_floor":[59,59,39,21,21,21,21,21,21,41,30,30,24,21,21,11,55,39,39,39,39,25,25,27,27,27,27,27,29,31,33,33,34,72,74,74,74,74,74,70,70,63,63,45,45,46,50,54,54,54,50,88,88,88,31,0],"gold":55,"neow_bonus":"HUNDRED_GOLD","is_prod":false,"is_daily":false,"rewards_skipped":[],"chose_seed":false,"campfire_upgraded":10,"win_rate":0,"floor_exit_playtime":[94,125,128,136,175,183,186,194,196,201,236,244,280,342,349,496,520,694,711,774,832,887,895,961,969,971,977,1008,1094,1273,1395,1403,1704,1718,1850,1869,1936,1940,1944,2110,2117,2208,2212,2398,2419,2532,2678,2832,2836,3027,3263,3275,3283,3296,3636],"timestamp":1697227861,"blue_key_relic_skipped_log":{"floor":43,"relicID":"Pantograph"},"path_taken":["M","M","?","?","$","R","?","R","T","R","E","R","M","M","R","BOSS","M","?","?","M","M","R","M","R","T","R","$","?","E","M","R","BOSS","M","$","M","?","?","E","R","M","T","E","$","M","M","M","R","BOSS","BOSS","R","$","E","BOSS"],"build_version":"2022-12-18","purchased_purges":4,"victory":false,"max_hp_per_floor":[68,68,68,68,68,68,68,68,68,68,68,68,68,70,70,70,70,70,70,72,72,74,74,76,76,76,76,76,78,80,82,82,84,84,86,86,86,86,86,88,88,90,90,90,90,97,99,101,101,101,101,101,101,101,103,103],"relic_stats":{"Blood Vial":18,"Singing Bowl":30,"counters":[28,143],"Pen Nib":[14],"Letter Opener":[235],"PureWater":[22],"Ancient Tea Set":[10],"obtain_stats":[{"Lantern":55,"Singing Bowl":7,"Pen Nib":44,"Incense Burner":11,"Letter Opener":9,"Ancient Tea Set":26,"Blood Vial":40,"DollysMirror":45,"Philosopher\u0027s Stone":34,"Coffee Dripper":17,"Red Mask":29,"PureWater":0,"InkBottle":30},{"Lantern":27,"Singing Bowl":2,"Pen Nib":21,"Incense Burner":3,"Letter Opener":2,"Ancient Tea Set":12,"Blood Vial":19,"DollysMirror":21,"Philosopher\u0027s Stone":16,"Coffee Dripper":6,"Red Mask":13,"PureWater":0,"InkBottle":14},{"Lantern":139,"Singing Bowl":6,"Pen Nib":97,"Incense Burner":9,"Letter Opener":6,"Ancient Tea Set":50,"Blood Vial":88,"DollysMirror":97,"Philosopher\u0027s Stone":74,"Coffee Dripper":22,"Red Mask":53,"PureWater":0,"InkBottle":61}],"InkBottle":[50]},"card_choices":[{"not_picked":["Worship","Protect"],"picked":"Crescendo","floor":1.0},{"not_picked":["Protect","WheelKick"],"picked":"SandsOfTime","floor":2.0},{"not_picked":["FollowUp","JustLucky"],"picked":"FlurryOfBlows","floor":11.0},{"not_picked":["FlyingSleeves","BowlingBash"],"picked":"CutThroughFate","floor":13.0},{"not_picked":["Halt","FollowUp","Worship"],"picked":"Singing Bowl","floor":14.0},{"not_picked":["MasterReality","LessonLearned"],"picked":"Vault","floor":16.0},{"not_picked":["Study","Vengeance"],"picked":"Adaptation","floor":18.0},{"not_picked":["Protect","Evaluate"],"picked":"MentalFortress","floor":19.0},{"not_picked":["PathToVictory","FollowUp","Conclude+1"],"picked":"Singing Bowl","floor":20.0},{"not_picked":["Consecrate","ForeignInfluence"],"picked":"ThirdEye+1","floor":21.0},{"not_picked":["Wish","SashWhip+1","BowlingBash"],"picked":"Singing Bowl","floor":22.0},{"not_picked":["EmptyBody","SashWhip","FollowUp"],"picked":"Singing Bowl","floor":24.0},{"not_picked":["CrushJoints","FollowUp","Vengeance"],"picked":"Singing Bowl","floor":29.0},{"not_picked":["Crescendo","PathToVictory+1","FollowUp"],"picked":"Singing Bowl","floor":30.0},{"not_picked":["CarveReality","SashWhip","WindmillStrike"],"picked":"Singing Bowl","floor":31.0},{"not_picked":["LessonLearned","DeusExMachina","DevaForm"],"picked":"Singing Bowl","floor":33.0},{"not_picked":["TalkToTheHand","EmptyFist","PathToVictory"],"picked":"Singing Bowl","floor":35.0},{"not_picked":["PathToVictory","FlyingSleeves"],"picked":"Consecrate+1","floor":37.0},{"not_picked":["Wallop","FollowUp+1","Collect"],"picked":"Singing Bowl","floor":40.0},{"not_picked":["ThirdEye","BowlingBash","Consecrate+1"],"picked":"Singing Bowl","floor":42.0},{"not_picked":["EmptyBody+1","FearNoEvil+1"],"picked":"SpiritShield","floor":44.0},{"not_picked":["Evaluate","FlurryOfBlows","Consecrate"],"picked":"Singing Bowl","floor":46.0},{"not_picked":["ClearTheMind","EmptyFist+1","WaveOfTheHand+1"],"picked":"Singing Bowl","floor":47.0},{"not_picked":["Swivel+1","Wireheading","FlurryOfBlows"],"picked":"Singing Bowl","floor":48.0},{"not_picked":["Evaluate+1","SpiritShield","Crescendo"],"picked":"Singing Bowl","floor":55.0}],"player_experience":2023534,"relics_obtained":[{"floor":9.0,"key":"Letter Opener"},{"floor":11.0,"key":"Incense Burner"},{"floor":26.0,"key":"Ancient Tea Set"},{"floor":29.0,"key":"Red Mask"},{"floor":30.0,"key":"InkBottle"},{"floor":40.0,"key":"Blood Vial"},{"floor":44.0,"key":"Pen Nib"},{"floor":55.0,"key":"Lantern"}],"event_choices":[{"damage_healed":0.0,"max_hp_gain":0.0,"max_hp_loss":0.0,"gold_gain":0.0,"event_name":"Shining Light","player_choice":"Entered Light","floor":3.0,"gold_loss":0.0,"damage_taken":20.0,"cards_upgraded":["Strike_P","Defend_P"]},{"damage_healed":0.0,"max_hp_gain":0.0,"max_hp_loss":0.0,"gold_gain":0.0,"event_name":"Scrap Ooze","player_choice":"Fled","floor":4.0,"gold_loss":0.0,"damage_taken":18.0},{"damage_healed":0.0,"max_hp_gain":0.0,"max_hp_loss":0.0,"gold_gain":0.0,"event_name":"WeMeetAgain","player_choice":"Gave Potion","floor":7.0,"gold_loss":0.0,"damage_taken":0.0,"relics_obtained":["Singing Bowl"]},{"damage_healed":0.0,"max_hp_gain":0.0,"max_hp_loss":0.0,"gold_gain":0.0,"event_name":"Masked Bandits","player_choice":"Fought Bandits","floor":29.0,"gold_loss":0.0,"damage_taken":0.0},{"cards_removed":["Defend_P"],"damage_healed":0.0,"max_hp_gain":0.0,"max_hp_loss":0.0,"gold_gain":0.0,"event_name":"Falling","player_choice":"Removed Skill","floor":38.0,"gold_loss":0.0,"damage_taken":0.0},{"damage_healed":0.0,"max_hp_gain":0.0,"max_hp_loss":0.0,"gold_gain":222.0,"event_name":"Tomb of Lord Red Mask","player_choice":"Wore Mask","floor":39.0,"gold_loss":0.0,"damage_taken":0.0}],"is_beta":false,"boss_relics":[{"not_picked":["Cursed Key","Runic Dome"],"picked":"Coffee Dripper"},{"not_picked":["Sozu","Snecko Eye"],"picked":"Philosopher\u0027s Stone"}],"items_purged_floors":[5,28,36,45],"is_endless":false,"potions_floor_spawned":[2,13,21,24,29,30,37,40,46],"killed_by":"The Heart","ascension_level":20,"potion_discard_per_floor":[[],[],[],[],[],[],[],[],[],[],[],[],[],[],[],[],[],[],[],[],[],[],[],["SpeedPotion"],[],[],[],[],[],["BlessingOfTheForge"],[],[],[],[],[],[],[],[],[],[],[],[],[],[],[],[],[],[],[],[],[],[],[],["EssenceOfSteel"],[],[]]}