{"neow_bonuses_skipped_log":["ONE_RANDOM_RARE_CARD","THREE_ENEMY_KILL","BOSS_RELIC"],"neow_costs_skipped_log":["NONE","NONE","NONE"],"potions_obtained_entropic_brew":[[],[],[],[],[],[],[],[],[],[],[],[],[],[],[],[],[],[],[],[],[],[],[],[],[],[],[],[],[],[],[],[],[],[],[],[],[],[],[],[],[],[],[],[],[],[],[],[],[],[],[],[],[],[],[],[]],"gold_per_floor":[16,31,31,42,42,81,99,99,99,99,24,44,79,103,103,199,199,214,214,234,234,69,113,113,156,156,156,191,191,214,277,277,373,373,397,397,412,69,82,82,118,118,163,181,216,216,237,579,579,579,579,579,579,91,124,124],"floor_reached":56,"playtime":4397,"items_purged":["Strike_P","Eruption+1"],"score":2195,"play_id":"ed98af77-128f-4a22-80c9-767df624a22b","local_time":"20231015023128","score_breakdown":["Floors Climbed (56): 280","Enemies Slain (15): 30","Exordium Elites Killed (2): 20","City Elites Killed (2): 40","Beyond Elites Killed (3): 90","Bosses Slain (4): 500","Money Money (1253): 25","Champion (5): 125","Ascension (20): 1085"],"is_ascension_mode":true,"potions_obtained_alchemize":[[],[],[],[],[],[],[],[],[],[],[],[],[],[],[],[],[],[],[],[],[],[],[],[],[],[],[],[],[],[],[],[],[],[],[],[],[],[],[],[],[],[],[],[],[],[],[],[],[],[],[],[],[],[],[],[]],"campfire_choices":[{"data":"Eruption","floor":8.0,"key":"SMITH"},{"data":"1","floor":10.0,"key":"LIFT"},{"data":"2","floor":15.0,"key":"LIFT"},{"data":"Adaptation","floor":24.0,"key":"SMITH"},{"floor":29.0,"key":"REST"},{"data":"3","floor":32.0,"key":"LIFT"},{"data":"JustLucky","floor":40,"key":"SMITH"},{"floor":42,"key":"REST"},{"floor":49,"key":"RECALL"},{"floor":53,"key":"REST"}],"lesson_learned_per_floor":[[],[],[],[],[],[],[],[],[],[],[],[],[],[],[],[],[],["Sanctity"],[],["Vault","LessonLearned"],[],[],["FearNoEvil"],[],["MasterReality"],[],[],[],[],["Vigilance"],["Vengeance"],[],["EmptyMind"],[],["JustLucky"],[],["Vault"],[],["Omniscience"],[],["Tantrum"],[],[],[],["ConjureBlade"],[],["DeusExMachina"],["TalkToTheHand"],[],["Madness"],["Madness"],[],[],[],["TalkToTheHand"],[]],"neow_cost":"NO_GOLD","improvable_cards":{},"seed_source_timestamp":0,"shop_contents":[{"floor":11,"relics":["Dream Catcher","Oddly Smooth Stone","HandDrill"],"cards":["SashWhip","CutThroughFate","ClearTheMind","Perseverance","Study","Impatience","Mayhem"],"potions":["Ancient Potion","FearPotion","ColorlessPotion"]},{"floor":22,"relics":["Boot","Strawberry"],"cards":["CutThroughFate","Consecrate","SpiritShield","InnerPeace","Study","Enlightenment","Secret Technique"],"potions":["Dexterity Potion","BottledMiracle","PowerPotion"]},{"floor":38,"relics":["Whetstone","Sling"],"cards":["FlurryOfBlows","Meditate","Indignation","Nirvana","Flash of Steel","Mayhem"],"potions":["Block Potion","SteroidPotion","Dexterity Potion"]},{"floor":54,"relics":["Pen Nib"],"cards":["Consecrate","SashWhip","Prostrate","Nirvana","Sadistic Nature"],"potions":["BlessingOfTheForge","Swift Potion","LiquidBronze"]}],"circlet_count":0,"master_deck":["AscendersBane","Vigilance+1","Vengeance+1","ForeignInfluence+1","FearNoEvil+1","JustLucky+1","EmptyMind+1","Tantrum+1","Vault+1","LessonLearned+1","Omniscience+1","Sanctity+1","Vault+1","DeusExMachina+1","MasterReality+1","Adaptation+1","JustLucky+1","ConjureBlade+1","TalkToTheHand+1","Madness+1","Madness+1","TalkToTheHand+1","InnerPeace+1","PanicButton+1"],"special_seed":0,"potion_use_per_floor":[[],[],[],[],[],[],[],[],[],[],[],[],[],[],[],[],[],[],[],[],[],[],[],[],[],[],[],[],[],[],[],[],[],[],[],[],[],[],["StancePotion"],[],[],[],[],[],[],[],[],[],[],[],[],[],[],[],[],[]],"relics":["PureWater","Golden Idol","Bottled Flame","Girya","Torii","Pandora\u0027s Box","Toolbox","Incense Burner","Anchor","Matryoshka","SlaversCollar","Bag of Preparation","Gambling Chip","CeramicFish","Pocketwatch","Lantern","Centennial Puzzle","Old Coin","War Paint","ClockworkSouvenir","Akabeko"],"potions_floor_usage":[],"damage_taken":[{"damage":0.0,"enemies":"Small Slimes","floor":1.0,"turns":2.0},{"damage":12.0,"enemies":"Jaw Worm","floor":2.0,"turns":2.0},{"damage":0.0,"enemies":"2 Louse","floor":4.0,"turns":1.0},{"damage":18.0,"enemies":"Lagavulin","floor":6.0,"turns":4.0},{"damage":1.0,"enemies":"Blue Slaver","floor":7.0,"turns":2.0},{"damage":3.0,"enemies":"Large Slime","floor":12.0,"turns":3.0},{"damage":0.0,"enemies":"Gremlin Nob","floor":13.0,"turns":2.0},{"damage":2.0,"enemies":"Lots of Slimes","floor":14.0,"turns":3.0},{"damage":12.0,"enemies":"Hexaghost","floor":16.0,"turns":5.0},{"damage":0.0,"enemies":"Spheric Guardian","floor":18.0,"turns":3.0},{"damage":13.0,"enemies":"2 Thieves","floor":20.0,"turns":4.0},{"damage":0.0,"enemies":"Gremlin Leader","floor":23.0,"turns":3.0},{"damage":1.0,"enemies":"Book of Stabbing","floor":25.0,"turns":3.0},{"damage":14.0,"enemies":"Centurion and Healer","floor":28.0,"turns":5.0},{"damage":2.0,"enemies":"Chosen and Byrds","floor":30.0,"turns":6.0},{"damage":0.0,"enemies":"3 Cultists","floor":31.0,"turns":3.0},{"damage":10.0,"enemies":"Champ","floor":33.0,"turns":8.0},{"damage":0.0,"enemies":"Orb Walker","floor":35.0,"turns":2.0},{"damage":3.0,"enemies":"3 Shapes","floor":37.0,"turns":4.0},{"damage":10.0,"enemies":"Writhing Mass","floor":39.0,"turns":4.0},{"damage":0,"enemies":"Reptomancer","floor":41,"turns":6},{"damage":0,"enemies":"Nemesis","floor":45,"turns":4},{"damage":0,"enemies":"Maw","floor":47,"turns":7},{"damage":0,"enemies":"Reptomancer","floor":48,"turns":4},{"damage":11,"enemies":"Time Eater","floor":50,"turns":7},{"damage":16,"enemies":"Donu and Deca","floor":51,"turns":7},{"damage":7,"enemies":"Shield and Spear","floor":55,"turns":4},{"damage":68,"enemies":"The Heart","floor":56,"turns":3}],"green_key_taken_log":48,"seed_played":"-3580760872360177239","neow_bonus_log":{"cardsObtained":["Vengeance","ForeignInfluence"],"cardsUpgraded":[],"cardsRemoved":[],"cardsTransformed":["Defend_P","Defend_P"],"relicsObtained":[],"maxHpGained":0,"goldGained":0,"damageTaken":0,"goldLost":99,"maxHpLost":0},"potions_obtained":[{"floor":1.0,"key":"StancePotion"},{"floor":4.0,"key":"LiquidBronze"},{"floor":12.0,"key":"FearPotion"},{"floor":23.0,"key":"SteroidPotion"},{"floor":41,"key":"Energy Potion"}],"is_trial":false,"path_per_floor":["M","M","?","M","?","E","M","R","T","R","$","M","E","M","R","B",null,"M","?","M","?","$","E","R","E","T","?","M","R","M","M","R","B",null,"M","?","M","$","M","R","E","R","T","?","E","T","M","E","R","B","B",null,"R","$","E","B"],"character_chosen":"WATCHER","basemod:card_modifiers":[null,null,null,null,null,null,null,null,null,null,null,null,null,null,null,null,null,null,null,null,null,null,null,null],"items_purchased":["Toolbox","Bag of Preparation","TalkToTheHand","InnerPeace","PanicButton","War Paint","ClockworkSouvenir"],"campfire_rested":3,"item_purchase_floors":[22,38,38,54,54,54,54],"current_hp_per_floor":[61,49,49,49,49,31,30,30,30,30,30,27,27,25,25,13,50,50,50,37,37,37,37,37,36,36,36,22,40,38,38,38,28,54,54,59,56,56,46,46,46,62,62,51,51,51,51,51,51,40,24,53,62,62,55,0],"gold":124,"neow_bonus":"TRANSFORM_TWO_CARDS","is_prod":false,"is_daily":false,"rewards_skipped":[{"floor":14,"relics":[],"potions":["SkillPotion"]},{"floor":16,"relics":[],"potions":["PowerPotion"]},{"floor":25,"relics":[],"potions":["Explosive Potion"]},{"floor":30,"relics":[],"potions":["Explosive Potion"]},{"floor":31,"relics":[],"potions":["SneckoOil"]},{"floor":33,"relics":[],"potions":["FearPotion"]},{"floor":45,"relics":[],"potions":["ColorlessPotion"]},{"floor":48,"relics":[],"potions":["GamblersBrew"]}],"chose_seed":false,"campfire_upgraded":3,"win_rate":0,"floor_exit_playtime":[147,178,195,207,212,283,309,319,322,327,337,383,440,499,503,618,642,692,698,754,793,809,902,935,1021,1029,1034,1116,1122,1228,1303,1316,1522,1537,1577,1591,1723,1765,2000,2016,2278,2309,2315,2329,2567,2572,2804,2964,2968,3299,3581,3592,3596,3764,4134],"timestamp":1697351488,"blue_key_relic_skipped_log":{"floor":43,"relicID":"Vajra"},"path_taken":["M","M","?","M","?","E","M","R","T","R","$","M","E","M","R","BOSS","M","?","M","?","$","E","R","E","T","?","M","R","M","M","R","BOSS","M","?","?","$","M","R","E","R","T","?","E","?","?","E","R","BOSS","BOSS","R","$","E","BOSS"],"build_version":"2022-12-18","purchased_purges":2,"victory":false,"max_hp_per_floor":[68,68,68,68,62,62,62,62,62,62,62,62,62,62,62,62,62,62,62,62,62,62,62,62,62,62,62,62,62,62,62,62,62,62,62,62,62,62,62,62,62,62,62,62,62,62,62,62,62,62,62,62,62,62,62,62],"relic_stats":{"Girya":3,"Torii":24,"counters":[28,111],"Golden Idol":193,"CeramicFish":45,"Bag of Preparation":[17],"War Paint":["InnerPeace","PanicButton"],"Bottled Flame":"JustLucky","Centennial Puzzle":[10],"Matryoshka":2,"Gambling Chip":[31],"Pandora\u0027s Box":["LessonLearned","Omniscience","Sanctity","LessonLearned","Vault"],"PureWater":[21],"obtain_stats":[{"Girya":9,"Lantern":46,"Torii":13,"Golden Idol":5,"CeramicFish":43,"Incense Burner":23,"Bag of Preparation":38,"War Paint":54,"Akabeko":55,"Old Coin":48,"ClockworkSouvenir":54,"SlaversCollar":34,"Bottled Flame":6,"Anchor":25,"Centennial Puzzle":46,"Matryoshka":26,"Gambling Chip":41,"Toolbox":22,"Pandora\u0027s Box":17,"PureWater":0,"Pocketwatch":45},{"Girya":5,"Lantern":22,"Torii":7,"Golden Idol":3,"CeramicFish":21,"Incense Burner":12,"Bag of Preparation":19,"War Paint":26,"Akabeko":27,"Old Coin":24,"ClockworkSouvenir":26,"SlaversCollar":17,"Bottled Flame":4,"Anchor":13,"Centennial Puzzle":22,"Matryoshka":13,"Gambling Chip":21,"Toolbox":11,"Pandora\u0027s Box":9,"PureWater":0,"Pocketwatch":22},{"Girya":11,"Lantern":79,"Torii":16,"Golden Idol":5,"CeramicFish":75,"Incense Burner":34,"Bag of Preparation":65,"War Paint":104,"Akabeko":108,"Old Coin":90,"ClockworkSouvenir":104,"SlaversCollar":59,"Bottled Flame":9,"Anchor":37,"Centennial Puzzle":79,"Matryoshka":37,"Gambling Chip":75,"Toolbox":31,"Pandora\u0027s Box":24,"PureWater":0,"Pocketwatch":79}],"Pocketwatch":[12]},"card_choices":[{"not_picked":["ThirdEye","Prostrate"],"picked":"FearNoEvil","floor":1.0},{"not_picked":["EmptyMind","Vengeance"],"picked":"FlyingSleeves","floor":2.0},{"not_picked":["Sanctity","WaveOfTheHand"],"picked":"JustLucky","floor":4.0},{"not_picked":["WindmillStrike","Weave"],"picked":"EmptyMind","floor":6.0},{"not_picked":["Halt","EmptyMind","LikeWater"],"picked":"SKIP","floor":7.0},{"not_picked":["Swivel","EmptyBody","Judgement"],"picked":"SKIP","floor":12.0},{"not_picked":["EmptyMind","Crescendo"],"picked":"BattleHymn","floor":13.0},{"not_picked":["BowlingBash","Protect"],"picked":"Tantrum","floor":14.0},{"not_picked":["Ragnarok","DeusExMachina"],"picked":"Vault","floor":16.0},{"not_picked":["FlurryOfBlows","ForeignInfluence","Study"],"picked":"SKIP","floor":18.0},{"not_picked":["Protect","Consecrate","FearNoEvil"],"picked":"SKIP","floor":20.0},{"not_picked":["BowlingBash","MasterReality"],"picked":"Adaptation","floor":23.0},{"not_picked":["DeusExMachina","Indignation","EmptyFist"],"picked":"SKIP","floor":25.0},{"not_picked":["CrushJoints","SandsOfTime"],"picked":"JustLucky","floor":28.0},{"not_picked":["PathToVictory","SignatureMove","ReachHeaven"],"picked":"SKIP","floor":30.0},{"not_picked":["PathToVictory","SignatureMove","ReachHeaven"],"picked":"SKIP","floor":30.0},{"not_picked":["Consecrate","Halt","EmptyBody+1"],"picked":"SKIP","floor":31.0},{"not_picked":["Devotion","Omniscience"],"picked":"ConjureBlade","floor":33.0},{"not_picked":["DeceiveReality","ReachHeaven","FlyingSleeves"],"picked":"SKIP","floor":35.0},{"not_picked":["Crescendo+1","Consecrate","Protect"],"picked":"SKIP","floor":37.0},{"not_picked":["EmptyBody","PathToVictory","EmptyFist"],"picked":"SKIP","floor":39},{"not_picked":["Crescendo","WindmillStrike","CarveReality+1"],"picked":"SKIP","floor":41},{"not_picked":["Tantrum","SpiritShield","Wallop"],"picked":"SKIP","floor":45},{"not_picked":["ThirdEye","EmptyFist+1","FlyingSleeves+1"],"picked":"SKIP","floor":47},{"not_picked":["DeusExMachina","FlyingSleeves+1"],"picked":"TalkToTheHand","floor":48},{"not_picked":["EmptyFist","Conclude","SashWhip"],"picked":"SKIP","floor":55}],"player_experience":2029610,"relics_obtained":[{"floor":6.0,"key":"Bottled Flame"},{"floor":9.0,"key":"Girya"},{"floor":13.0,"key":"Torii"},{"floor":23.0,"key":"Incense Burner"},{"floor":25.0,"key":"Anchor"},{"floor":26.0,"key":"Matryoshka"},{"floor":41,"key":"Gambling Chip"},{"floor":43,"key":"CeramicFish"},{"floor":45,"key":"Pocketwatch"},{"floor":46,"key":"Lantern"},{"floor":46,"key":"Centennial Puzzle"},{"floor":48,"key":"Old Coin"},{"floor":55,"key":"Akabeko"}],"event_choices":[{"damage_healed":0.0,"max_hp_gain":0.0,"max_hp_loss":0.0,"gold_gain":0.0,"event_name":"Living Wall","player_choice":"Grow","floor":3.0,"gold_loss":0.0,"damage_taken":0.0,"cards_upgraded":["ForeignInfluence"]},{"damage_healed":0.0,"max_hp_gain":0.0,"max_hp_loss":6.0,"gold_gain":0.0,"event_name":"Golden Idol","player_choice":"Lose Max HP","floor":5.0,"gold_loss":0.0,"damage_taken":0.0,"relics_obtained":["Golden Idol"]},{"damage_healed":0.0,"max_hp_gain":0.0,"max_hp_loss":0.0,"gold_gain":0.0,"event_name":"Ghosts","player_choice":"Ignored","floor":19.0,"gold_loss":0.0,"damage_taken":0.0},{"damage_healed":0.0,"max_hp_gain":0.0,"max_hp_loss":0.0,"gold_gain":0.0,"cards_transformed":["LessonLearned","BattleHymn"],"event_name":"Drug Dealer","player_choice":"Became Test Subject","floor":21.0,"gold_loss":0.0,"damage_taken":0.0,"cards_obtained":["DeusExMachina","MasterReality"]},{"damage_healed":0.0,"max_hp_gain":0.0,"max_hp_loss":0.0,"gold_gain":0.0,"event_name":"Cursed Tome","player_choice":"Ignored","floor":27.0,"gold_loss":0.0,"damage_taken":0.0},{"cards_removed":["FlyingSleeves"],"damage_healed":5.0,"max_hp_gain":0.0,"max_hp_loss":0.0,"gold_gain":0.0,"event_name":"Bonfire Elementals","player_choice":"Offered Common","floor":36.0,"gold_loss":0.0,"damage_taken":0.0},{"cards_removed":["FlyingSleeves"],"damage_healed":5.0,"max_hp_gain":0.0,"max_hp_loss":0.0,"gold_gain":0.0,"event_name":"Bonfire Elementals","player_choice":"Offered Special","floor":36.0,"gold_loss":0.0,"damage_taken":0.0},{"damage_healed":0,"gold_gain":0,"player_choice":"Embrace Madness","damage_taken":11,"max_hp_gain":0,"max_hp_loss":0,"event_name":"Winding Halls","floor":44,"gold_loss":0,"cards_obtained":["Madness","Madness"]}],"is_beta":false,"boss_relics":[{"not_picked":["Tiny House","HolyWater"],"picked":"Pandora\u0027s Box"},{"not_picked":["Cursed Key","Calling Bell"],"picked":"SlaversCollar"}],"items_purged_floors":[11,38],"is_endless":false,"potions_floor_spawned":[1,4,12,14,16,23,25,30,31,33,41,45,48],"killed_by":"The Heart","ascension_level":20,"potion_discard_per_floor":[[],[],[],[],[],[],[],[],[],[],[],["LiquidBronze"],[],[],[],[],[],[],[],[],[],[],["FearPotion"],[],[],[],[],[],[],[],[],[],[],[],[],[],[],[],[],[],[],[],[],[],[],[],[],[],[],[],[],[],[],[],[],[]]}