{"neow_bonuses_skipped_log":["THREE_CARDS","THREE_ENEMY_KILL","RANDOM_COLORLESS_2"],"neow_costs_skipped_log":["NONE","NONE","NO_GOLD"],"potions_obtained_entropic_brew":[[],[],[],[],[],[],[],[],[],[],[],[],[],[],[],[],[],[],[],[],[],[],[],[],[],[],[],[],[],[],[],[],[],[],[],[],[],[],[],[],[],[],[],[],[],[],[],[],[],[],[],[],[],[],[],[]],"gold_per_floor":[118,393,405,92,111,143,155,155,182,208,226,259,273,305,317,405,417,443,725,754,498,508,508,518,545,545,561,590,607,214,232,232,309,309,320,355,67,92,92,92,124,124,124,144,173,187,201,234,234,234,234,234,234,1,36,36],"floor_reached":56,"playtime":4528,"items_purged":["Regret","WindmillStrike","Weave+1","Conclude"],"score":2297,"play_id":"7170b9c1-459c-4b20-afc5-8a212a2a0cf5","local_time":"20231030204703","score_breakdown":["Floors Climbed (56): 280","Enemies Slain (18): 36","Exordium Elites Killed (4): 40","City Elites Killed (2): 40","Beyond Elites Killed (3): 90","Bosses Slain (4): 500","Money Money (1432): 25","Champion (4): 100","Perfect (1): 50","Ascension (20): 1136"],"is_ascension_mode":true,"potions_obtained_alchemize":[[],[],[],[],[],[],[],[],[],[],[],[],[],[],[],[],[],[],[],[],[],[],[],[],[],[],[],[],[],[],[],[],[],[],[],[],[],[],[],[],[],[],[],[],[],[],[],[],[],[],[],[],[],[],[],[]],"campfire_choices":[{"floor":8.0,"key":"REST"},{"data":"Eruption","floor":15.0,"key":"SMITH"},{"floor":23.0,"key":"REST"},{"floor":32.0,"key":"REST"},{"floor":40.0,"key":"RECALL"},{"floor":49.0,"key":"REST"},{"data":"Indignation","floor":53,"key":"SMITH"}],"lesson_learned_per_floor":[[],[],[],[],[],[],["Defend_P"],[],[],["SashWhip"],["FollowUp"],["Defend_P"],["Defend_P"],["Strike_P"],[],["Strike_P"],[],["EmptyMind"],[],["Consecrate"],[],[],[],["Meditate"],["Vault"],[],[],["ForeignInfluence"],["ThirdEye"],[],["Adaptation"],[],["LessonLearned"],[],[],["Prostrate"],[],["Establishment"],[],[],[],[],[],[],[],["InnerPeace"],["Vengeance"],["Vigilance"],[],[],[],[],[],[],["Tantrum"],[]],"neow_cost":"NONE","improvable_cards":{},"seed_source_timestamp":3777407246266500,"shop_contents":[{"floor":4,"relics":["MealTicket","Strange Spoon"],"cards":["WindmillStrike","ForeignInfluence","DeusExMachina","Fasting2","Swift Strike","Secret Weapon"],"potions":["Strength Potion","ColorlessPotion","GamblersBrew"]},{"floor":21,"relics":["Lantern","Bottled Lightning"],"cards":["SignatureMove","Conclude","ThirdEye","SpiritShield","LikeWater","Blind","Secret Technique"],"potions":["StancePotion","CultistPotion","SpeedPotion"]},{"floor":30,"relics":["Molten Egg 2","Shovel"],"cards":["SandsOfTime","WheelKick","EmptyMind","Protect","BattleHymn","Jack Of All Trades","Secret Weapon"],"potions":["SkillPotion","Dexterity Potion"]},{"floor":37,"relics":["Blue Candle","ClockworkSouvenir"],"cards":["WheelKick","JustLucky","DevaForm","Flash of Steel","Secret Weapon"],"potions":["Weak Potion","Strength Potion","EssenceOfSteel"]},{"floor":54,"relics":["Dead Branch","Orichalcum","PrismaticShard"],"cards":["CarveReality","CrushJoints","Evaluate","ThirdEye","Adaptation","Trip","Panache"],"potions":["DuplicationPotion","DuplicationPotion"]}],"circlet_count":0,"master_deck":["AscendersBane","Eruption+1","Vigilance+1","Consecrate+1","LessonLearned+1","SashWhip+1","FollowUp+1","SandsOfTime","Indignation+1","Adaptation+1","ForeignInfluence+1","Vault+1","EmptyMind+1","FearNoEvil+1","Meditate+1","Prostrate+1","ThirdEye+1","Crescendo+1","Establishment+1","WheelKick+1","InnerPeace+1","WreathOfFlame+1","MentalFortress+1","InnerPeace+1","Vengeance+1","Worship+1","Prostrate+1","Tantrum+1"],"special_seed":0,"potion_use_per_floor":[[],[],[],[],[],["Strength Potion"],[],[],[],["BlessingOfTheForge"],[],[],[],[],[],[],[],[],[],[],[],[],[],[],[],[],[],["Fire Potion"],[],[],[],[],[],[],[],[],[],[],[],[],["Ambrosia"],[],[],[],[],[],[],[],[],["PowerPotion"],[],[],[],[],[],["GamblersBrew"]],"relics":["Velvet Choker","Anchor","Centennial Puzzle","Blood Vial","Damaru","Bronze Scales","MawBank","Pandora\u0027s Box","Medical Kit","Whetstone","HornCleat","PreservedInsect","Frozen Eye","Astrolabe","Bag of Preparation","TungstenRod","Eternal Feather","Pear","Singing Bowl","Torii","Yang"],"potions_floor_usage":[56],"damage_taken":[{"damage":2.0,"enemies":"Cultist","floor":1.0,"turns":3.0},{"damage":4.0,"enemies":"Jaw Worm","floor":3.0,"turns":3.0},{"damage":0.0,"enemies":"Small Slimes","floor":5.0,"turns":2.0},{"damage":16.0,"enemies":"Gremlin Nob","floor":6.0,"turns":3.0},{"damage":5.0,"enemies":"Exordium Thugs","floor":7.0,"turns":4.0},{"damage":7.0,"enemies":"3 Sentries","floor":10.0,"turns":5.0},{"damage":0.0,"enemies":"3 Louse","floor":11.0,"turns":3.0},{"damage":0.0,"enemies":"Gremlin Nob","floor":12.0,"turns":2.0},{"damage":0.0,"enemies":"Blue Slaver","floor":13.0,"turns":2.0},{"damage":4.0,"enemies":"3 Sentries","floor":14.0,"turns":4.0},{"damage":0.0,"enemies":"Slime Boss","floor":16.0,"turns":4.0},{"damage":3.0,"enemies":"Spheric Guardian","floor":18.0,"turns":3.0},{"damage":0.0,"enemies":"3 Byrds","floor":20.0,"turns":3.0},{"damage":11.0,"enemies":"Sentry and Sphere","floor":22.0,"turns":4.0},{"damage":0.0,"enemies":"3 Cultists","floor":24.0,"turns":4.0},{"damage":29.0,"enemies":"Book of Stabbing","floor":25.0,"turns":5.0},{"damage":0.0,"enemies":"Centurion and Healer","floor":27.0,"turns":3.0},{"damage":0.0,"enemies":"Gremlin Leader","floor":28.0,"turns":4.0},{"damage":0.0,"enemies":"Snecko","floor":29.0,"turns":3.0},{"damage":7.0,"enemies":"Shelled Parasite and Fungi","floor":31.0,"turns":5.0},{"damage":12.0,"enemies":"Collector","floor":33.0,"turns":6.0},{"damage":0.0,"enemies":"Orb Walker","floor":35.0,"turns":2.0},{"damage":3.0,"enemies":"3 Shapes","floor":36.0,"turns":2.0},{"damage":0.0,"enemies":"Mind Bloom Boss Battle","floor":38.0,"turns":7.0},{"damage":0.0,"enemies":"Reptomancer","floor":41.0,"turns":4.0},{"damage":13.0,"enemies":"Writhing Mass","floor":44.0,"turns":5.0},{"damage":17.0,"enemies":"Nemesis","floor":45.0,"turns":4.0},{"damage":5.0,"enemies":"Spire Growth","floor":46.0,"turns":5.0},{"damage":0.0,"enemies":"Jaw Worm Horde","floor":47.0,"turns":4.0},{"damage":0.0,"enemies":"Giant Head","floor":48.0,"turns":7.0},{"damage":35.0,"enemies":"Time Eater","floor":50.0,"turns":6.0},{"damage":25.0,"enemies":"Awakened One","floor":51.0,"turns":9.0},{"damage":20,"enemies":"Shield and Spear","floor":55,"turns":5},{"damage":68,"enemies":"The Heart","floor":56,"turns":9}],"green_key_taken_log":45,"seed_played":"-3088072068962442030","neow_bonus_log":{"cardsObtained":[],"cardsUpgraded":[],"cardsRemoved":[],"cardsTransformed":[],"relicsObtained":["Velvet Choker"],"maxHpGained":0,"goldGained":0,"damageTaken":0,"goldLost":0,"maxHpLost":0},"potions_obtained":[{"floor":3.0,"key":"DuplicationPotion"},{"floor":5.0,"key":"Strength Potion"},{"floor":6.0,"key":"BlessingOfTheForge"},{"floor":10.0,"key":"SpeedPotion"},{"floor":12.0,"key":"FairyPotion"},{"floor":13.0,"key":"Fire Potion"},{"floor":44.0,"key":"SteroidPotion"},{"floor":45.0,"key":"PowerPotion"}],"is_trial":false,"path_per_floor":["M","?","M","$","M","E","M","R","T","E","M","E","M","E","R","B",null,"M","?","M","$","M","R","M","E","T","M","E","M","$","M","R","B",null,"M","M","$","?","T","R","E","?","T","M","E","M","M","E","R","B","B",null,"R","$","E","B"],"character_chosen":"WATCHER","basemod:card_modifiers":[null,null,null,null,null,null,null,null,null,null,null,null,null,null,null,null,null,null,null,null,null,null,null,null,null,null,null,null],"items_purchased":["LessonLearned","Anchor","Medical Kit","Ambrosia","Frozen Eye","InnerPeace","Vengeance","Bag of Preparation","GamblersBrew"],"campfire_rested":4,"item_purchase_floors":[4,4,21,30,30,37,37,37,54],"current_hp_per_floor":[59,59,55,55,55,39,34,54,54,49,51,53,55,53,53,55,65,64,37,39,39,30,50,52,25,25,27,29,31,31,26,46,36,60,62,61,61,63,63,63,65,65,75,64,49,46,50,52,80,45,22,66,80,80,62,0],"gold":36,"neow_bonus":"BOSS_RELIC","is_prod":false,"is_daily":false,"rewards_skipped":[{"floor":18,"relics":[],"potions":["SmokeBomb"]},{"floor":24,"relics":[],"potions":["Weak Potion"]},{"floor":25,"relics":[],"potions":["ColorlessPotion"]},{"floor":27,"relics":[],"potions":["Weak Potion"]},{"floor":35,"relics":[],"potions":["ColorlessPotion"]},{"floor":46,"relics":[],"potions":["PowerPotion"]},{"floor":47,"relics":[],"potions":["Explosive Potion"]},{"floor":55,"relics":[],"potions":["SmokeBomb"]}],"chose_seed":false,"campfire_upgraded":2,"win_rate":0,"floor_exit_playtime":[66,72,97,112,394,418,592,602,605,681,745,777,840,893,905,974,1002,1060,1068,1126,1175,1238,1244,1303,1439,1442,1483,1603,1651,1699,1825,1829,2045,2177,2227,2266,2279,2462,2524,2542,2671,2677,2679,2807,2948,3088,3177,3394,3399,3612,3902,3959,3967,3991,4161],"timestamp":1698713223,"blue_key_relic_skipped_log":{"floor":39,"relicID":"Letter Opener"},"path_taken":["M","?","?","$","M","E","M","R","T","E","M","E","M","E","R","BOSS","M","?","M","$","M","R","M","E","T","M","E","M","$","M","R","BOSS","M","M","$","?","?","R","E","?","T","M","E","M","?","E","R","BOSS","BOSS","R","$","E","BOSS"],"build_version":"2022-12-18","purchased_purges":4,"victory":false,"max_hp_per_floor":[68,68,68,68,68,68,68,68,68,68,68,68,68,68,68,68,68,68,68,68,68,68,68,68,68,68,68,68,68,68,68,68,68,68,68,68,68,68,68,68,68,68,78,78,78,78,80,80,80,80,80,80,80,80,82,82],"relic_stats":{"Singing Bowl":4,"Torii":51,"counters":[34,144],"Astrolabe":["WheelKick","InnerPeace","WreathOfFlame"],"Eternal Feather":29,"Yang":[17],"PreservedInsect":318,"Bag of Preparation":[22],"Whetstone":["FearNoEvil","Weave"],"MawBank":84,"Medical Kit":[2],"Blood Vial":54,"Frozen Eye":13.168769,"Centennial Puzzle":[47],"Bronze Scales":[340],"Pandora\u0027s Box":["Weave","ForeignInfluence","Vault","EmptyMind","FearNoEvil","WindmillStrike","MasterReality","Conclude"],"obtain_stats":[{"Pear":43,"Singing Bowl":45,"Torii":48,"Astrolabe":34,"Velvet Choker":0,"Damaru":10,"Eternal Feather":41,"Yang":55,"PreservedInsect":28,"Bag of Preparation":37,"Whetstone":25,"MawBank":14,"Medical Kit":21,"Blood Vial":9,"Frozen Eye":30,"Anchor":4,"Centennial Puzzle":6,"HornCleat":26,"Bronze Scales":12,"Pandora\u0027s Box":17,"PureWater":0,"TungstenRod":38},{"Pear":25,"Singing Bowl":27,"Torii":30,"Astrolabe":21,"Velvet Choker":0,"Damaru":6,"Eternal Feather":25,"Yang":33,"PreservedInsect":18,"Bag of Preparation":23,"Whetstone":16,"MawBank":10,"Medical Kit":13,"Blood Vial":5,"Frozen Eye":19,"Anchor":2,"Centennial Puzzle":4,"HornCleat":16,"Bronze Scales":8,"Pandora\u0027s Box":11,"PureWater":0,"TungstenRod":24},{"Pear":90,"Singing Bowl":99,"Torii":115,"Astrolabe":75,"Velvet Choker":0,"Damaru":20,"Eternal Feather":90,"Yang":135,"PreservedInsect":61,"Bag of Preparation":79,"Whetstone":54,"MawBank":31,"Medical Kit":41,"Blood Vial":15,"Frozen Eye":64,"Anchor":6,"Centennial Puzzle":11,"HornCleat":54,"Bronze Scales":25,"Pandora\u0027s Box":35,"PureWater":0,"TungstenRod":86}],"TungstenRod":53},"card_choices":[{"not_picked":["Crescendo","EmptyFist"],"picked":"CutThroughFate","floor":1.0},{"not_picked":["JustLucky","ThirdEye"],"picked":"Consecrate","floor":3.0},{"not_picked":["EmptyBody","PathToVictory","SashWhip"],"picked":"SKIP","floor":5.0},{"not_picked":["EmptyBody","PathToVictory","SashWhip"],"picked":"SKIP","floor":5.0},{"not_picked":["EmptyBody","PathToVictory","SashWhip"],"picked":"SKIP","floor":5.0},{"not_picked":["EmptyBody","PathToVictory"],"picked":"SashWhip","floor":5.0},{"not_picked":["Prostrate","LessonLearned"],"picked":"FollowUp","floor":6.0},{"not_picked":["FlyingSleeves","EmptyBody","SashWhip"],"picked":"SKIP","floor":7.0},{"not_picked":["ReachHeaven","SashWhip","EmptyFist"],"picked":"SKIP","floor":10.0},{"not_picked":["Sanctity","Halt"],"picked":"SandsOfTime","floor":11.0},{"not_picked":["ThirdEye","SignatureMove"],"picked":"Indignation","floor":12.0},{"not_picked":["Conclude","EmptyBody"],"picked":"Adaptation","floor":13.0},{"not_picked":["JustLucky","WaveOfTheHand","Conclude"],"picked":"SKIP","floor":14.0},{"not_picked":["Omniscience","Judgement","Blasphemy"],"picked":"SKIP","floor":16.0},{"not_picked":["CrushJoints","CarveReality","Indignation"],"picked":"SKIP","floor":18.0},{"not_picked":["CrushJoints","CarveReality","Indignation"],"picked":"SKIP","floor":18.0},{"not_picked":["SashWhip","EmptyFist","BattleHymn"],"picked":"SKIP","floor":20.0},{"not_picked":["Evaluate","Protect"],"picked":"Meditate","floor":22.0},{"not_picked":["PathToVictory","ThirdEye"],"picked":"Prostrate","floor":24.0},{"not_picked":["Weave","ForeignInfluence"],"picked":"ThirdEye","floor":25.0},{"not_picked":["BattleHymn+1","EmptyBody"],"picked":"ThirdEye","floor":27.0},{"not_picked":["PathToVictory","Study","ThirdEye"],"picked":"SKIP","floor":28.0},{"not_picked":["ThirdEye","Consecrate","PathToVictory"],"picked":"SKIP","floor":29.0},{"not_picked":["WindmillStrike","EmptyBody"],"picked":"Crescendo+1","floor":31.0},{"not_picked":["LessonLearned","Blasphemy"],"picked":"Establishment","floor":33.0},{"not_picked":["Halt","BowlingBash+1"],"picked":"MentalFortress","floor":35.0},{"not_picked":["Tantrum","ThirdEye+1","ForeignInfluence+1"],"picked":"SKIP","floor":36.0},{"not_picked":["Tantrum","ThirdEye+1","ForeignInfluence+1"],"picked":"SKIP","floor":36.0},{"not_picked":["Fasting2","Indignation+1","ForeignInfluence"],"picked":"SKIP","floor":38.0},{"not_picked":["LikeWater","WindmillStrike","CutThroughFate"],"picked":"SKIP","floor":41.0},{"not_picked":["LikeWater","WindmillStrike","CutThroughFate"],"picked":"SKIP","floor":41.0},{"not_picked":["ClearTheMind","BowlingBash+1","Consecrate+1"],"picked":"SKIP","floor":44.0},{"not_picked":["Protect","CutThroughFate+1"],"picked":"Worship+1","floor":45.0},{"not_picked":["WaveOfTheHand","BowlingBash"],"picked":"Prostrate+1","floor":46.0},{"not_picked":["LessonLearned","CrushJoints+1","BowlingBash+1"],"picked":"Singing Bowl","floor":47.0},{"not_picked":["EmptyBody","Halt"],"picked":"Tantrum","floor":48.0},{"not_picked":["JustLucky+1","Prostrate","Vengeance"],"picked":"Singing Bowl","floor":55}],"player_experience":2206055,"relics_obtained":[{"floor":6.0,"key":"Centennial Puzzle"},{"floor":9.0,"key":"Blood Vial"},{"floor":10.0,"key":"Damaru"},{"floor":12.0,"key":"Bronze Scales"},{"floor":14.0,"key":"MawBank"},{"floor":25.0,"key":"Whetstone"},{"floor":26.0,"key":"HornCleat"},{"floor":28.0,"key":"PreservedInsect"},{"floor":38.0,"key":"TungstenRod"},{"floor":41.0,"key":"Eternal Feather"},{"floor":43.0,"key":"Pear"},{"floor":45.0,"key":"Singing Bowl"},{"floor":48.0,"key":"Torii"},{"floor":55,"key":"Yang"}],"event_choices":[{"damage_healed":0.0,"max_hp_gain":0.0,"max_hp_loss":0.0,"gold_gain":275.0,"event_name":"Golden Shrine","player_choice":"Desecrate","floor":2.0,"gold_loss":0.0,"damage_taken":0.0,"cards_obtained":["Regret"]},{"damage_healed":0.0,"max_hp_gain":0.0,"max_hp_loss":0.0,"gold_gain":270.0,"event_name":"Knowing Skull","player_choice":"GOLD GOLD GOLD ","floor":19.0,"potions_obtained":[],"gold_loss":0.0,"damage_taken":27.0,"cards_obtained":[]},{"damage_healed":0.0,"max_hp_gain":0.0,"max_hp_loss":0.0,"gold_gain":0.0,"event_name":"MindBloom","player_choice":"Fight","floor":38.0,"gold_loss":0.0,"damage_taken":0.0},{"damage_healed":0.0,"max_hp_gain":0.0,"max_hp_loss":0.0,"gold_gain":0.0,"event_name":"Accursed Blacksmith","player_choice":"Forge","floor":42.0,"gold_loss":0.0,"damage_taken":0.0,"cards_upgraded":["MentalFortress"]}],"is_beta":false,"boss_relics":[{"not_picked":["Sozu","SacredBark"],"picked":"Pandora\u0027s Box"},{"not_picked":["Snecko Eye","Black Star"],"picked":"Astrolabe"}],"items_purged_floors":[4,21,30,54],"is_endless":false,"potions_floor_spawned":[3,5,6,10,12,13,18,24,25,27,35,44,45,46,47,55],"killed_by":"The Heart","ascension_level":20,"potion_discard_per_floor":[[],[],[],[],[],[],[],[],[],[],[],["SpeedPotion"],["FairyPotion"],[],[],[],[],[],[],[],[],[],[],[],[],[],[],[],[],[],[],[],[],[],[],[],[],[],[],[],[],[],[],[],["DuplicationPotion"],[],[],[],[],[],[],[],[],[],[],[]]}