{"neow_bonuses_skipped_log":["RANDOM_COMMON_RELIC","RANDOM_COLORLESS_2","BOSS_RELIC"],"potions_obtained_entropic_brew":[[],[],[],[],[],[],[],[],[],[],[],[],[],[],[],[],[],[],[],[],[],[],[],[],[],[],[],[],[],[],[],[],[],[],[],[],[],[],[],[],[],[],[],[],[],[],[],[],[],[],[]],"neow_costs_skipped_log":["NONE","NO_GOLD","NONE"],"gold_per_floor":[117,117,133,133,5,5,71,71,97,140,153,168,243,278,278,372,372,393,393,393,293,307,307,326,41,92,17,17,31,67,87,87,180,180,224,237,7,340,352,385,385,405,480,480,480,511,178,178,178,178,178],"floor_reached":51,"playtime":1650,"items_purged":["Pain","Defend_P","Strike_P","Defend_P","Strike_P"],"score":1607,"play_id":"76879932-790e-4cd9-a08a-7dbf163c032d","local_time":"20231101211640","score_breakdown":["Floors Climbed (51): 255","Enemies Slain (13): 26","Exordium Elites Killed (3): 30","City Elites Killed (1): 20","Beyond Elites Killed (2): 60","Bosses Slain (3): 300","Money Money (1230): 25","Champion (3): 75","C-c-c-combo: 25","Ascension (20): 791"],"is_ascension_mode":true,"potions_obtained_alchemize":[[],[],[],[],[],[],[],[],[],[],[],[],[],[],[],[],[],[],[],[],[],[],[],[],[],[],[],[],[],[],[],[],[],[],[],[],[],[],[],[],[],[],[],[],[],[],[],[],[],[],[]],"campfire_choices":[{"data":"ForeignInfluence","floor":6,"key":"SMITH"},{"data":"Adaptation","floor":8,"key":"SMITH"},{"data":"Adaptation","floor":15,"key":"SMITH"},{"data":"Scrawl","floor":23,"key":"SMITH"},{"floor":32,"key":"REST"},{"data":"MentalFortress","floor":41,"key":"SMITH"},{"floor":49,"key":"RECALL"}],"lesson_learned_per_floor":[[],[],[],[],[],[],[],[],[],[],[],[],[],[],[],[],[],[],[],[],[],[],[],[],[],[],[],[],[],[],[],[],[],[],[],[],[],[],[],[],[],[],[],[],[],[],[],[],[],[],[]],"neow_cost":"NONE","improvable_cards":{},"seed_source_timestamp":3954893658600700,"shop_contents":[{"floor":5,"relics":["Centennial Puzzle","Vajra","Toolbox"],"cards":["Brilliance","JustLucky","Prostrate","Crescendo","Adaptation","Jack Of All Trades","Secret Weapon"],"potions":["SmokeBomb","Dexterity Potion"]},{"floor":21,"relics":["StoneCalendar","Turnip","Melange"],"cards":["LessonLearned","SashWhip","ThirdEye","Crescendo","LikeWater","Good Instincts","Violence"],"potions":["StancePotion","StancePotion","LiquidBronze"]},{"floor":25,"relics":["Damaru","Happy Flower"],"cards":["CrushJoints","FlurryOfBlows","EmptyMind","Evaluate","Wireheading","Trip","Magnetism"],"potions":["LiquidMemories","Strength Potion","LiquidMemories"]},{"floor":28,"relics":["Bottled Tornado","Akabeko","Medical Kit"],"cards":["CrushJoints","FlurryOfBlows","Indignation","Pray","Wireheading","Finesse","Master of Strategy"],"potions":["LiquidMemories","Fire Potion","Ancient Potion"]},{"floor":37,"relics":["Boot","Bag of Preparation","Chemical X"],"cards":["JustLucky","Evaluate","Pray","DevaForm","Mind Blast","Secret Technique"],"potions":["Energy Potion","AttackPotion","EssenceOfSteel"]},{"floor":47,"relics":["Ornamental Fan","Toy Ornithopter"],"cards":["TalkToTheHand","CarveReality","EmptyBody","ThirdEye","Study","Blind","Secret Weapon"],"potions":["Strength Potion","DuplicationPotion","SkillPotion"]}],"circlet_count":0,"master_deck":["AscendersBane","Eruption+1","Vigilance","SashWhip","ForeignInfluence+1","Adaptation+1","Adaptation+1","MentalFortress+1","Scrawl+1","ClearTheMind","FlyingSleeves","Tantrum","TalkToTheHand","Discovery","Discovery","Madness","Madness","Madness"],"potion_use_per_floor":[[],[],[],[],[],[],[],[],[],["Fire Potion"],[],[],[],[],[],["Swift Potion"],[],[],[],[],[],[],[],[],[],[],[],[],[],["Fire Potion"],[],[],[],[],[],[],[],[],[],[],[],[],[],[],[],[],[],[],[],[],["PowerPotion"]],"relics":["PureWater","WarpedTongs","GoldenEye","MealTicket","Dream Catcher","Empty Cage","Nloth\u0027s Gift","OrangePellets","Bronze Scales","Orichalcum","Coffee Dripper","Juzu Bracelet","Regal Pillow","ClockworkSouvenir"],"potions_floor_usage":[10,16,30,51],"damage_taken":[{"damage":2,"enemies":"Jaw Worm","floor":1,"turns":4},{"damage":0,"enemies":"2 Louse","floor":3,"turns":1},{"damage":0,"enemies":"Lagavulin","floor":7,"turns":4},{"damage":9,"enemies":"Gremlin Nob","floor":10,"turns":3},{"damage":0,"enemies":"Cultist","floor":11,"turns":3},{"damage":0,"enemies":"2 Fungi Beasts","floor":12,"turns":2},{"damage":0,"enemies":"Lagavulin","floor":14,"turns":5},{"damage":9,"enemies":"Hexaghost","floor":16,"turns":9},{"damage":0,"enemies":"Spheric Guardian","floor":18,"turns":3},{"damage":4,"enemies":"3 Byrds","floor":22,"turns":3},{"damage":0,"enemies":"Snake Plant","floor":24,"turns":1},{"damage":8,"enemies":"3 Cultists","floor":29,"turns":3},{"damage":14,"enemies":"Slavers","floor":30,"turns":4},{"damage":0,"enemies":"Centurion and Healer","floor":31,"turns":2},{"damage":35,"enemies":"Champ","floor":33,"turns":8},{"damage":0,"enemies":"Orb Walker","floor":35,"turns":1},{"damage":0,"enemies":"3 Darklings","floor":36,"turns":3},{"damage":0,"enemies":"Spire Growth","floor":39,"turns":1},{"damage":5,"enemies":"Giant Head","floor":40,"turns":6},{"damage":0,"enemies":"Writhing Mass","floor":42,"turns":2},{"damage":0,"enemies":"Reptomancer","floor":46,"turns":1},{"damage":10,"enemies":"Donu and Deca","floor":50,"turns":2},{"damage":48,"enemies":"Time Eater","floor":51,"turns":5}],"green_key_taken_log":7,"seed_played":"863049520043090358","neow_bonus_log":{"cardsObtained":[],"cardsUpgraded":["Eruption"],"cardsRemoved":[],"cardsTransformed":[],"relicsObtained":[],"maxHpGained":0,"goldGained":0,"damageTaken":0,"goldLost":0,"maxHpLost":0},"potions_obtained":[{"floor":7,"key":"Swift Potion"},{"floor":11,"key":"Fire Potion"},{"floor":18,"key":"SpeedPotion"},{"floor":33,"key":"Energy Potion"},{"floor":40,"key":"PowerPotion"}],"is_trial":false,"path_per_floor":["M","?","M","?","$","R","E","R","T","E","M","M","?","E","R","B",null,"M","?","?","$","M","R","M","$","T","?","$","M","E","M","R","B",null,"M","M","$","?","M","E","R","M","T","?","?","E","$","?","R","B","B"],"character_chosen":"WATCHER","basemod:card_modifiers":[null,null,null,null,null,null,null,null,null,null,null,null,null,null,null,null,null,null],"items_purchased":["Fire Potion","OrangePellets","TalkToTheHand","ClockworkSouvenir"],"campfire_rested":1,"item_purchase_floors":[5,25,37,47],"current_hp_per_floor":[59,59,59,59,59,59,59,59,59,50,50,50,39,39,39,30,54,54,54,54,62,58,58,58,62,62,62,62,54,40,40,58,23,52,52,52,62,62,62,57,57,57,57,47,36,36,51,51,51,41,0],"gold":178,"neow_bonus":"UPGRADE_CARD","is_prod":false,"is_daily":false,"rewards_skipped":[{"floor":14,"relics":[],"potions":["SkillPotion"]},{"floor":36,"relics":[],"potions":["BlessingOfTheForge"]},{"floor":46,"relics":[],"potions":["EssenceOfSteel"]}],"chose_seed":false,"campfire_upgraded":5,"win_rate":0,"floor_exit_playtime":[53,57,68,75,85,91,123,129,132,188,217,244,247,288,296,383,398,429,432,436,450,506,512,536,549,552,560,565,603,652,684,693,817,836,862,944,960,964,1014,1143,1152,1206,1209,1229,1234,1334,1350,1369,1372,1533],"timestamp":1698887800,"blue_key_relic_skipped_log":{"floor":43,"relicID":"Mummified Hand"},"path_taken":["M","?","M","?","$","R","E","R","T","E","M","?","?","E","R","BOSS","M","?","?","$","?","R","M","$","T","?","$","M","E","M","R","BOSS","M","?","$","?","M","E","R","M","T","?","?","E","$","?","R","BOSS","BOSS"],"build_version":"2022-12-18","purchased_purges":5,"victory":false,"max_hp_per_floor":[68,62,62,62,62,62,62,62,62,62,62,62,62,62,62,62,62,62,62,62,62,62,62,62,62,62,62,62,62,62,62,62,62,62,62,62,62,62,62,62,62,62,62,62,62,62,62,62,62,62,62],"relic_stats":{"Regal Pillow":0,"counters":[23,76],"Juzu Bracelet":0,"Orichalcum":[12],"GoldenEye":[0],"WarpedTongs":[71],"OrangePellets":[4],"Dream Catcher":1,"Bronze Scales":[90],"MealTicket":37,"Nloth\u0027s Gift":0,"PureWater":[24],"obtain_stats":[{"Regal Pillow":46,"Golden Idol":2,"Oddly Smooth Stone":10,"Juzu Bracelet":40,"Orichalcum":30,"GoldenEye":7,"Empty Cage":17,"WarpedTongs":4,"ClockworkSouvenir":47,"OrangePellets":25,"Dream Catcher":14,"Bronze Scales":26,"MealTicket":9,"Nloth\u0027s Gift":20,"Coffee Dripper":34,"PureWater":0},{"Regal Pillow":21,"Golden Idol":1,"Oddly Smooth Stone":4,"Juzu Bracelet":19,"Orichalcum":13,"GoldenEye":3,"Empty Cage":8,"WarpedTongs":2,"ClockworkSouvenir":21,"OrangePellets":11,"Dream Catcher":7,"Bronze Scales":11,"MealTicket":3,"Nloth\u0027s Gift":9,"Coffee Dripper":15,"PureWater":0},{"Regal Pillow":69,"Golden Idol":4,"Oddly Smooth Stone":12,"Juzu Bracelet":66,"Orichalcum":45,"GoldenEye":9,"Empty Cage":31,"WarpedTongs":5,"ClockworkSouvenir":69,"OrangePellets":38,"Dream Catcher":22,"Bronze Scales":38,"MealTicket":9,"Nloth\u0027s Gift":34,"Coffee Dripper":55,"PureWater":0}]},"card_choices":[{"not_picked":["Protect","EmptyBody"],"picked":"SashWhip","floor":1},{"not_picked":["ClearTheMind","PathToVictory"],"picked":"ForeignInfluence","floor":3},{"not_picked":["Sanctity","EmptyFist"],"picked":"Adaptation","floor":7},{"not_picked":["WreathOfFlame","Consecrate","CutThroughFate"],"picked":"SKIP","floor":10},{"not_picked":["PathToVictory","EmptyBody","SashWhip"],"picked":"SKIP","floor":11},{"not_picked":["DeusExMachina","FlyingSleeves"],"picked":"Adaptation","floor":12},{"not_picked":["Consecrate","Evaluate"],"picked":"MentalFortress","floor":14},{"not_picked":["Wish","Judgement"],"picked":"Scrawl","floor":16},{"not_picked":["FlurryOfBlows","FollowUp","Study"],"picked":"SKIP","floor":18},{"not_picked":["WreathOfFlame","Halt","SashWhip"],"picked":"SKIP","floor":22},{"not_picked":["EmptyFist","Evaluate","Judgement"],"picked":"SKIP","floor":24},{"not_picked":["Protect","FlurryOfBlows+1","Fasting2"],"picked":"SKIP","floor":29},{"not_picked":["Consecrate","Blasphemy","BowlingBash"],"picked":"SKIP","floor":30},{"not_picked":["EmptyFist","JustLucky","SashWhip"],"picked":"SKIP","floor":31},{"not_picked":["BowlingBash","SashWhip"],"picked":"Tantrum","floor":32},{"not_picked":["Judgement","Devotion","DeusExMachina"],"picked":"SKIP","floor":33},{"not_picked":["FollowUp+1","Sanctity","Consecrate+1"],"picked":"SKIP","floor":35},{"not_picked":["WreathOfFlame","Evaluate","EmptyFist"],"picked":"SKIP","floor":36},{"not_picked":["Conclude","Tantrum","CrushJoints"],"picked":"SKIP","floor":39},{"not_picked":["PathToVictory+1","Fasting2","Crescendo"],"picked":"SKIP","floor":40},{"not_picked":["ClearTheMind","Adaptation","SandsOfTime"],"picked":"SKIP","floor":42},{"not_picked":["Finesse","Deep Breath"],"picked":"Discovery","floor":44},{"not_picked":["PanicButton","Bandage Up"],"picked":"Discovery","floor":44},{"not_picked":["Mind Blast","Violence","Panache"],"picked":"SKIP","floor":44},{"not_picked":["WreathOfFlame","EmptyMind","PathToVictory+1"],"picked":"SKIP","floor":46}],"player_experience":2220530,"relics_obtained":[{"floor":7,"key":"GoldenEye"},{"floor":9,"key":"MealTicket"},{"floor":10,"key":"Oddly Smooth Stone"},{"floor":14,"key":"Dream Catcher"},{"floor":26,"key":"Bronze Scales"},{"floor":30,"key":"Orichalcum"},{"floor":40,"key":"Juzu Bracelet"},{"floor":46,"key":"Regal Pillow"}],"event_choices":[{"damage_healed":0,"gold_gain":0,"player_choice":"Lose Max HP","damage_taken":0,"relics_obtained":["Golden Idol"],"max_hp_gain":0,"max_hp_loss":6,"event_name":"Golden Idol","floor":2,"gold_loss":0},{"damage_healed":0,"gold_gain":0,"player_choice":"Rummage","damage_taken":0,"relics_obtained":["WarpedTongs"],"max_hp_gain":0,"max_hp_loss":0,"event_name":"Accursed Blacksmith","floor":4,"gold_loss":0,"cards_obtained":["Pain"]},{"damage_healed":0,"gold_gain":75,"player_choice":"Gather Gold","damage_taken":11,"max_hp_gain":0,"max_hp_loss":0,"event_name":"World of Goop","floor":13,"gold_loss":0},{"damage_healed":0,"gold_gain":0,"player_choice":"Ignored","damage_taken":0,"max_hp_gain":0,"max_hp_loss":0,"event_name":"The Mausoleum","floor":19,"gold_loss":0},{"damage_healed":0,"gold_gain":0,"player_choice":"Traded Relic","damage_taken":0,"relics_obtained":["Nloth\u0027s Gift"],"max_hp_gain":0,"max_hp_loss":0,"event_name":"N\u0027loth","floor":20,"relics_lost":["Oddly Smooth Stone"],"gold_loss":0},{"damage_healed":0,"gold_gain":0,"cards_transformed":["Defend_P","Strike_P"],"player_choice":"Transformed Cards","damage_taken":0,"max_hp_gain":0,"max_hp_loss":0,"event_name":"Designer","floor":27,"gold_loss":75,"cards_obtained":["ClearTheMind","FlyingSleeves"]},{"damage_healed":0,"gold_gain":333,"player_choice":"Gave Idol","damage_taken":0,"max_hp_gain":0,"max_hp_loss":0,"event_name":"The Moai Head","floor":38,"relics_lost":["Golden Idol"],"gold_loss":0},{"damage_healed":0,"gold_gain":0,"player_choice":"Memory 3","damage_taken":10,"max_hp_gain":0,"max_hp_loss":0,"event_name":"SensoryStone","floor":44,"gold_loss":0},{"damage_healed":0,"gold_gain":0,"player_choice":"Embrace Madness","damage_taken":11,"max_hp_gain":0,"max_hp_loss":0,"event_name":"Winding Halls","floor":45,"gold_loss":0,"cards_obtained":["Madness","Madness"]},{"damage_healed":0,"gold_gain":0,"player_choice":"Copied","damage_taken":0,"max_hp_gain":0,"max_hp_loss":0,"event_name":"Duplicator","floor":48,"gold_loss":0,"cards_obtained":["Madness"]}],"is_beta":false,"boss_relics":[{"not_picked":["Fusion Hammer","HolyWater"],"picked":"Empty Cage"},{"not_picked":["Sozu","SlaversCollar"],"picked":"Coffee Dripper"}],"items_purged_floors":[5,21,25,37,47],"is_endless":false,"potions_floor_spawned":[7,11,14,18,33,36,40,46],"killed_by":"Time Eater","ascension_level":20,"potion_discard_per_floor":[[],[],[],[],[],[],[],[],[],[],[],[],[],[],[],[],[],[],[],[],[],[],[],[],[],[],[],[],[],[],[],[],[],[],[],[],[],[],[],["SpeedPotion"],[],[],[],[],[],[],[],[],[],[],[]]}