{"neow_bonuses_skipped_log":["RANDOM_COLORLESS","THREE_SMALL_POTIONS","TWENTY_PERCENT_HP_BONUS"],"neow_costs_skipped_log":["NONE","NONE","PERCENT_DAMAGE"],"potions_obtained_entropic_brew":[[],[],[],[],[],[],[],[],[],[]],"gold_per_floor":[168,184,184,198,198,224,224,224,302,302],"floor_reached":10,"playtime":316,"items_purged":[],"score":132,"play_id":"11e70ba3-dcfb-4be9-9cb0-46096c21109c","local_time":"20231122202457","score_breakdown":["Floors Climbed (10): 50","Enemies Slain (3): 6","Exordium Elites Killed (1): 10","Bosses Slain (0): 0","Ascension (20): 66"],"is_ascension_mode":true,"potions_obtained_alchemize":[[],[],[],[],[],[],[],[],[],[]],"campfire_choices":[{"data":"Eruption","floor":8,"key":"SMITH"}],"lesson_learned_per_floor":[[],[],[],[],[],[],[],[],[],[]],"neow_cost":"NONE","improvable_cards":{},"seed_source_timestamp":5771097711620400,"shop_contents":[],"circlet_count":0,"master_deck":["AscendersBane","Strike_P","Strike_P","Strike_P","Strike_P","Defend_P+1","Defend_P","Defend_P","Eruption+1","Vigilance","FearNoEvil","BowlingBash","Meditate","Adaptation","FlurryOfBlows","SignatureMove"],"potion_use_per_floor":[[],[],[],[],[],["ColorlessPotion"],[],[],[],["ColorlessPotion"]],"relics":["Tiny House","Oddly Smooth Stone","TeardropLocket"],"potions_floor_usage":[6,10],"damage_taken":[{"damage":15,"enemies":"Jaw Worm","floor":1,"turns":8},{"damage":3,"enemies":"Small Slimes","floor":2,"turns":3},{"damage":0,"enemies":"Cultist","floor":4,"turns":2},{"damage":12,"enemies":"3 Sentries","floor":6,"turns":7},{"damage":41,"enemies":"Gremlin Nob","floor":10,"turns":3}],"seed_played":"-3592407585119060666","neow_bonus_log":{"cardsObtained":[],"cardsUpgraded":[],"cardsRemoved":[],"cardsTransformed":[],"relicsObtained":["Tiny House"],"maxHpGained":0,"goldGained":0,"damageTaken":0,"goldLost":0,"maxHpLost":0},"potions_obtained":[{"floor":0,"key":"ColorlessPotion"},{"floor":1,"key":"ColorlessPotion"},{"floor":6,"key":"SteroidPotion"}],"is_trial":false,"path_per_floor":["M","M","?","M","?","E","?","R","T","E"],"character_chosen":"WATCHER","basemod:card_modifiers":[null,null,null,null,null,null,null,null,null,null,null,null,null,null,null,null],"items_purchased":[],"campfire_rested":0,"item_purchase_floors":[],"current_hp_per_floor":[51,48,53,53,53,41,41,41,41,0],"gold":302,"neow_bonus":"BOSS_RELIC","is_prod":false,"is_daily":false,"rewards_skipped":[],"chose_seed":false,"campfire_upgraded":1,"win_rate":0,"floor_exit_playtime":[95,126,129,148,168,264,270,276,279],"timestamp":1700702697,"path_taken":["M","M","?","M","?","E","?","R","T","E"],"build_version":"2022-12-18","purchased_purges":0,"victory":false,"max_hp_per_floor":[73,73,78,78,78,78,78,78,78,78],"relic_stats":{"counters":[5,23],"obtain_stats":[{"Tiny House":0,"Oddly Smooth Stone":6,"TeardropLocket":9,"PureWater":0},{"Tiny House":0,"Oddly Smooth Stone":4,"TeardropLocket":4,"PureWater":0},{"Tiny House":0,"Oddly Smooth Stone":20,"TeardropLocket":20,"PureWater":0}]},"card_choices":[{"not_picked":["Crescendo","Protect"],"picked":"FearNoEvil","floor":0},{"not_picked":["SashWhip","Protect"],"picked":"BowlingBash","floor":1},{"not_picked":["Prostrate","Sanctity"],"picked":"Meditate","floor":2},{"not_picked":["CrushJoints","Evaluate"],"picked":"Adaptation","floor":4},{"not_picked":["CutThroughFate","Judgement"],"picked":"FlurryOfBlows","floor":6}],"player_experience":2323213,"relics_obtained":[{"floor":6,"key":"Oddly Smooth Stone"},{"floor":9,"key":"TeardropLocket"}],"event_choices":[{"damage_healed":0,"gold_gain":0,"player_choice":"Donut","damage_taken":0,"max_hp_gain":5,"max_hp_loss":0,"event_name":"Big Fish","floor":3,"gold_loss":0},{"damage_healed":0,"gold_gain":0,"player_choice":"Ignored","damage_taken":0,"max_hp_gain":0,"max_hp_loss":0,"event_name":"Liars Game","floor":5,"gold_loss":0},{"damage_healed":0,"gold_gain":0,"cards_transformed":["Defend_P"],"player_choice":"Transformed","damage_taken":0,"max_hp_gain":0,"max_hp_loss":0,"event_name":"Transmorgrifier","floor":7,"gold_loss":0,"cards_obtained":["SignatureMove"]}],"is_beta":false,"boss_relics":[],"items_purged_floors":[],"is_endless":false,"potions_floor_spawned":[1,6],"killed_by":"Gremlin Nob","ascension_level":20,"potion_discard_per_floor":[[],[],[],[],[],[],[],[],[],[]]}