{"neow_bonuses_skipped_log":["ONE_RANDOM_RARE_CARD","THREE_SMALL_POTIONS","ONE_RARE_RELIC"],"neow_costs_skipped_log":["NONE","NONE","CURSE"],"potions_obtained_entropic_brew":[[],[],[],[],[],[],[],[],[],[],[],[],[],[],[],[],[],[],[],[],[],[],[],[],[],[],[],[],[],[],[],[],[],[],[],[],[],[],[],[],[],[],[],[],[],[],[],[],[],[],[],[],[],[],[],[]],"gold_per_floor":[118,129,0,14,25,25,56,56,56,56,98,149,149,179,179,256,256,316,316,316,384,439,439,439,470,497,260,283,320,362,394,394,476,503,615,3,3,3,3,88,88,109,159,176,285,344,344,397,397,397,422,422,422,152,184,184],"floor_reached":56,"playtime":3287,"items_purged":["Defend_P","Strike_P"],"score":2211,"play_id":"5538508f-664e-4155-b41c-3300b2709b11","local_time":"20231122215658","falling_options_log":["BowlingBash+1","Prostrate+1"],"score_breakdown":["Floors Climbed (56): 280","Enemies Slain (14): 28","Exordium Elites Killed (3): 30","City Elites Killed (2): 40","Beyond Elites Killed (3): 90","Bosses Slain (4): 500","Money Money (1411): 25","Champion (4): 100","Overkill: 25","Ascension (20): 1093"],"is_ascension_mode":true,"potions_obtained_alchemize":[[],[],[],[],[],[],[],[],[],[],[],[],[],[],[],[],[],[],[],[],[],[],[],[],[],[],[],[],[],[],[],[],[],[],[],[],[],[],[],[],[],[],[],[],[],[],[],[],[],[],[],[],[],[],[],[]],"campfire_choices":[{"data":"Eruption","floor":6,"key":"SMITH"},{"data":"CarveReality","floor":8,"key":"SMITH"},{"data":"ForeignInfluence","floor":13,"key":"SMITH"},{"data":"Meditate","floor":15,"key":"SMITH"},{"data":"Prostrate","floor":23,"key":"SMITH"},{"data":"Wish","floor":32,"key":"SMITH"},{"data":"Omniscience","floor":41,"key":"SMITH"},{"data":"Prostrate","floor":47,"key":"SMITH"},{"floor":49,"key":"RECALL"},{"data":"EmptyMind","floor":53,"key":"SMITH"}],"lesson_learned_per_floor":[[],[],[],[],[],[],[],[],[],[],[],[],[],[],[],[],[],[],[],[],[],[],[],[],[],[],[],[],[],[],[],[],[],[],[],[],[],[],[],[],[],[],[],[],[],[],[],[],[],[],[],[],[],[],[],[]],"neow_cost":"NONE","improvable_cards":{},"seed_source_timestamp":5773645565955000,"shop_contents":[{"floor":3,"relics":["Bag of Preparation","Orichalcum","Sling"],"cards":["BowlingBash","Indignation","Meditate","Devotion","Purity","Violence"],"potions":["Fire Potion","Swift Potion"]},{"floor":27,"relics":["Bronze Scales","HandDrill"],"cards":["FlurryOfBlows","Conclude","Prostrate","ClearTheMind","LikeWater","Finesse","Apotheosis"],"potions":["Dexterity Potion","LiquidMemories","BottledMiracle"]},{"floor":36,"relics":["Boot"],"cards":["Conclude","FlurryOfBlows","Crescendo","EmptyBody","LikeWater","Jack Of All Trades","Secret Weapon"],"potions":["SneckoOil","Dexterity Potion","PowerPotion"]},{"floor":39,"relics":["TeardropLocket","Dream Catcher","Frozen Eye"],"cards":["ReachHeaven","FlyingSleeves","Scrawl","Meditate","Fasting2","Jack Of All Trades","Metamorphosis"],"potions":["Swift Potion","Explosive Potion","SteroidPotion"]},{"floor":54,"relics":["Akabeko","Bottled Flame"],"cards":["LessonLearned","EmptyBody","MasterReality","Madness","Violence"],"potions":["SneckoOil","Energy Potion","Ancient Potion"]}],"circlet_count":0,"master_deck":["AscendersBane","Eruption+1","Vigilance","Prostrate+1","EmptyMind+1","CarveReality+1","Meditate+1","Wish+1","ForeignInfluence+1","Wallop+1","Wish","Crescendo","Crescendo","Prostrate+1","Evaluate+1","Omniscience+1","BowlingBash+1","Meditate+1","FlurryOfBlows+1","EmptyMind+1","Halt+1","TalkToTheHand+1","TalkToTheHand+1","Sanctity"],"potion_use_per_floor":[[],[],[],[],[],[],["Swift Potion"],[],[],[],[],["Fire Potion"],[],[],[],[],[],[],[],[],[],[],[],[],[],[],[],[],[],["DuplicationPotion"],["Weak Potion"],[],[],[],[],[],[],[],[],[],[],[],[],[],[],["ColorlessPotion"],[],[],[],[],[],[],[],[],[],["Weak Potion"]],"relics":["Busted Crown","Strawberry","Centennial Puzzle","Pear","Thread and Needle","Coffee Dripper","Red Mask","CeramicFish","Vajra","MealTicket","Shuriken","Astrolabe","ClockworkSouvenir","Incense Burner","Bag of Marbles","Pen Nib","Omamori","Toolbox","Whetstone"],"potions_floor_usage":[7,12,30,31,46,56],"damage_taken":[{"damage":0,"enemies":"Jaw Worm","floor":1,"turns":3},{"damage":3,"enemies":"Cultist","floor":2,"turns":6},{"damage":0,"enemies":"2 Louse","floor":4,"turns":2},{"damage":3,"enemies":"Blue Slaver","floor":5,"turns":3},{"damage":0,"enemies":"Gremlin Nob","floor":7,"turns":2},{"damage":2,"enemies":"Exordium Thugs","floor":11,"turns":4},{"damage":24,"enemies":"3 Sentries","floor":12,"turns":8},{"damage":1,"enemies":"Lagavulin","floor":14,"turns":5},{"damage":8,"enemies":"Hexaghost","floor":16,"turns":7},{"damage":13,"enemies":"Shell Parasite","floor":18,"turns":3},{"damage":6,"enemies":"2 Thieves","floor":21,"turns":4},{"damage":2,"enemies":"Masked Bandits","floor":22,"turns":3},{"damage":6,"enemies":"Book of Stabbing","floor":25,"turns":4},{"damage":0,"enemies":"Snake Plant","floor":28,"turns":1},{"damage":0,"enemies":"Cultist and Chosen","floor":29,"turns":5},{"damage":0,"enemies":"Chosen and Byrds","floor":30,"turns":5},{"damage":22,"enemies":"Gremlin Leader","floor":31,"turns":5},{"damage":4,"enemies":"Automaton","floor":33,"turns":6},{"damage":0,"enemies":"3 Shapes","floor":35,"turns":5},{"damage":0,"enemies":"Giant Head","floor":40,"turns":5},{"damage":0,"enemies":"Orb Walker","floor":42,"turns":1},{"damage":9,"enemies":"Spire Growth","floor":44,"turns":4},{"damage":6,"enemies":"Sphere and 2 Shapes","floor":45,"turns":4},{"damage":0,"enemies":"Reptomancer","floor":46,"turns":6},{"damage":0,"enemies":"Nemesis","floor":48,"turns":5},{"damage":36,"enemies":"Donu and Deca","floor":50,"turns":7},{"damage":20,"enemies":"Time Eater","floor":51,"turns":6},{"damage":16,"enemies":"Shield and Spear","floor":55,"turns":7},{"damage":67,"enemies":"The Heart","floor":56,"turns":8}],"green_key_taken_log":12,"seed_played":"1661557125202773890","neow_bonus_log":{"cardsObtained":[],"cardsUpgraded":[],"cardsRemoved":[],"cardsTransformed":[],"relicsObtained":["Busted Crown"],"maxHpGained":0,"goldGained":0,"damageTaken":0,"goldLost":0,"maxHpLost":0},"potions_obtained":[{"floor":4,"key":"Fire Potion"},{"floor":11,"key":"DuplicationPotion"},{"floor":16,"key":"Weak Potion"},{"floor":42,"key":"ColorlessPotion"},{"floor":44,"key":"Weak Potion"},{"floor":46,"key":"StancePotion"}],"is_trial":false,"path_per_floor":["M","M","$","M","M","R","E","R","T","?","M","E","R","E","R","B",null,"M","?","?","M","?","R","?","E","T","$","M","M","M","E","R","B",null,"M","$","?","?","$","E","R","M","T","M","M","E","R","E","R","B","B",null,"R","$","E","B"],"character_chosen":"WATCHER","basemod:card_modifiers":[null,null,null,null,null,null,null,null,null,null,null,null,null,null,null,null,null,null,null,null,null,null,null,null],"items_purchased":["CarveReality","Swift Potion","MealTicket","ClockworkSouvenir","Incense Burner","Toolbox","TalkToTheHand","Sanctity"],"campfire_rested":0,"item_purchase_floors":[3,3,27,36,36,54,54,54],"current_hp_per_floor":[61,58,58,58,55,55,62,62,62,62,60,46,46,45,45,37,73,60,60,60,54,52,52,52,46,46,46,46,46,46,24,24,20,69,69,84,84,81,81,81,81,81,81,72,66,66,66,66,66,30,10,63,63,78,62,0],"gold":184,"neow_bonus":"BOSS_RELIC","is_prod":false,"is_daily":false,"rewards_skipped":[{"floor":5,"relics":[],"potions":["SkillPotion"]},{"floor":21,"relics":[],"potions":["Fire Potion"]},{"floor":25,"relics":[],"potions":["GamblersBrew"]},{"floor":28,"relics":[],"potions":["Fire Potion"]}],"chose_seed":false,"campfire_upgraded":9,"win_rate":0,"floor_exit_playtime":[36,86,119,140,175,184,212,221,224,229,292,438,444,529,537,691,716,776,785,794,893,957,969,989,1071,1073,1102,1125,1193,1291,1385,1393,1508,1546,1644,1686,1696,1702,1708,1816,1828,1846,1849,1957,2060,2239,2246,2374,2377,2539,2741,2752,2759,2805,3032],"timestamp":1700708218,"blue_key_relic_skipped_log":{"floor":43,"relicID":"Smiling Mask"},"path_taken":["M","M","$","M","M","R","E","R","T","?","?","E","R","E","R","BOSS","M","?","?","?","?","R","?","E","T","$","M","M","M","E","R","BOSS","M","?","?","?","?","E","R","M","T","M","?","E","R","E","R","BOSS","BOSS","R","$","E","BOSS"],"build_version":"2022-12-18","purchased_purges":2,"victory":false,"max_hp_per_floor":[68,68,68,68,68,68,75,75,75,75,75,85,85,85,85,85,85,85,85,85,85,85,85,85,85,85,85,85,85,85,85,85,85,85,85,85,85,81,81,81,81,81,81,81,81,81,81,81,81,81,81,81,81,81,81,81],"relic_stats":{"Centennial Puzzle":[48],"Busted Crown":52,"counters":[29,134],"Shuriken":[38],"CeramicFish":90,"Astrolabe":["BowlingBash","Meditate","FlurryOfBlows"],"MealTicket":30,"Pen Nib":[9],"Omamori":0,"Whetstone":["Wallop","TalkToTheHand"],"obtain_stats":[{"Pear":12,"CeramicFish":25,"Astrolabe":34,"Vajra":26,"Thread and Needle":14,"Pen Nib":46,"Incense Burner":36,"Omamori":48,"Whetstone":55,"ClockworkSouvenir":36,"Centennial Puzzle":9,"Busted Crown":0,"Shuriken":31,"Strawberry":7,"Toolbox":54,"MealTicket":27,"Coffee Dripper":17,"Red Mask":22,"Bag of Marbles":40,"PureWater":0},{"Pear":7,"CeramicFish":13,"Astrolabe":18,"Vajra":13,"Thread and Needle":8,"Pen Nib":24,"Incense Burner":19,"Omamori":25,"Whetstone":28,"ClockworkSouvenir":19,"Centennial Puzzle":5,"Busted Crown":0,"Shuriken":17,"Strawberry":5,"Toolbox":27,"MealTicket":13,"Coffee Dripper":9,"Red Mask":12,"Bag of Marbles":20,"PureWater":0},{"Pear":28,"CeramicFish":54,"Astrolabe":76,"Vajra":54,"Thread and Needle":33,"Pen Nib":101,"Incense Burner":81,"Omamori":106,"Whetstone":126,"ClockworkSouvenir":81,"Centennial Puzzle":16,"Busted Crown":0,"Shuriken":70,"Strawberry":16,"Toolbox":119,"MealTicket":54,"Coffee Dripper":40,"Red Mask":50,"Bag of Marbles":86,"PureWater":0}]},"card_choices":[{"not_picked":[],"picked":"Prostrate","floor":1},{"not_picked":[],"picked":"EmptyMind","floor":2},{"not_picked":[],"picked":"Meditate","floor":4},{"not_picked":["Perseverance"],"picked":"SKIP","floor":5},{"not_picked":[],"picked":"Wish","floor":7},{"not_picked":[],"picked":"ForeignInfluence","floor":11},{"not_picked":["Wallop"],"picked":"SKIP","floor":12},{"not_picked":[],"picked":"Wallop","floor":12},{"not_picked":["Weave"],"picked":"SKIP","floor":14},{"not_picked":[],"picked":"Wish","floor":16},{"not_picked":[],"picked":"Crescendo","floor":18},{"not_picked":["Consecrate"],"picked":"SKIP","floor":21},{"not_picked":[],"picked":"Prostrate","floor":22},{"not_picked":["Crescendo"],"picked":"SKIP","floor":25},{"not_picked":[],"picked":"Evaluate+1","floor":28},{"not_picked":["FlyingSleeves"],"picked":"SKIP","floor":29},{"not_picked":["Protect"],"picked":"SKIP","floor":30},{"not_picked":["Vengeance"],"picked":"SKIP","floor":31},{"not_picked":[],"picked":"Omniscience","floor":33},{"not_picked":[],"picked":"EmptyMind+1","floor":35},{"not_picked":["Collect"],"picked":"SKIP","floor":40},{"not_picked":[],"picked":"Halt+1","floor":42},{"not_picked":["FollowUp+1"],"picked":"SKIP","floor":44},{"not_picked":[],"picked":"TalkToTheHand+1","floor":45},{"not_picked":["Study"],"picked":"SKIP","floor":46},{"not_picked":["FlurryOfBlows"],"picked":"SKIP","floor":48},{"not_picked":["Prostrate"],"picked":"SKIP","floor":55}],"player_experience":2325689,"relics_obtained":[{"floor":7,"key":"Strawberry"},{"floor":9,"key":"Centennial Puzzle"},{"floor":12,"key":"Pear"},{"floor":14,"key":"Thread and Needle"},{"floor":22,"key":"Red Mask"},{"floor":25,"key":"CeramicFish"},{"floor":26,"key":"Vajra"},{"floor":31,"key":"Shuriken"},{"floor":40,"key":"Bag of Marbles"},{"floor":46,"key":"Pen Nib"},{"floor":48,"key":"Omamori"},{"floor":55,"key":"Whetstone"}],"event_choices":[{"damage_healed":0,"gold_gain":0,"cards_transformed":["Defend_P"],"player_choice":"Transformed","damage_taken":0,"max_hp_gain":0,"max_hp_loss":0,"event_name":"Transmorgrifier","floor":10,"gold_loss":0,"cards_obtained":["Study"]},{"damage_healed":0,"gold_gain":0,"player_choice":"Ignored","damage_taken":0,"max_hp_gain":0,"max_hp_loss":0,"event_name":"The Mausoleum","floor":19,"gold_loss":0},{"damage_healed":0,"gold_gain":0,"cards_transformed":["Strike_P"],"player_choice":"Transformed","damage_taken":0,"max_hp_gain":0,"max_hp_loss":0,"event_name":"Transmorgrifier","floor":20,"gold_loss":0,"cards_obtained":["Crescendo"]},{"damage_healed":0,"gold_gain":0,"player_choice":"Fought Bandits","damage_taken":0,"max_hp_gain":0,"max_hp_loss":0,"event_name":"Masked Bandits","floor":22,"gold_loss":0},{"cards_removed":["Strike_P"],"damage_healed":0,"gold_gain":0,"player_choice":"Offered Basic","damage_taken":0,"max_hp_gain":0,"max_hp_loss":0,"event_name":"Bonfire Elementals","floor":24,"gold_loss":0},{"cards_removed":["Study"],"damage_healed":0,"gold_gain":0,"player_choice":"Removed Power","damage_taken":0,"max_hp_gain":0,"max_hp_loss":0,"event_name":"Falling","floor":37,"gold_loss":0},{"damage_healed":0,"gold_gain":0,"player_choice":"Max HP","damage_taken":0,"max_hp_gain":0,"max_hp_loss":4,"event_name":"Winding Halls","floor":38,"gold_loss":0}],"is_beta":false,"boss_relics":[{"not_picked":["Fusion Hammer","Calling Bell"],"picked":"Coffee Dripper"},{"not_picked":["Pandora\u0027s Box","Empty Cage"],"picked":"Astrolabe"}],"items_purged_floors":[27,36],"is_endless":false,"potions_floor_spawned":[4,5,11,16,21,25,28,42,44,46],"killed_by":"The Heart","ascension_level":20,"potion_discard_per_floor":[[],[],[],[],[],[],[],[],[],[],[],[],[],[],[],[],[],[],[],[],[],[],[],[],[],[],[],[],[],[],[],[],[],[],[],[],[],[],[],[],[],[],[],[],[],[],[],[],[],[],[],[],[],[],[],[]]}