{"neow_bonuses_skipped_log":["TRANSFORM_CARD","THREE_ENEMY_KILL","TWENTY_PERCENT_HP_BONUS"],"potions_obtained_entropic_brew":[[],[],[],[],[],[],["Swift Potion","FearPotion"],[],[],[],[],[],[],[],[],[],[],[],[],[],[],[],[],[],[],[],[],[],[],[],[],[],[],[],[],[],[],[],[],[],[],[],[],[],[],[],[],[],[],[],[],[],[],[],[],[],[]],"neow_costs_skipped_log":["NONE","NONE","NO_GOLD"],"gold_per_floor":[116,191,3,14,14,14,39,67,103,161,208,239,251,188,200,290,352,376,388,420,446,489,501,544,576,613,625,637,683,745,776,788,879,891,913,805,1027,1051,1120,1120,1145,1185,1209,1251,1313,1313,954,989,989,989,1014,1014,1014,545,573,573],"floor_reached":57,"playtime":12597,"items_purged":["ClearTheMind"],"score":2791,"play_id":"0f8c5892-2882-4cd0-97b5-96588ff3d75e","local_time":"20231121172612","score_breakdown":["Floors Climbed (57): 285","Enemies Slain (14): 28","Exordium Elites Killed (2): 20","City Elites Killed (2): 40","Beyond Elites Killed (2): 60","Bosses Slain (5): 750","Money Money (1685): 25","Champion (3): 75","Ascension (20): 1258","Heartbreaker: 250"],"is_ascension_mode":true,"potions_obtained_alchemize":[[],[],[],[],[],[],[],[],[],[],[],[],[],[],[],[],[],[],[],[],[],[],[],[],[],[],[],[],[],[],[],[],[],[],[],[],[],[],[],[],[],[],[],[],[],[],[],[],[],[],[],[],[],[],[],[],[]],"campfire_choices":[{"data":"FollowUp","floor":6,"key":"SMITH"},{"data":"Halt","floor":13,"key":"SMITH"},{"floor":15,"key":"REST"},{"data":"Scrawl","floor":23,"key":"SMITH"},{"floor":28,"key":"REST"},{"floor":32,"key":"REST"},{"data":"Vault","floor":40,"key":"SMITH"},{"data":"Meditate","floor":46,"key":"SMITH"},{"floor":49,"key":"RECALL"},{"data":"Prostrate","floor":53,"key":"SMITH"}],"lesson_learned_per_floor":[[],[],[],[],[],[],[],[],[],[],[],[],[],[],[],[],[],[],[],[],[],[],[],[],[],[],[],[],[],[],[],[],[],[],[],[],[],[],[],[],[],[],[],[],[],[],[],[],[],[],[],[],[],[],[],[],[]],"neow_cost":"NONE","improvable_cards":{},"seed_source_timestamp":5661620677219500,"shop_contents":[{"floor":3,"relics":["Lantern","Omamori"],"cards":["FlyingSleeves","BowlingBash","EmptyBody","ClearTheMind","BattleHymn","Good Instincts","Transmutation"],"potions":["Ancient Potion","Weak Potion"]},{"floor":36,"relics":["Orichalcum","Lee\u0027s Waffle"],"cards":["FollowUp","Consecrate","WaveOfTheHand","Wireheading+1","Finesse","Magnetism+1"],"potions":["Strength Potion","BlessingOfTheForge","BottledMiracle"]},{"floor":47,"relics":[],"cards":["Tantrum","SashWhip","PathToVictory","Impatience","Apotheosis"],"potions":["PowerPotion","Dexterity Potion","Fire Potion"]},{"floor":54,"relics":["Strange Spoon"],"cards":["FlurryOfBlows","SashWhip","ClearTheMind","Evaluate"],"potions":["Fire Potion"]}],"circlet_count":0,"master_deck":["AscendersBane","Eruption+1","Vigilance","Tantrum+1","FollowUp+1","Vault+1","Halt+1","Scrawl+1","EmptyFist+1","EmptyMind","DeusExMachina","Wireheading+1","Wish","Halt+1","ConjureBlade+1","MentalFortress+1","Prostrate+1","Wish","Meditate+1","TalkToTheHand+1","InnerPeace","Worship+1","Adaptation+1","Prostrate","InnerPeace","MentalFortress+1","Secret Technique","Panacea"],"potion_use_per_floor":[[],[],[],[],[],[],["Explosive Potion","EntropicBrew","FearPotion"],[],[],[],[],[],[],[],[],[],[],[],[],[],["Swift Potion"],["Regen Potion"],[],[],["Fire Potion"],[],[],[],[],[],[],[],[],[],[],[],[],[],[],[],[],[],[],[],[],[],[],["GamblersBrew"],[],[],["FairyPotion"],[],[],[],["AttackPotion"],["Energy Potion"],[]],"relics":["Empty Cage","Membership Card","MawBank","Whetstone","Vajra","Boot","Tiny House","Red Mask","Frozen Egg 2","Art of War","Anchor","Pandora\u0027s Box","PreservedInsect","Bottled Lightning","Strawberry","War Paint","TheAbacus","Nunchaku","Regal Pillow","Happy Flower","Bottled Tornado","Blue Candle"],"potions_floor_usage":[7,7,7,21,22,25,48,55,56],"damage_taken":[{"damage":4,"enemies":"Small Slimes","floor":1,"turns":4},{"damage":0,"enemies":"Cultist","floor":4,"turns":2},{"damage":0,"enemies":"Lagavulin","floor":7,"turns":3},{"damage":0,"enemies":"Jaw Worm","floor":8,"turns":1},{"damage":14,"enemies":"Gremlin Nob","floor":11,"turns":3},{"damage":5,"enemies":"Blue Slaver","floor":12,"turns":2},{"damage":16,"enemies":"The Guardian","floor":16,"turns":6},{"damage":0,"enemies":"Chosen","floor":18,"turns":3},{"damage":0,"enemies":"Spheric Guardian","floor":20,"turns":1},{"damage":19,"enemies":"Shelled Parasite and Fungi","floor":21,"turns":4},{"damage":0,"enemies":"Masked Bandits","floor":22,"turns":2},{"damage":18,"enemies":"Book of Stabbing","floor":24,"turns":4},{"damage":10,"enemies":"Cultist and Chosen","floor":25,"turns":5},{"damage":6,"enemies":"Slavers","floor":29,"turns":3},{"damage":9,"enemies":"Snake Plant","floor":31,"turns":4},{"damage":18,"enemies":"Champ","floor":33,"turns":8},{"damage":1,"enemies":"3 Darklings","floor":35,"turns":4},{"damage":1,"enemies":"3 Shapes","floor":39,"turns":5},{"damage":0,"enemies":"Giant Head","floor":41,"turns":4},{"damage":0,"enemies":"Transient","floor":42,"turns":7},{"damage":8,"enemies":"Spire Growth","floor":44,"turns":5},{"damage":0,"enemies":"Maw","floor":45,"turns":9},{"damage":21,"enemies":"Nemesis","floor":48,"turns":8},{"damage":6,"enemies":"Donu and Deca","floor":50,"turns":9},{"damage":32,"enemies":"Awakened One","floor":51,"turns":9},{"damage":0,"enemies":"Shield and Spear","floor":55,"turns":7},{"damage":25,"enemies":"The Heart","floor":56,"turns":9}],"green_key_taken_log":48,"seed_played":"5253603516066777749","neow_bonus_log":{"cardsObtained":[],"cardsUpgraded":[],"cardsRemoved":[],"cardsTransformed":[],"relicsObtained":["Empty Cage"],"maxHpGained":0,"goldGained":0,"damageTaken":0,"goldLost":0,"maxHpLost":0},"potions_obtained":[{"floor":1,"key":"EntropicBrew"},{"floor":12,"key":"Fire Potion"},{"floor":21,"key":"Regen Potion"},{"floor":31,"key":"FairyPotion"},{"floor":35,"key":"GamblersBrew"}],"is_trial":false,"path_per_floor":["M","?","$","M","?","R","E","M","T","T","E","M","R","?","R","B",null,"M","?","M","M","?","R","E","M","T","?","R","E","?","M","R","B",null,"M","$","?","T","M","R","E","M","T","M","M","R","$","E","R","B","B",null,"R","$","E","B",null],"character_chosen":"WATCHER","basemod:card_modifiers":[null,null,null,null,null,null,null,null,null,null,null,null,null,null,null,null,null,null,null,null,null,null,null,null,null,null,null,null],"items_purchased":["Membership Card","Explosive Potion","PreservedInsect","Meditate","Adaptation+1","War Paint","TheAbacus","Nunchaku","Prostrate","MentalFortress+1","Happy Flower","AttackPotion","Energy Potion","Secret Technique","Bottled Tornado","Panacea"],"campfire_rested":3,"item_purchase_floors":[3,3,36,36,47,47,47,47,47,54,54,54,54,54,54,54],"current_hp_per_floor":[57,46,46,46,46,46,46,46,46,46,32,27,27,27,47,31,64,64,43,43,24,29,29,11,1,1,1,24,18,18,9,32,14,62,61,61,61,61,60,60,60,60,67,59,59,59,59,38,38,32,25,70,70,70,70,45],"gold":573,"neow_bonus":"BOSS_RELIC","is_prod":false,"is_daily":false,"rewards_skipped":[{"floor":17,"relics":[],"potions":["DistilledChaos"]},{"floor":18,"relics":[],"potions":["SkillPotion"]},{"floor":20,"relics":[],"potions":["BlessingOfTheForge"]},{"floor":41,"relics":[],"potions":["Fire Potion"]},{"floor":42,"relics":[],"potions":["Dexterity Potion"]},{"floor":44,"relics":[],"potions":["EssenceOfSteel"]}],"chose_seed":false,"campfire_upgraded":6,"win_rate":0,"floor_exit_playtime":[67,69,82,113,121,126,169,201,205,207,244,263,274,285,380,440,483,509,512,523,570,9496,9502,9577,9659,9661,9719,9722,9796,9804,9886,9892,10073,10094,10162,10241,10244,10247,10361,10374,10479,10642,10644,10769,10961,10968,11039,11307,11457,11746,12038,12055,12067,12124,12281,12597],"timestamp":1700605572,"blue_key_relic_skipped_log":{"floor":38,"relicID":"Juzu Bracelet"},"path_taken":["M","?","$","M","?","R","E","?","T","?","E","M","R","?","R","BOSS","M","?","M","M","?","R","E","M","T","?","R","E","?","M","R","BOSS","M","?","?","?","?","R","E","M","T","M","M","R","$","E","R","BOSS","BOSS","R","$","E","BOSS"],"build_version":"2022-12-18","purchased_purges":1,"victory":true,"max_hp_per_floor":[68,68,68,68,68,68,68,68,68,68,68,68,68,68,68,68,73,73,78,78,78,78,78,78,78,78,78,78,78,78,78,78,78,78,78,78,78,78,78,78,78,78,85,85,85,85,85,85,85,85,85,85,85,85,85,85],"relic_stats":{"Regal Pillow":0,"Happy Flower":[5],"counters":[27,131],"Blue Candle":[0],"PreservedInsect":257,"Whetstone":["Eruption","Strike_P"],"War Paint":["Halt","ConjureBlade"],"Bottled Tornado":"MentalFortress","MawBank":348,"Boot":[183],"Nunchaku":[7],"TheAbacus":[108],"Pandora\u0027s Box":["Halt","ConjureBlade","MentalFortress","Prostrate","Wish"],"Art of War":[19],"Membership Card":968,"Bottled Lightning":"Scrawl","obtain_stats":[{"Regal Pillow":48,"Tiny House":17,"Happy Flower":54,"Blue Candle":55,"Vajra":10,"PreservedInsect":36,"Whetstone":9,"Frozen Egg 2":24,"War Paint":47,"Bottled Tornado":54,"Empty Cage":0,"MawBank":7,"Boot":11,"Anchor":29,"Nunchaku":47,"TheAbacus":47,"Strawberry":43,"Pandora\u0027s Box":34,"Red Mask":22,"Art of War":26,"Membership Card":3,"Bottled Lightning":41,"PureWater":0},{"Regal Pillow":23,"Tiny House":7,"Happy Flower":25,"Blue Candle":26,"Vajra":4,"PreservedInsect":17,"Whetstone":4,"Frozen Egg 2":12,"War Paint":22,"Bottled Tornado":25,"Empty Cage":0,"MawBank":3,"Boot":5,"Anchor":14,"Nunchaku":22,"TheAbacus":22,"Strawberry":20,"Pandora\u0027s Box":16,"Red Mask":11,"Art of War":13,"Membership Card":1,"Bottled Lightning":19,"PureWater":0},{"Regal Pillow":97,"Tiny House":21,"Happy Flower":115,"Blue Candle":122,"Vajra":10,"PreservedInsect":59,"Whetstone":10,"Frozen Egg 2":35,"War Paint":89,"Bottled Tornado":115,"Empty Cage":0,"MawBank":9,"Boot":13,"Anchor":43,"Nunchaku":89,"TheAbacus":89,"Strawberry":75,"Pandora\u0027s Box":55,"Red Mask":31,"Art of War":40,"Membership Card":4,"Bottled Lightning":68,"PureWater":0}]},"card_choices":[{"not_picked":["WreathOfFlame","PathToVictory"],"picked":"Tantrum","floor":1},{"not_picked":["CrushJoints","Wireheading"],"picked":"FollowUp","floor":4},{"not_picked":["Collect","Prostrate"],"picked":"Vault","floor":7},{"not_picked":["Vengeance","FlyingSleeves","Fasting2"],"picked":"SKIP","floor":8},{"not_picked":["Worship","LikeWater"],"picked":"Halt","floor":11},{"not_picked":["CutThroughFate","WreathOfFlame"],"picked":"ClearTheMind","floor":12},{"not_picked":["Alpha","SpiritShield"],"picked":"Scrawl","floor":16},{"not_picked":["PathToVictory","CrushJoints"],"picked":"EmptyFist+1","floor":18},{"not_picked":["Consecrate+1","CarveReality+1"],"picked":"EmptyMind","floor":20},{"not_picked":["JustLucky","ReachHeaven","CrushJoints"],"picked":"SKIP","floor":21},{"not_picked":["CrushJoints","SashWhip","ForeignInfluence"],"picked":"SKIP","floor":22},{"not_picked":["WheelKick","SashWhip","JustLucky"],"picked":"SKIP","floor":24},{"not_picked":["Prostrate","Protect+1","EmptyMind"],"picked":"SKIP","floor":25},{"not_picked":["JustLucky","Consecrate","SandsOfTime","WaveOfTheHand","BowlingBash","Perseverance","WindmillStrike","FollowUp","DevaForm+1","Protect","Collect","Halt","CrushJoints","CutThroughFate","Crescendo","Omniscience","ForeignInfluence","FlyingSleeves","Study+1"],"picked":"DeusExMachina","floor":27},{"not_picked":["Protect","Tantrum"],"picked":"Wireheading+1","floor":29},{"not_picked":["EmptyFist","Sanctity"],"picked":"Wish","floor":31},{"not_picked":["Devotion+1","Establishment+1","Ragnarok"],"picked":"SKIP","floor":33},{"not_picked":["Halt","Nirvana+1","Conclude+1"],"picked":"SKIP","floor":35},{"not_picked":["FlurryOfBlows+1","Worship","ThirdEye"],"picked":"SKIP","floor":39},{"not_picked":["WheelKick+1","FollowUp"],"picked":"TalkToTheHand+1","floor":41},{"not_picked":["Consecrate","CrushJoints","FlurryOfBlows+1"],"picked":"SKIP","floor":42},{"not_picked":["Halt","ClearTheMind"],"picked":"InnerPeace","floor":44},{"not_picked":["EmptyMind","LessonLearned"],"picked":"Worship+1","floor":45},{"not_picked":["Prostrate+1","Wallop"],"picked":"InnerPeace","floor":48},{"not_picked":["Crescendo","JustLucky+1","PathToVictory+1"],"picked":"SKIP","floor":55}],"player_experience":2297684,"relics_obtained":[{"floor":7,"key":"MawBank"},{"floor":9,"key":"Whetstone"},{"floor":10,"key":"Vajra"},{"floor":11,"key":"Boot"},{"floor":22,"key":"Red Mask"},{"floor":24,"key":"Frozen Egg 2"},{"floor":26,"key":"Art of War"},{"floor":29,"key":"Anchor"},{"floor":41,"key":"Bottled Lightning"},{"floor":43,"key":"Strawberry"},{"floor":48,"key":"Regal Pillow"},{"floor":55,"key":"Blue Candle"}],"event_choices":[{"damage_healed":0,"gold_gain":75,"player_choice":"Gather Gold","damage_taken":11,"max_hp_gain":0,"max_hp_loss":0,"event_name":"World of Goop","floor":2,"gold_loss":0},{"damage_healed":0,"gold_gain":0,"player_choice":"Forge","damage_taken":0,"max_hp_gain":0,"max_hp_loss":0,"event_name":"Accursed Blacksmith","floor":5,"gold_loss":0,"cards_upgraded":["Tantrum"]},{"cards_removed":["Strike_P"],"damage_healed":0,"gold_gain":0,"player_choice":"Card Removal","damage_taken":0,"max_hp_gain":0,"max_hp_loss":0,"event_name":"The Cleric","floor":14,"gold_loss":75},{"damage_healed":0,"gold_gain":0,"player_choice":"Shed Blood","damage_taken":26,"max_hp_gain":5,"max_hp_loss":0,"event_name":"Forgotten Altar","floor":19,"gold_loss":0},{"damage_healed":0,"gold_gain":0,"player_choice":"Fought Bandits","damage_taken":0,"max_hp_gain":0,"max_hp_loss":0,"event_name":"Masked Bandits","floor":22,"gold_loss":0},{"damage_healed":0,"gold_gain":0,"player_choice":"Read","damage_taken":0,"max_hp_gain":0,"max_hp_loss":0,"event_name":"The Library","floor":27,"gold_loss":0,"cards_obtained":["DeusExMachina"]},{"damage_healed":0,"gold_gain":50,"player_choice":"Pray","damage_taken":0,"max_hp_gain":0,"max_hp_loss":0,"event_name":"Golden Shrine","floor":30,"gold_loss":0},{"damage_healed":0,"gold_gain":222,"player_choice":"Wore Mask","damage_taken":0,"max_hp_gain":0,"max_hp_loss":0,"event_name":"Tomb of Lord Red Mask","floor":37,"gold_loss":0}],"is_beta":false,"boss_relics":[{"not_picked":["Busted Crown","Calling Bell"],"picked":"Tiny House"},{"not_picked":["Velvet Choker","Runic Dome"],"picked":"Pandora\u0027s Box"}],"items_purged_floors":[47],"is_endless":false,"potions_floor_spawned":[1,12,18,20,21,31,35,41,42,44],"ascension_level":20,"potion_discard_per_floor":[[],[],[],[],[],[],[],[],[],[],[],[],[],[],[],[],[],[],[],[],[],[],[],[],[],[],[],[],[],[],[],[],[],[],[],[],[],[],[],[],[],[],[],[],[],[],[],[],[],[],[],[],[],[],[],[],[]]}