{"neow_bonuses_skipped_log":["UPGRADE_CARD","THREE_ENEMY_KILL","BOSS_RELIC"],"neow_costs_skipped_log":["NONE","NONE","NONE"],"potions_obtained_entropic_brew":[[],[],[],[],[],[],[],[],[],[],[],[],[],[],[],[],[],[],[],[],[],[],[],[],[],[],[],[],[],[],[],[],[],[],[],[],[],[],[],[],[],[],[],[],[],[],[]],"gold_per_floor":[365,377,46,57,75,75,100,100,151,176,226,239,253,285,285,359,359,369,386,400,420,132,132,167,167,192,192,192,224,153,78,78,150,150,170,188,188,213,230,281,281,312,312,312,340,352,352],"floor_reached":47,"playtime":2160,"items_purged":["Defend_P","Strike_P","Strike_P"],"score":1421,"play_id":"c4450160-215d-4833-b283-4dc95dd72acf","local_time":"20231122210159","falling_options_log":["Eruption+1","Adaptation+1"],"score_breakdown":["Floors Climbed (47): 235","Enemies Slain (14): 28","Exordium Elites Killed (3): 30","City Elites Killed (2): 40","Beyond Elites Killed (3): 90","Bosses Slain (2): 150","Money Money (1078): 25","Champion (2): 50","Perfect (1): 50","Overkill: 25","Ascension (20): 698"],"is_ascension_mode":true,"potions_obtained_alchemize":[[],[],[],[],[],[],[],[],[],[],[],[],[],[],[],[],[],[],[],[],[],[],[],[],[],[],[],[],[],[],[],[],[],[],[],[],[],[],[],[],[],[],[],[],[],[],[]],"campfire_choices":[{"data":"Eruption","floor":6.0,"key":"SMITH"},{"floor":8.0,"key":"REST"},{"data":"Fasting2","floor":15.0,"key":"SMITH"},{"data":"Adaptation","floor":23.0,"key":"SMITH"},{"data":"CrushJoints","floor":25.0,"key":"SMITH"},{"data":"Adaptation","floor":27.0,"key":"SMITH"},{"floor":32.0,"key":"REST"},{"floor":41,"key":"REST"},{"floor":44,"key":"REST"}],"lesson_learned_per_floor":[[],[],[],[],[],[],[],[],[],[],[],[],[],[],[],[],[],[],[],[],[],[],[],[],[],[],[],[],[],[],[],[],[],[],[],[],[],[],[],[],[],[],[],[],[],[],[]],"neow_cost":"TEN_PERCENT_HP_LOSS","improvable_cards":{},"seed_source_timestamp":5771421186614700,"shop_contents":[{"floor":3,"relics":["Orichalcum","StoneCalendar"],"cards":["WheelKick","FlyingSleeves","Halt","ClearTheMind","Discovery","Violence"],"potions":["Explosive Potion","Block Potion","LiquidMemories"]},{"floor":22,"relics":["Pantograph","Kunai"],"cards":["SignatureMove","FlurryOfBlows","Evaluate","DeceiveReality","Jack Of All Trades","HandOfGreed"],"potions":["BottledMiracle","SpeedPotion"]},{"floor":30,"relics":["Bronze Scales","Damaru","Frozen Eye"],"cards":["CutThroughFate","JustLucky","PathToVictory","Evaluate","BattleHymn","Dramatic Entrance","Sadistic Nature"],"potions":["SkillPotion","BlessingOfTheForge","SkillPotion"]}],"circlet_count":0,"master_deck":["AscendersBane","Defend_P","Eruption+1","Vigilance","CrushJoints+1","BowlingBash","Fasting2+1","Vengeance","CutThroughFate+1","JustLucky+1","TalkToTheHand+1","ForeignInfluence+1","Adaptation+1","Adaptation+1","EmptyBody","FearNoEvil"],"special_seed":0,"potion_use_per_floor":[[],[],[],[],[],[],[],[],[],["BlessingOfTheForge"],[],[],[],["DistilledChaos"],[],[],[],[],["LiquidBronze"],["GamblersBrew"],[],[],[],[],[],[],[],[],["Swift Potion"],[],[],[],["FearPotion"],[],[],[],[],["Swift Potion"],[],[],[],[],[],[],[],[],["AttackPotion"]],"relics":["PureWater","OrangePellets","Sundial","Art of War","Oddly Smooth Stone","PreservedInsect","Empty Cage","Membership Card","Smiling Mask","Vajra","The Courier","Runic Dome","Du-Vu Doll","Darkstone Periapt","Toy Ornithopter","Whetstone"],"potions_floor_usage":[33,38,47],"damage_taken":[{"damage":2.0,"enemies":"Jaw Worm","floor":1.0,"turns":7.0},{"damage":2.0,"enemies":"Cultist","floor":2.0,"turns":4.0},{"damage":0.0,"enemies":"Small Slimes","floor":4.0,"turns":2.0},{"damage":2.0,"enemies":"Blue Slaver","floor":5.0,"turns":5.0},{"damage":24.0,"enemies":"3 Sentries","floor":7.0,"turns":6.0},{"damage":0.0,"enemies":"Gremlin Nob","floor":10.0,"turns":2.0},{"damage":4.0,"enemies":"3 Louse","floor":12.0,"turns":3.0},{"damage":4.0,"enemies":"Looter","floor":13.0,"turns":4.0},{"damage":1.0,"enemies":"3 Sentries","floor":14.0,"turns":3.0},{"damage":0.0,"enemies":"Slime Boss","floor":16.0,"turns":4.0},{"damage":0.0,"enemies":"Chosen","floor":18.0,"turns":3.0},{"damage":3.0,"enemies":"3 Byrds","floor":19.0,"turns":4.0},{"damage":8.0,"enemies":"Snake Plant","floor":20.0,"turns":2.0},{"damage":0.0,"enemies":"Cultist and Chosen","floor":21.0,"turns":3.0},{"damage":11.0,"enemies":"Gremlin Leader","floor":24.0,"turns":4.0},{"damage":8.0,"enemies":"Book of Stabbing","floor":29.0,"turns":3.0},{"damage":22,"enemies":"Collector","floor":33,"turns":5},{"damage":0,"enemies":"Orb Walker","floor":35,"turns":2},{"damage":9,"enemies":"3 Shapes","floor":36,"turns":5},{"damage":0,"enemies":"Mind Bloom Boss Battle","floor":38,"turns":3},{"damage":11,"enemies":"Sphere and 2 Shapes","floor":39,"turns":3},{"damage":8,"enemies":"Nemesis","floor":40,"turns":3},{"damage":0,"enemies":"Giant Head","floor":42,"turns":3},{"damage":48,"enemies":"Nemesis","floor":45,"turns":5},{"damage":10,"enemies":"Spire Growth","floor":46,"turns":3},{"damage":9,"enemies":"3 Darklings","floor":47,"turns":1}],"green_key_taken_log":29,"seed_played":"-2324061309708614595","neow_bonus_log":{"cardsObtained":[],"cardsUpgraded":[],"cardsRemoved":[],"cardsTransformed":[],"relicsObtained":[],"maxHpGained":0,"goldGained":250,"damageTaken":0,"goldLost":0,"maxHpLost":6},"potions_obtained":[{"floor":1.0,"key":"FearPotion"},{"floor":4.0,"key":"BlessingOfTheForge"},{"floor":10.0,"key":"DistilledChaos"},{"floor":16.0,"key":"Regen Potion"},{"floor":18.0,"key":"LiquidBronze"},{"floor":19.0,"key":"GamblersBrew"},{"floor":29.0,"key":"Swift Potion"},{"floor":33,"key":"Strength Potion"},{"floor":35,"key":"CultistPotion"},{"floor":45,"key":"Dexterity Potion"},{"floor":46,"key":"AttackPotion"}],"is_trial":false,"path_per_floor":["M","M","$","M","M","R","E","R","T","E","?","M","M","E","R","B",null,"M","M","M","M","$","R","E","R","T","R","?","E","$","?","R","B",null,"M","M","?","?","M","E","R","E","T","R","E","M","M"],"character_chosen":"WATCHER","basemod:card_modifiers":[null,null,null,null,null,null,null,null,null,null,null,null,null,null,null,null],"items_purchased":["OrangePellets","Fasting2","Membership Card","Adaptation","Swift Potion","EmptyBody"],"campfire_rested":4,"item_purchase_floors":[3,3,22,22,22,30],"current_hp_per_floor":[59,57,57,57,55,55,31,49,49,49,43,39,35,34,34,34,55,55,52,44,44,44,44,33,33,33,33,33,25,25,25,43,21,52,52,43,43,43,32,24,42,42,42,60,12,2,0],"gold":352,"neow_bonus":"TWO_FIFTY_GOLD","is_prod":false,"is_daily":false,"rewards_skipped":[{"floor":13,"relics":[],"potions":["Weak Potion"]}],"chose_seed":false,"campfire_upgraded":5,"win_rate":0,"floor_exit_playtime":[71,131,205,229,285,306,400,412,415,458,461,518,574,634,640,698,738,809,909,965,1026,1051,1056,1121,1169,1173,1203,1215,1279,1366,1375,1381,1526,1550,1600,1693,1703,1784,1865,1915,1918,1974,1976,1989,2076,2134],"timestamp":1700704919,"blue_key_relic_skipped_log":{"floor":43,"relicID":"Ginger"},"path_taken":["M","M","$","M","M","R","E","R","T","E","?","M","M","E","R","BOSS","M","M","M","?","?","R","E","R","T","R","?","E","$","?","R","BOSS","M","M","?","?","M","E","R","E","T","R","E","M","M"],"build_version":"2022-12-18","purchased_purges":3,"victory":false,"max_hp_per_floor":[62,62,62,62,62,62,62,62,62,62,62,62,62,62,62,62,62,62,62,62,62,62,62,62,62,62,62,62,62,62,62,62,62,62,62,62,62,62,62,62,62,62,62,62,62,62,62],"relic_stats":{"Darkstone Periapt":0,"counters":[26,92],"PreservedInsect":324,"The Courier":212,"Whetstone":["JustLucky","CutThroughFate"],"Smiling Mask":13,"OrangePellets":[22],"Sundial":[20],"Art of War":[3],"Membership Card":212,"PureWater":[22],"obtain_stats":[{"Darkstone Periapt":40,"Oddly Smooth Stone":10,"Vajra":26,"PreservedInsect":14,"The Courier":29,"Whetstone":45,"Empty Cage":17,"Smiling Mask":24,"Du-Vu Doll":38,"OrangePellets":3,"Runic Dome":34,"Sundial":7,"Art of War":9,"Membership Card":22,"PureWater":0,"Toy Ornithopter":42},{"Darkstone Periapt":22,"Oddly Smooth Stone":6,"Vajra":15,"PreservedInsect":9,"The Courier":16,"Whetstone":24,"Empty Cage":10,"Smiling Mask":15,"Du-Vu Doll":20,"OrangePellets":2,"Runic Dome":17,"Sundial":5,"Art of War":5,"Membership Card":14,"PureWater":0,"Toy Ornithopter":23},{"Darkstone Periapt":80,"Oddly Smooth Stone":26,"Vajra":56,"PreservedInsect":36,"The Courier":59,"Whetstone":88,"Empty Cage":40,"Smiling Mask":56,"Du-Vu Doll":74,"OrangePellets":11,"Runic Dome":64,"Sundial":24,"Art of War":24,"Membership Card":52,"PureWater":0,"Toy Ornithopter":83}],"Toy Ornithopter":5},"card_choices":[{"not_picked":["ThirdEye","Protect"],"picked":"CrushJoints","floor":1.0},{"not_picked":["WaveOfTheHand","FlyingSleeves"],"picked":"BowlingBash","floor":2.0},{"not_picked":["Halt","ClearTheMind"],"picked":"Vengeance","floor":4.0},{"not_picked":["EmptyBody","Prostrate","BowlingBash"],"picked":"SKIP","floor":5.0},{"not_picked":["Indignation","ReachHeaven","WheelKick"],"picked":"SKIP","floor":7.0},{"not_picked":["FollowUp","TalkToTheHand"],"picked":"CutThroughFate","floor":10.0},{"not_picked":["Study","Weave","ConjureBlade"],"picked":"SKIP","floor":12.0},{"not_picked":["Prostrate","CarveReality","ClearTheMind"],"picked":"SKIP","floor":13.0},{"not_picked":["SashWhip","WindmillStrike"],"picked":"JustLucky","floor":14.0},{"not_picked":["SpiritShield","Ragnarok","Blasphemy"],"picked":"SKIP","floor":16.0},{"not_picked":["SandsOfTime","JustLucky","Study"],"picked":"SKIP","floor":18.0},{"not_picked":["FollowUp","ReachHeaven","Collect+1"],"picked":"SKIP","floor":19.0},{"not_picked":["Consecrate","Study"],"picked":"TalkToTheHand+1","floor":20.0},{"not_picked":["JustLucky","Wallop"],"picked":"ForeignInfluence+1","floor":21.0},{"not_picked":["JustLucky","TalkToTheHand"],"picked":"Adaptation","floor":24.0},{"not_picked":["DevaForm","Swivel","FollowUp"],"picked":"SKIP","floor":29.0},{"not_picked":["Wish","Blasphemy","Establishment"],"picked":"SKIP","floor":33},{"not_picked":["FollowUp","ThirdEye"],"picked":"Prostrate+1","floor":35},{"not_picked":["EmptyFist","FlurryOfBlows","FlyingSleeves+1"],"picked":"SKIP","floor":36},{"not_picked":["Ragnarok","WindmillStrike","FlurryOfBlows"],"picked":"SKIP","floor":38},{"not_picked":["BowlingBash","Prostrate"],"picked":"FearNoEvil","floor":39},{"not_picked":["SashWhip","ReachHeaven+1","BowlingBash"],"picked":"SKIP","floor":40},{"not_picked":["LikeWater","EmptyBody","ClearTheMind"],"picked":"SKIP","floor":42},{"not_picked":["FlurryOfBlows","Vengeance","Weave+1"],"picked":"SKIP","floor":45},{"not_picked":["PathToVictory","FlyingSleeves","EmptyBody"],"picked":"SKIP","floor":46}],"player_experience":2323529,"relics_obtained":[{"floor":7.0,"key":"Sundial"},{"floor":9.0,"key":"Art of War"},{"floor":10.0,"key":"Oddly Smooth Stone"},{"floor":14.0,"key":"PreservedInsect"},{"floor":24.0,"key":"Smiling Mask"},{"floor":26.0,"key":"Vajra"},{"floor":29.0,"key":"The Courier"},{"floor":38,"key":"Du-Vu Doll"},{"floor":40,"key":"Darkstone Periapt"},{"floor":42,"key":"Toy Ornithopter"},{"floor":45,"key":"Whetstone"}],"event_choices":[{"damage_healed":0.0,"max_hp_gain":0.0,"max_hp_loss":0.0,"gold_gain":50.0,"event_name":"FaceTrader","player_choice":"Touch","floor":11.0,"gold_loss":0.0,"damage_taken":6.0},{"cards_removed":["Strike_P"],"damage_healed":0.0,"max_hp_gain":0.0,"max_hp_loss":0.0,"gold_gain":0.0,"event_name":"Back to Basics","player_choice":"Elegance","floor":28.0,"gold_loss":0.0,"damage_taken":0.0},{"cards_removed":["Defend_P"],"damage_healed":0.0,"max_hp_gain":0.0,"max_hp_loss":0.0,"gold_gain":0.0,"event_name":"Beggar","player_choice":"Gave Gold","floor":31.0,"gold_loss":75.0,"damage_taken":0.0},{"cards_removed":["Prostrate"],"damage_healed":0,"gold_gain":0,"player_choice":"Removed Skill","damage_taken":0,"max_hp_gain":0,"max_hp_loss":0,"event_name":"Falling","floor":37,"gold_loss":0},{"damage_healed":0,"gold_gain":0,"player_choice":"Fight","damage_taken":0,"max_hp_gain":0,"max_hp_loss":0,"event_name":"MindBloom","floor":38,"gold_loss":0}],"is_beta":false,"boss_relics":[{"not_picked":["Sozu","Fusion Hammer"],"picked":"Empty Cage"},{"not_picked":["SacredBark","Velvet Choker"],"picked":"Runic Dome"}],"items_purged_floors":[3,22,30],"is_endless":false,"potions_floor_spawned":[1,4,10,13,16,18,19,29,33,35,45,46],"killed_by":"3 Darklings","ascension_level":20,"potion_discard_per_floor":[[],[],[],[],[],[],[],[],[],[],[],[],[],[],[],[],[],["Regen Potion"],[],[],[],[],[],[],[],[],[],[],[],[],[],[],[],[],["Strength Potion"],[],[],[],[],[],[],[],[],[],[],["Dexterity Potion"],[]]}