{"neow_bonuses_skipped_log":["THREE_ENEMY_KILL","ONE_RARE_RELIC","BOSS_RELIC"],"potions_obtained_entropic_brew":[[],[],[],[],[],[],[],[],[],[],[],[],[],[],[],[],[],[],[],[],[],[],[],[],[],[],[],[],[],[],[],[],[],[],[],[],[],[]],"neow_costs_skipped_log":["NONE","TEN_PERCENT_HP_LOSS","NONE"],"gold_per_floor":[114,114,133,133,158,158,191,209,209,14,29,29,29,72,72,171,171,184,18,18,36,57,57,81,81,81,115,150,186,186,233,233,329,329,354,61,61,61],"floor_reached":38,"playtime":2178,"items_purged":["Strike_P","Strike_P","Defend_P"],"score":930,"play_id":"7d125397-f76d-4443-a926-d666e43c97a1","local_time":"20231118062201","falling_options_log":["Wallop","Halt"],"score_breakdown":["Floors Climbed (38): 190","Enemies Slain (10): 20","Exordium Elites Killed (2): 20","City Elites Killed (3): 60","Beyond Elites Killed (0): 0","Bosses Slain (2): 150","Champion (1): 25","Ascension (20): 465"],"is_ascension_mode":true,"potions_obtained_alchemize":[[],[],[],[],[],[],[],[],[],[],[],[],[],[],[],[],[],[],[],[],[],[],[],[],[],[],[],[],[],[],[],[],[],[],[],[],[],[]],"campfire_choices":[{"data":"CrushJoints","floor":6,"key":"SMITH"},{"data":"CutThroughFate","floor":12,"key":"SMITH"},{"data":"Vengeance","floor":15,"key":"SMITH"},{"floor":23,"key":"REST"},{"floor":25,"key":"REST"},{"floor":30,"key":"REST"},{"data":"Discovery","floor":32,"key":"SMITH"}],"lesson_learned_per_floor":[[],[],[],[],[],[],[],[],[],[],[],[],[],[],[],[],[],[],[],[],[],[],[],[],[],[],[],[],[],[],[],[],[],[],[],[],[],["Strike_P"]],"neow_cost":"NONE","improvable_cards":{},"seed_source_timestamp":5373066943056500,"shop_contents":[{"floor":10,"relics":["StoneCalendar","Ancient Tea Set","Toxic Egg 2"],"cards":["Tantrum","FlurryOfBlows","Vault","Crescendo","BattleHymn","Mind Blast","Thinking Ahead"],"potions":["LiquidMemories","Block Potion","Strength Potion"]},{"floor":19,"relics":["Art of War","Anchor","Strange Spoon"],"cards":["FlurryOfBlows","WindmillStrike","Worship","ClearTheMind","BattleHymn","Jack Of All Trades","Secret Weapon"],"potions":["Dexterity Potion","LiquidBronze","FairyPotion"]},{"floor":36,"relics":["Letter Opener","Meat on the Bone","Gambling Chip"],"cards":["SashWhip","JustLucky","Evaluate","Protect","Adaptation","Finesse","HandOfGreed"],"potions":["Dexterity Potion","Ambrosia","SpeedPotion"]}],"circlet_count":0,"master_deck":["AscendersBane","Strike_P+1","Strike_P","Defend_P","Defend_P","Eruption","Vigilance","CutThroughFate+1","CrushJoints+1","Wallop","FollowUp","Vengeance+1","Adaptation","EmptyFist","Vault","Discovery+1","InnerPeace","Consecrate","Halt","Wallop","CutThroughFate+1","LessonLearned"],"potion_use_per_floor":[[],[],[],[],[],[],[],[],[],[],[],[],[],[],[],[],[],[],[],[],[],["PowerPotion"],[],[],[],[],[],[],["Ambrosia"],[],[],[],[],[],[],[],[],["FearPotion"]],"relics":["HolyWater","Golden Idol","InkBottle","The Courier","OrangePellets","Happy Flower","Runic Pyramid","Pear","Regal Pillow","Red Mask","Calipers","CeramicFish","ClockworkSouvenir"],"potions_floor_usage":[22,29,38],"damage_taken":[{"damage":2,"enemies":"Jaw Worm","floor":1,"turns":4},{"damage":1,"enemies":"Small Slimes","floor":3,"turns":4},{"damage":1,"enemies":"2 Louse","floor":5,"turns":3},{"damage":40,"enemies":"3 Sentries","floor":7,"turns":12},{"damage":2,"enemies":"2 Fungi Beasts","floor":8,"turns":4},{"damage":0,"enemies":"Looter","floor":11,"turns":4},{"damage":0,"enemies":"Gremlin Nob","floor":14,"turns":2},{"damage":5,"enemies":"Hexaghost","floor":16,"turns":7},{"damage":32,"enemies":"3 Byrds","floor":18,"turns":5},{"damage":8,"enemies":"Shell Parasite","floor":21,"turns":4},{"damage":0,"enemies":"3 Cultists","floor":22,"turns":3},{"damage":13,"enemies":"Cultist and Chosen","floor":24,"turns":6},{"damage":23,"enemies":"Book of Stabbing","floor":27,"turns":5},{"damage":7,"enemies":"Masked Bandits","floor":28,"turns":4},{"damage":9,"enemies":"Slavers","floor":29,"turns":4},{"damage":8,"enemies":"Gremlin Leader","floor":31,"turns":7},{"damage":40,"enemies":"Automaton","floor":33,"turns":12},{"damage":0,"enemies":"3 Shapes","floor":35,"turns":6},{"damage":87,"enemies":"2 Orb Walkers","floor":38,"turns":6}],"seed_played":"-1956938636744327928","neow_bonus_log":{"cardsObtained":[],"cardsUpgraded":[],"cardsRemoved":["Defend_P"],"cardsTransformed":[],"relicsObtained":[],"maxHpGained":0,"goldGained":0,"damageTaken":0,"goldLost":0,"maxHpLost":0},"potions_obtained":[{"floor":7,"key":"FairyPotion"},{"floor":8,"key":"Ambrosia"},{"floor":16,"key":"PowerPotion"},{"floor":24,"key":"FearPotion"}],"is_trial":false,"path_per_floor":["M","?","M","?","M","R","E","M","T","$","M","R","?","E","R","B",null,"M","$","?","M","M","R","M","R","T","E","?","E","R","E","R","B",null,"M","$","?","?"],"character_chosen":"WATCHER","basemod:card_modifiers":[null,null,null,null,null,null,null,null,null,null,null,null,null,null,null,null,null,null,null,null,null,null],"items_purchased":["OrangePellets","Discovery","ClockworkSouvenir","LessonLearned"],"campfire_rested":3,"item_purchase_floors":[10,19,36,36],"current_hp_per_floor":[59,59,58,63,62,62,22,20,20,20,20,20,20,20,20,15,54,22,22,22,14,14,34,21,41,51,28,21,12,50,42,42,2,58,58,58,58,0],"gold":61,"neow_bonus":"REMOVE_CARD","is_prod":false,"is_daily":false,"rewards_skipped":[{"floor":14,"relics":[],"potions":["FearPotion"]},{"floor":18,"relics":[],"potions":["SneckoOil"]},{"floor":27,"relics":[],"potions":["SkillPotion"]}],"chose_seed":false,"campfire_upgraded":4,"win_rate":0,"floor_exit_playtime":[54,57,100,103,132,140,281,362,365,402,477,505,508,552,563,690,715,809,835,851,955,1020,1024,1161,1172,1175,1286,1375,1503,1506,1646,1654,1910,1923,2021,2045,2055],"timestamp":1700306521,"path_taken":["M","?","M","?","M","R","E","M","T","?","M","R","?","E","R","BOSS","M","$","?","M","M","R","M","R","T","E","?","E","R","E","R","BOSS","M","$","?","?"],"build_version":"2022-12-18","purchased_purges":3,"victory":false,"max_hp_per_floor":[68,62,62,67,67,67,67,67,67,67,67,67,67,67,67,67,67,67,67,67,67,67,67,67,67,77,77,77,77,77,77,77,77,77,77,77,77,77],"relic_stats":{"OrangePellets":[2],"Regal Pillow":15,"Calipers":[20],"Happy Flower":[23],"counters":[19,102],"Golden Idol":132,"CeramicFish":27,"HolyWater":[6],"The Courier":166,"obtain_stats":[{"Regal Pillow":27,"Pear":26,"Calipers":29,"Happy Flower":14,"Golden Idol":2,"CeramicFish":31,"The Courier":9,"ClockworkSouvenir":36,"OrangePellets":10,"HolyWater":34,"Red Mask":28,"PureWater":0,"InkBottle":7,"Runic Pyramid":17},{"Regal Pillow":13,"Pear":12,"Calipers":15,"Happy Flower":7,"Golden Idol":1,"CeramicFish":16,"The Courier":5,"ClockworkSouvenir":18,"OrangePellets":5,"HolyWater":17,"Red Mask":14,"PureWater":0,"InkBottle":4,"Runic Pyramid":8},{"Regal Pillow":63,"Pear":58,"Calipers":71,"Happy Flower":33,"Golden Idol":4,"CeramicFish":78,"The Courier":27,"ClockworkSouvenir":96,"OrangePellets":27,"HolyWater":90,"Red Mask":67,"PureWater":0,"InkBottle":23,"Runic Pyramid":40}],"InkBottle":[34]},"card_choices":[{"not_picked":["BowlingBash","EmptyBody"],"picked":"CutThroughFate","floor":1},{"not_picked":["EmptyBody","Collect"],"picked":"CrushJoints","floor":3},{"not_picked":["Evaluate","SashWhip"],"picked":"Wallop","floor":5},{"not_picked":["ThirdEye","BowlingBash"],"picked":"FollowUp","floor":7},{"not_picked":["JustLucky","ReachHeaven"],"picked":"Vengeance","floor":8},{"not_picked":["FlyingSleeves","CrushJoints"],"picked":"Adaptation","floor":11},{"not_picked":["Consecrate","Establishment"],"picked":"EmptyFist","floor":14},{"not_picked":["Establishment","Brilliance"],"picked":"Vault","floor":16},{"not_picked":["PathToVictory","SashWhip","FollowUp"],"picked":"SKIP","floor":18},{"not_picked":["JustLucky","WindmillStrike","Worship","EmptyMind","Prostrate","Conclude","FlyingSleeves","Collect","Nirvana","WreathOfFlame","Meditate","CutThroughFate","EmptyBody","Sanctity","FollowUp","PathToVictory","Indignation","EmptyFist","SashWhip"],"picked":"InnerPeace","floor":20},{"not_picked":["BowlingBash","Crescendo"],"picked":"Consecrate","floor":21},{"not_picked":["JustLucky","Consecrate"],"picked":"Halt","floor":22},{"not_picked":["CrushJoints","InnerPeace","ReachHeaven+1"],"picked":"SKIP","floor":24},{"not_picked":["JustLucky","DeceiveReality"],"picked":"Wallop","floor":27},{"not_picked":["Weave","DeceiveReality","WindmillStrike"],"picked":"SKIP","floor":28},{"not_picked":["SashWhip","Weave","Devotion"],"picked":"SKIP","floor":29},{"not_picked":["BowlingBash","JustLucky"],"picked":"Adaptation","floor":31},{"not_picked":["MasterReality","Brilliance","Ragnarok"],"picked":"SKIP","floor":33},{"not_picked":["Protect","BattleHymn"],"picked":"CutThroughFate+1","floor":35}],"player_experience":2271023,"relics_obtained":[{"floor":7,"key":"InkBottle"},{"floor":9,"key":"The Courier"},{"floor":14,"key":"Happy Flower"},{"floor":26,"key":"Pear"},{"floor":27,"key":"Regal Pillow"},{"floor":28,"key":"Red Mask"},{"floor":29,"key":"Calipers"},{"floor":31,"key":"CeramicFish"}],"event_choices":[{"damage_healed":0,"gold_gain":0,"player_choice":"Lose Max HP","damage_taken":0,"relics_obtained":["Golden Idol"],"max_hp_gain":0,"max_hp_loss":6,"event_name":"Golden Idol","floor":2,"gold_loss":0},{"damage_healed":0,"gold_gain":0,"player_choice":"Donut","damage_taken":0,"max_hp_gain":5,"max_hp_loss":0,"event_name":"Big Fish","floor":4,"gold_loss":0},{"damage_healed":0,"gold_gain":0,"player_choice":"Fled","damage_taken":0,"max_hp_gain":0,"max_hp_loss":0,"event_name":"Scrap Ooze","floor":13,"gold_loss":0},{"damage_healed":0,"gold_gain":0,"player_choice":"Read","damage_taken":0,"max_hp_gain":0,"max_hp_loss":0,"event_name":"The Library","floor":20,"gold_loss":0,"cards_obtained":["InnerPeace"]},{"damage_healed":0,"gold_gain":0,"player_choice":"Fought Bandits","damage_taken":0,"max_hp_gain":0,"max_hp_loss":0,"event_name":"Masked Bandits","floor":28,"gold_loss":0},{"cards_removed":["Adaptation"],"damage_healed":0,"gold_gain":0,"player_choice":"Removed Power","damage_taken":0,"max_hp_gain":0,"max_hp_loss":0,"event_name":"Falling","floor":37,"gold_loss":0},{"damage_healed":0,"gold_gain":0,"player_choice":"Fight","damage_taken":0,"max_hp_gain":0,"max_hp_loss":0,"event_name":"Mysterious Sphere","floor":38,"gold_loss":0}],"is_beta":false,"boss_relics":[{"not_picked":["Cursed Key","Snecko Eye"],"picked":"Runic Pyramid"},{"not_picked":["Coffee Dripper","Runic Dome"],"picked":"HolyWater"}],"items_purged_floors":[10,19,36],"is_endless":false,"potions_floor_spawned":[7,8,14,16,18,24,27],"killed_by":"2 Orb Walkers","ascension_level":20,"potion_discard_per_floor":[[],[],[],[],[],[],[],[],[],[],[],[],[],[],[],["FairyPotion"],[],[],[],[],[],[],[],[],[],[],[],[],[],[],[],[],[],[],[],[],[],[]]}