{"neow_bonuses_skipped_log":["ONE_RANDOM_RARE_CARD","THREE_RARE_CARDS","BOSS_RELIC"],"potions_obtained_entropic_brew":[[],[],[],[],[],[],[],[],[],[],[],[],[],[],[],[],[],[],[],[],[],[]],"neow_costs_skipped_log":["NONE","PERCENT_DAMAGE","NONE"],"gold_per_floor":[112,112,131,149,199,199,229,229,282,292,317,329,363,373,373,450,450,466,310,324,249,249],"floor_reached":22,"playtime":972,"items_purged":["Defend_P"],"score":512,"play_id":"cc36c4ae-1a83-4509-9604-9f0fcda5913e","local_time":"20231121132939","score_breakdown":["Floors Climbed (22): 110","Enemies Slain (8): 16","Exordium Elites Killed (3): 30","City Elites Killed (0): 0","Bosses Slain (1): 50","Champion (2): 50","Ascension (20): 256"],"is_ascension_mode":true,"potions_obtained_alchemize":[[],[],[],[],[],[],[],[],[],[],[],[],[],[],[],[],[],[],[],[],[],[]],"campfire_choices":[{"data":"Eruption","floor":6,"key":"SMITH"},{"floor":8,"key":"REST"},{"floor":15,"key":"REST"}],"lesson_learned_per_floor":[[],[],[],[],[],[],[],[],[],[],[],[],[],[],[],[],[],[],[],[],[],[]],"neow_cost":"NONE","improvable_cards":{},"seed_source_timestamp":5659126588355700,"shop_contents":[{"floor":19,"relics":["Calipers","Art of War","DollysMirror"],"cards":["Consecrate","PathToVictory","Protect","Adaptation","Jack Of All Trades","The Bomb"],"potions":["Swift Potion","EssenceOfSteel"]}],"circlet_count":0,"master_deck":["AscendersBane","Strike_P","Strike_P","Strike_P","Defend_P","Eruption+1","Vigilance","Vengeance","Prostrate","BattleHymn","Consecrate","CrushJoints","Adaptation","FlurryOfBlows","Scrawl","JustLucky","Prostrate"],"potion_use_per_floor":[[],[],[],[],[],[],[],[],[],[],["Ambrosia"],[],["BlessingOfTheForge"],[],[],[],[],[],[],[],[],["Fire Potion"]],"relics":["PureWater","Damaru","Kunai","Darkstone Periapt","Nunchaku","HornCleat","MealTicket","Empty Cage"],"potions_floor_usage":[11,13,22],"damage_taken":[{"damage":2,"enemies":"Cultist","floor":1,"turns":4},{"damage":4,"enemies":"Jaw Worm","floor":3,"turns":3},{"damage":0,"enemies":"Small Slimes","floor":4,"turns":2},{"damage":46,"enemies":"Gremlin Nob","floor":7,"turns":4},{"damage":3,"enemies":"2 Fungi Beasts","floor":10,"turns":3},{"damage":0,"enemies":"3 Sentries","floor":11,"turns":3},{"damage":7,"enemies":"3 Louse","floor":12,"turns":4},{"damage":0,"enemies":"Gremlin Nob","floor":13,"turns":3},{"damage":4,"enemies":"Blue Slaver","floor":14,"turns":4},{"damage":6,"enemies":"The Guardian","floor":16,"turns":8},{"damage":27,"enemies":"3 Byrds","floor":18,"turns":5},{"damage":13,"enemies":"2 Thieves","floor":20,"turns":4},{"damage":38,"enemies":"Snake Plant","floor":22,"turns":3}],"seed_played":"-8630769590980238012","neow_bonus_log":{"cardsObtained":[],"cardsUpgraded":[],"cardsRemoved":[],"cardsTransformed":[],"relicsObtained":["Damaru"],"maxHpGained":0,"goldGained":0,"damageTaken":0,"goldLost":0,"maxHpLost":0},"potions_obtained":[{"floor":1,"key":"Ancient Potion"},{"floor":10,"key":"Ambrosia"},{"floor":12,"key":"BlessingOfTheForge"},{"floor":16,"key":"Ancient Potion"}],"is_trial":false,"path_per_floor":["M","T","M","M","?","R","E","R","T","M","E","M","E","M","R","B",null,"M","$","M","?","M"],"character_chosen":"WATCHER","basemod:card_modifiers":[null,null,null,null,null,null,null,null,null,null,null,null,null,null,null,null,null],"items_purchased":["JustLucky","Fire Potion"],"campfire_rested":2,"item_purchase_floors":[19,19],"current_hp_per_floor":[59,59,55,55,49,49,3,23,23,20,20,13,13,9,29,23,57,30,45,32,32,0],"gold":249,"neow_bonus":"RANDOM_COMMON_RELIC","is_prod":false,"is_daily":false,"rewards_skipped":[{"floor":20,"relics":[],"potions":["SteroidPotion"]}],"chose_seed":false,"campfire_upgraded":1,"win_rate":0,"floor_exit_playtime":[63,66,90,123,129,137,209,211,213,283,356,411,472,521,524,631,661,756,803,895,901],"timestamp":1700591379,"path_taken":["M","?","?","M","?","R","E","R","T","M","E","M","E","?","R","BOSS","M","$","M","?","M"],"build_version":"2022-12-18","purchased_purges":1,"victory":false,"max_hp_per_floor":[68,68,68,68,68,68,68,68,68,68,68,68,68,68,68,68,68,68,68,68,68,68],"relic_stats":{"Darkstone Periapt":0,"Nunchaku":[8],"counters":[13,50],"MealTicket":15,"Kunai":[22],"PureWater":[11],"obtain_stats":[{"Darkstone Periapt":7,"Nunchaku":9,"HornCleat":11,"Damaru":0,"MealTicket":13,"Kunai":2,"PureWater":0,"Empty Cage":17},{"Darkstone Periapt":4,"Nunchaku":4,"HornCleat":6,"Damaru":0,"MealTicket":8,"Kunai":1,"PureWater":0,"Empty Cage":10},{"Darkstone Periapt":13,"Nunchaku":13,"HornCleat":19,"Damaru":0,"MealTicket":26,"Kunai":4,"PureWater":0,"Empty Cage":38}]},"card_choices":[{"not_picked":["JustLucky","ThirdEye"],"picked":"Vengeance","floor":1},{"not_picked":["BowlingBash","PathToVictory"],"picked":"Prostrate","floor":3},{"not_picked":["Meditate","LikeWater"],"picked":"BattleHymn","floor":4},{"not_picked":["MentalFortress","FollowUp"],"picked":"Consecrate","floor":7},{"not_picked":["Indignation","SashWhip"],"picked":"CrushJoints","floor":10},{"not_picked":["CutThroughFate","InnerPeace"],"picked":"Adaptation","floor":11},{"not_picked":["Swivel","SpiritShield","PathToVictory"],"picked":"SKIP","floor":12},{"not_picked":["Indignation","Wish","Wireheading"],"picked":"SKIP","floor":13},{"not_picked":["TalkToTheHand","SignatureMove"],"picked":"FlurryOfBlows","floor":14},{"not_picked":["SpiritShield","Judgement"],"picked":"Scrawl","floor":16},{"not_picked":["CrushJoints","Crescendo","FlurryOfBlows"],"picked":"SKIP","floor":18},{"not_picked":["Sanctity+1","Pray"],"picked":"Prostrate","floor":20}],"player_experience":2296712,"relics_obtained":[{"floor":2,"key":"Kunai"},{"floor":7,"key":"Darkstone Periapt"},{"floor":9,"key":"Nunchaku"},{"floor":11,"key":"HornCleat"},{"floor":13,"key":"MealTicket"}],"event_choices":[{"damage_healed":0,"gold_gain":50,"player_choice":"Touch","damage_taken":6,"max_hp_gain":0,"max_hp_loss":0,"event_name":"FaceTrader","floor":5,"gold_loss":0},{"cards_removed":["Defend_P"],"damage_healed":0,"gold_gain":0,"player_choice":"Gave Gold","damage_taken":0,"max_hp_gain":0,"max_hp_loss":0,"event_name":"Beggar","floor":21,"gold_loss":75}],"is_beta":false,"boss_relics":[{"not_picked":["Runic Dome","Snecko Eye"],"picked":"Empty Cage"}],"items_purged_floors":[19],"is_endless":false,"potions_floor_spawned":[1,10,12,16,20],"killed_by":"Snake Plant","ascension_level":20,"potion_discard_per_floor":[[],[],[],[],[],[],[],[],[],[],[],[],[],[],[],[],[],[],["Ancient Potion"],[],[],[]]}