{"neow_bonuses_skipped_log":["ONE_RANDOM_RARE_CARD","TEN_PERCENT_HP_BONUS","BOSS_RELIC"],"potions_obtained_entropic_brew":[[],[],[],[],[],[],[],[],[],[],[],[],[],[],[],[],[],[],[],[],[],[],[],[],[],[],[],[],[],[],[]],"neow_costs_skipped_log":["NONE","NONE","NONE"],"gold_per_floor":[114,39,39,52,72,101,101,118,142,168,168,203,220,236,236,307,307,319,319,319,319,190,221,231,231,255,279,302,343,368,380],"floor_reached":31,"playtime":1797,"items_purged":["Defend_P+1"],"score":744,"play_id":"1b070bfa-d0c0-4ab2-bb5c-8ae53615831a","local_time":"20231121175632","score_breakdown":["Floors Climbed (31): 155","Enemies Slain (11): 22","Exordium Elites Killed (3): 30","City Elites Killed (2): 40","Bosses Slain (1): 50","Champion (1): 25","Perfect (1): 50","Ascension (20): 372"],"is_ascension_mode":true,"potions_obtained_alchemize":[[],[],[],[],[],[],[],[],[],[],[],[],[],[],[],[],[],[],[],[],[],[],[],[],[],[],[],[],[],[],[]],"campfire_choices":[{"data":"Eruption","floor":7,"key":"SMITH"},{"data":"ThirdEye","floor":15,"key":"SMITH"},{"data":"Meditate","floor":25,"key":"SMITH"}],"lesson_learned_per_floor":[[],[],[],[],[],[],[],[],[],[],[],[],[],[],[],[],[],[],[],[],[],[],[],[],[],[],[],[],[],[],[]],"neow_cost":"TEN_PERCENT_HP_LOSS","improvable_cards":{},"seed_source_timestamp":5674315370203200,"shop_contents":[{"floor":22,"relics":["Ice Cream","StoneCalendar","Frozen Eye"],"cards":["FollowUp","CutThroughFate","ClearTheMind","WreathOfFlame","Nirvana","Enlightenment","The Bomb"],"potions":["ColorlessPotion","PowerPotion"]}],"circlet_count":0,"master_deck":["AscendersBane","Strike_P+1","Defend_P+1","Eruption+1","Vigilance","Brilliance+1","BowlingBash","InnerPeace","ThirdEye+1","CrushJoints","EmptyMind","SandsOfTime","Establishment","Vault","Protect","WreathOfFlame","Vengeance","Meditate+1","MentalFortress"],"potion_use_per_floor":[[],[],[],[],[],["SneckoOil"],[],[],[],[],[],[],["Dexterity Potion"],[],[],["Regen Potion"],[],[],[],[],[],[],["Fire Potion"],["Energy Potion"],[],[],[],[],[],[],["FairyPotion","SteroidPotion"]],"relics":["PureWater","Dream Catcher","Nunchaku","Blood Vial","Oddly Smooth Stone","Empty Cage","Mango","MawBank","Tiny Chest"],"potions_floor_usage":[6,13,16,23,24,31],"damage_taken":[{"damage":6,"enemies":"2 Louse","floor":1,"turns":2},{"damage":1,"enemies":"Cultist","floor":4,"turns":3},{"damage":0,"enemies":"Jaw Worm","floor":5,"turns":2},{"damage":20,"enemies":"Lagavulin","floor":6,"turns":4},{"damage":0,"enemies":"3 Louse","floor":8,"turns":2},{"damage":8,"enemies":"Gremlin Nob","floor":10,"turns":3},{"damage":23,"enemies":"Lagavulin","floor":12,"turns":6},{"damage":0,"enemies":"Large Slime","floor":13,"turns":2},{"damage":0,"enemies":"2 Fungi Beasts","floor":14,"turns":2},{"damage":0,"enemies":"Slime Boss","floor":16,"turns":5},{"damage":16,"enemies":"Shell Parasite","floor":18,"turns":6},{"damage":0,"enemies":"Gremlin Leader","floor":23,"turns":5},{"damage":2,"enemies":"3 Byrds","floor":24,"turns":6},{"damage":18,"enemies":"Centurion and Healer","floor":27,"turns":6},{"damage":3,"enemies":"Sentry and Sphere","floor":28,"turns":4},{"damage":16,"enemies":"Book of Stabbing","floor":29,"turns":5},{"damage":0,"enemies":"3 Cultists","floor":30,"turns":5},{"damage":62,"enemies":"Slavers","floor":31,"turns":4}],"seed_played":"6476224753291535370","neow_bonus_log":{"cardsObtained":[],"cardsUpgraded":[],"cardsRemoved":[],"cardsTransformed":[],"relicsObtained":[],"maxHpGained":0,"goldGained":0,"damageTaken":0,"goldLost":0,"maxHpLost":6},"potions_obtained":[{"floor":5,"key":"SneckoOil"},{"floor":6,"key":"FairyPotion"},{"floor":10,"key":"Dexterity Potion"},{"floor":14,"key":"Regen Potion"},{"floor":23,"key":"Energy Potion"},{"floor":28,"key":"SteroidPotion"}],"is_trial":false,"path_per_floor":["M","?","?","M","M","E","R","M","T","E","?","E","M","M","R","B",null,"M","?","?","?","$","E","M","R","T","M","M","E","M","E"],"character_chosen":"WATCHER","basemod:card_modifiers":[null,null,null,null,null,null,null,null,null,null,null,null,null,null,null,null,null,null,null],"items_purchased":["Fire Potion"],"campfire_rested":0,"item_purchase_floors":[22],"current_hp_per_floor":[55,55,55,54,54,34,34,34,34,26,31,10,12,14,14,28,57,43,43,43,43,43,59,59,59,59,43,42,28,30,0],"gold":380,"neow_bonus":"THREE_RARE_CARDS","is_prod":false,"is_daily":false,"rewards_skipped":[{"floor":12,"relics":[],"potions":["Dexterity Potion"]}],"chose_seed":false,"campfire_upgraded":3,"win_rate":0,"floor_exit_playtime":[40,45,50,244,261,323,328,355,358,425,429,523,559,591,603,694,729,904,912,923,926,941,1043,1181,1191,1194,1310,1397,1460,1714],"timestamp":1700607392,"path_taken":["M","?","?","M","?","E","R","M","T","E","?","E","M","M","R","BOSS","M","?","?","?","$","E","M","R","T","M","M","E","?","E"],"build_version":"2022-12-18","purchased_purges":1,"victory":false,"max_hp_per_floor":[62,62,62,62,62,62,62,62,62,62,67,67,67,67,67,67,67,67,67,67,67,67,81,81,81,81,81,81,81,81,81],"relic_stats":{"Blood Vial":24,"Dream Catcher":0,"Nunchaku":[9],"counters":[18,72],"Tiny Chest":0,"PureWater":[18],"MawBank":60,"obtain_stats":[{"Blood Vial":10,"Dream Catcher":6,"Nunchaku":9,"Oddly Smooth Stone":12,"Mango":23,"Tiny Chest":29,"PureWater":0,"Empty Cage":17,"MawBank":26},{"Blood Vial":6,"Dream Catcher":4,"Nunchaku":5,"Oddly Smooth Stone":7,"Mango":12,"Tiny Chest":16,"PureWater":0,"Empty Cage":10,"MawBank":13},{"Blood Vial":16,"Dream Catcher":11,"Nunchaku":13,"Oddly Smooth Stone":22,"Mango":42,"Tiny Chest":63,"PureWater":0,"Empty Cage":31,"MawBank":48}]},"card_choices":[{"not_picked":["DeusExMachina","Omniscience"],"picked":"Brilliance","floor":0},{"not_picked":["Collect","EmptyBody"],"picked":"BowlingBash","floor":1},{"not_picked":["ClearTheMind","Halt","Consecrate"],"picked":"SKIP","floor":4},{"not_picked":["WaveOfTheHand","Worship"],"picked":"InnerPeace","floor":5},{"not_picked":["SignatureMove","Crescendo"],"picked":"ThirdEye","floor":6},{"not_picked":["CarveReality","FollowUp"],"picked":"CrushJoints","floor":8},{"not_picked":["ClearTheMind","Pray"],"picked":"EmptyMind","floor":10},{"not_picked":["Meditate","ThirdEye"],"picked":"SandsOfTime","floor":12},{"not_picked":["BowlingBash","Consecrate","FollowUp"],"picked":"SKIP","floor":13},{"not_picked":["Halt","BowlingBash"],"picked":"Establishment","floor":14},{"not_picked":["Establishment","Judgement"],"picked":"Vault","floor":16},{"not_picked":["JustLucky+1","Wireheading"],"picked":"Protect","floor":18},{"not_picked":["Worship+1","PathToVictory"],"picked":"Meditate","floor":23},{"not_picked":["CrushJoints+1","FlurryOfBlows","WreathOfFlame"],"picked":"SKIP","floor":24},{"not_picked":["ForeignInfluence","EmptyFist","Protect"],"picked":"SKIP","floor":27},{"not_picked":["PathToVictory","Nirvana","WreathOfFlame"],"picked":"SKIP","floor":28},{"not_picked":["PathToVictory","SashWhip"],"picked":"MentalFortress","floor":29},{"not_picked":["CutThroughFate","EmptyMind","Collect"],"picked":"SKIP","floor":30}],"player_experience":2310281,"relics_obtained":[{"floor":6,"key":"Dream Catcher"},{"floor":9,"key":"Nunchaku"},{"floor":10,"key":"Blood Vial"},{"floor":12,"key":"Oddly Smooth Stone"},{"floor":23,"key":"Mango"},{"floor":26,"key":"MawBank"},{"floor":29,"key":"Tiny Chest"}],"event_choices":[{"cards_removed":["Defend_P"],"damage_healed":0,"gold_gain":0,"player_choice":"Card Removal","damage_taken":0,"max_hp_gain":0,"max_hp_loss":0,"event_name":"The Cleric","floor":2,"gold_loss":75},{"damage_healed":0,"gold_gain":0,"player_choice":"Upgraded","damage_taken":0,"max_hp_gain":0,"max_hp_loss":0,"event_name":"Upgrade Shrine","floor":3,"gold_loss":0,"cards_upgraded":["Brilliance"]},{"damage_healed":0,"gold_gain":0,"player_choice":"Donut","damage_taken":0,"max_hp_gain":5,"max_hp_loss":0,"event_name":"Big Fish","floor":11,"gold_loss":0},{"damage_healed":0,"gold_gain":0,"player_choice":"Simplicity","damage_taken":0,"max_hp_gain":0,"max_hp_loss":0,"event_name":"Back to Basics","floor":19,"gold_loss":0,"cards_upgraded":["Strike_P","Strike_P","Defend_P","Defend_P","Defend_P"]},{"damage_healed":0,"gold_gain":0,"cards_transformed":["Strike_P","Defend_P"],"player_choice":"Became Test Subject","damage_taken":0,"max_hp_gain":0,"max_hp_loss":0,"event_name":"Drug Dealer","floor":20,"gold_loss":0,"cards_obtained":["WreathOfFlame","Vengeance"]},{"damage_healed":0,"gold_gain":0,"player_choice":"Ignored","damage_taken":0,"max_hp_gain":0,"max_hp_loss":0,"event_name":"Ghosts","floor":21,"gold_loss":0}],"is_beta":false,"boss_relics":[{"not_picked":["Sozu","Cursed Key"],"picked":"Empty Cage"}],"items_purged_floors":[22],"is_endless":false,"potions_floor_spawned":[5,6,10,12,14,23,28],"killed_by":"Slavers","ascension_level":20,"potion_discard_per_floor":[[],[],[],[],[],[],[],[],[],[],[],[],[],[],[],[],[],[],[],[],[],[],[],[],[],[],[],[],[],[],[]]}