{"neow_bonuses_skipped_log":["UPGRADE_CARD","RANDOM_COLORLESS_2","BOSS_RELIC"],"potions_obtained_entropic_brew":[[],[],[],[],[],[],[],[],[],[],[],[],[],[],[],[],[],[],[],[],[],[],[],[],[],[],[],[],[]],"neow_costs_skipped_log":["NONE","PERCENT_DAMAGE","NONE"],"gold_per_floor":[117,117,130,130,149,149,175,175,175,175,210,210,30,43,43,136,136,150,199,124,147,71,71,102,102,102,137,161,161],"floor_reached":29,"playtime":696,"items_purged":["Defend_P"],"score":692,"play_id":"4baaaf92-7fda-41dd-8c4b-35fc24ab2753","local_time":"20231128190639","score_breakdown":["Floors Climbed (29): 145","Enemies Slain (8): 16","Exordium Elites Killed (2): 20","City Elites Killed (2): 40","Bosses Slain (1): 50","Champion (1): 25","Perfect (1): 50","Ascension (20): 346"],"is_ascension_mode":true,"potions_obtained_alchemize":[[],[],[],[],[],[],[],[],[],[],[],[],[],[],[],[],[],[],[],[],[],[],[],[],[],[],[],[],[]],"campfire_choices":[{"floor":6,"key":"REST"},{"floor":8,"key":"REST"},{"data":"ForeignInfluence","floor":12,"key":"SMITH"},{"data":"Apotheosis","floor":15,"key":"SMITH"},{"data":"Adaptation","floor":23,"key":"SMITH"},{"data":"MentalFortress","floor":25,"key":"SMITH"}],"lesson_learned_per_floor":[[],[],[],[],[],[],[],[],[],[],[],[],[],[],[],[],[],[],[],[],[],[],[],[],[],[],[],[],[]],"neow_cost":"NONE","improvable_cards":{},"seed_source_timestamp":283176189908400,"shop_contents":[{"floor":13,"relics":["Dream Catcher","Blue Candle","Toolbox"],"cards":["SandsOfTime","Consecrate","DeusExMachina","ClearTheMind","Establishment","Blind"],"potions":["EntropicBrew","Explosive Potion","Swift Potion"]},{"floor":20,"relics":["StrikeDummy","Bottled Lightning","Strange Spoon"],"cards":["WheelKick","SashWhip","Halt","Crescendo","Wireheading","Purity","Secret Weapon"],"potions":["Fire Potion","SkillPotion","StancePotion"]},{"floor":22,"relics":["Art of War","Frozen Egg 2","OrangePellets"],"cards":["LessonLearned","WheelKick","EmptyBody","LikeWater","Good Instincts","The Bomb"],"potions":["BlessingOfTheForge","Explosive Potion","Fire Potion"]}],"circlet_count":0,"master_deck":["AscendersBane","Strike_P","Strike_P","Strike_P","Strike_P","Defend_P+1","Defend_P","Defend_P+1","Eruption","Vigilance","ForeignInfluence+1","CutThroughFate","FollowUp","Tantrum","Vengeance","Apotheosis+1","Adaptation+1","InnerPeace","MentalFortress+1"],"potion_use_per_floor":[[],[],[],[],[],[],[],[],[],[],[],[],[],[],[],[],[],[],[],[],[],[],[],[],[],[],[],[],["Strength Potion","FairyPotion"]],"relics":["PureWater","War Paint","Ginger","Prayer Wheel","TeardropLocket","Golden Idol","Incense Burner","VioletLotus","Toy Ornithopter","Pantograph"],"potions_floor_usage":[29],"damage_taken":[{"damage":0,"enemies":"Jaw Worm","floor":1,"turns":7},{"damage":12,"enemies":"Small Slimes","floor":3,"turns":3},{"damage":0,"enemies":"2 Louse","floor":5,"turns":1},{"damage":27,"enemies":"Lagavulin","floor":7,"turns":4},{"damage":0,"enemies":"3 Sentries","floor":11,"turns":1},{"damage":0,"enemies":"Blue Slaver","floor":14,"turns":3},{"damage":0,"enemies":"Slime Boss","floor":16,"turns":2},{"damage":1,"enemies":"Shell Parasite","floor":18,"turns":2},{"damage":7,"enemies":"Spheric Guardian","floor":19,"turns":4},{"damage":1,"enemies":"Shelled Parasite and Fungi","floor":21,"turns":2},{"damage":10,"enemies":"Gremlin Leader","floor":24,"turns":3},{"damage":26,"enemies":"Slavers","floor":27,"turns":4},{"damage":0,"enemies":"Sentry and Sphere","floor":28,"turns":1},{"damage":46,"enemies":"Book of Stabbing","floor":29,"turns":4}],"seed_played":"-7137210309176806020","neow_bonus_log":{"cardsObtained":[],"cardsUpgraded":[],"cardsRemoved":[],"cardsTransformed":[],"relicsObtained":["War Paint"],"maxHpGained":0,"goldGained":0,"damageTaken":0,"goldLost":0,"maxHpLost":0},"potions_obtained":[{"floor":11,"key":"SmokeBomb"},{"floor":14,"key":"FairyPotion"},{"floor":16,"key":"Dexterity Potion"},{"floor":24,"key":"Strength Potion"}],"is_trial":false,"path_per_floor":["M","?","M","?","M","R","E","R","T","?","E","R","$","M","R","B",null,"M","M","$","M","$","R","E","R","T","E","M","E"],"character_chosen":"WATCHER","basemod:card_modifiers":[null,null,null,null,null,null,null,null,null,null,null,null,null,null,null,null,null,null,null],"items_purchased":["Apotheosis","InnerPeace"],"campfire_rested":2,"item_purchase_floors":[13,22],"current_hp_per_floor":[61,61,49,14,14,34,7,27,27,27,27,27,27,27,27,27,53,52,45,45,44,44,44,34,34,34,8,8,0],"gold":161,"neow_bonus":"RANDOM_COMMON_RELIC","is_prod":false,"is_daily":false,"rewards_skipped":[{"floor":19,"relics":[],"potions":["SmokeBomb"]},{"floor":27,"relics":[],"potions":["LiquidMemories"]}],"chose_seed":false,"campfire_upgraded":4,"win_rate":0,"floor_exit_playtime":[71,76,122,128,143,146,188,192,194,198,214,219,230,276,281,329,337,362,420,443,479,488,495,551,557,562,628,651],"timestamp":1701216399,"blue_key_relic_skipped_log":{"floor":26,"relicID":"Matryoshka"},"path_taken":["M","?","M","?","M","R","E","R","T","?","E","R","$","M","R","BOSS","M","M","$","M","$","R","E","R","T","E","M","E"],"build_version":"2022-12-18","purchased_purges":1,"victory":false,"max_hp_per_floor":[68,68,68,68,68,68,68,68,68,62,62,62,62,62,62,62,62,62,62,62,62,62,62,62,62,62,62,62,62],"relic_stats":{"counters":[14,41],"Golden Idol":60,"Pantograph":0,"Prayer Wheel":5,"VioletLotus":[12],"Ginger":[2],"PureWater":[11],"War Paint":["Defend_P","Defend_P"],"obtain_stats":[{"Golden Idol":10,"Pantograph":27,"Prayer Wheel":7,"VioletLotus":17,"Incense Burner":11,"Ginger":4,"TeardropLocket":9,"PureWater":0,"War Paint":0,"Toy Ornithopter":24},{"Golden Idol":4,"Pantograph":12,"Prayer Wheel":4,"VioletLotus":7,"Incense Burner":5,"Ginger":2,"TeardropLocket":4,"PureWater":0,"War Paint":0,"Toy Ornithopter":11},{"Golden Idol":15,"Pantograph":36,"Prayer Wheel":15,"VioletLotus":21,"Incense Burner":16,"Ginger":10,"TeardropLocket":15,"PureWater":0,"War Paint":0,"Toy Ornithopter":32}],"Toy Ornithopter":5},"card_choices":[{"not_picked":["SashWhip","ThirdEye"],"picked":"ForeignInfluence","floor":1},{"not_picked":["EmptyFist","FlyingSleeves"],"picked":"CutThroughFate","floor":3},{"not_picked":["CutThroughFate","Weave"],"picked":"FollowUp","floor":5},{"not_picked":["PathToVictory","LikeWater"],"picked":"Tantrum","floor":7},{"not_picked":["Wallop","CutThroughFate"],"picked":"Vengeance","floor":11},{"not_picked":["WaveOfTheHand","FollowUp"],"picked":"Adaptation","floor":14},{"not_picked":["Vengeance","ForeignInfluence","Study"],"picked":"SKIP","floor":14},{"not_picked":["Blasphemy","Wish","ConjureBlade"],"picked":"SKIP","floor":16},{"not_picked":["EmptyFist","CutThroughFate","BattleHymn"],"picked":"SKIP","floor":18},{"not_picked":["SignatureMove","CutThroughFate","DeceiveReality"],"picked":"SKIP","floor":18},{"not_picked":["ClearTheMind","SashWhip+1","FlurryOfBlows"],"picked":"SKIP","floor":19},{"not_picked":["Consecrate","DevaForm","Weave"],"picked":"SKIP","floor":19},{"not_picked":["Protect","Prostrate","FlyingSleeves"],"picked":"SKIP","floor":21},{"not_picked":["LikeWater","FlurryOfBlows","ClearTheMind"],"picked":"SKIP","floor":21},{"not_picked":["Wireheading","PathToVictory"],"picked":"MentalFortress","floor":24},{"not_picked":["LikeWater","Study","Alpha"],"picked":"SKIP","floor":27},{"not_picked":["EmptyFist","Protect","LikeWater"],"picked":"SKIP","floor":28},{"not_picked":["Crescendo","Protect","SashWhip"],"picked":"SKIP","floor":28}],"player_experience":2371507,"relics_obtained":[{"floor":7,"key":"Prayer Wheel"},{"floor":9,"key":"TeardropLocket"},{"floor":11,"key":"Incense Burner"},{"floor":24,"key":"Toy Ornithopter"},{"floor":27,"key":"Pantograph"}],"event_choices":[{"damage_healed":0,"gold_gain":0,"player_choice":"Ignored","damage_taken":0,"max_hp_gain":0,"max_hp_loss":0,"event_name":"Liars Game","floor":2,"gold_loss":0},{"damage_healed":0,"gold_gain":0,"player_choice":"Success","damage_taken":35,"relics_obtained":["Ginger"],"max_hp_gain":0,"max_hp_loss":0,"event_name":"Scrap Ooze","floor":4,"gold_loss":0},{"damage_healed":0,"gold_gain":0,"player_choice":"Lose Max HP","damage_taken":0,"relics_obtained":["Golden Idol"],"max_hp_gain":0,"max_hp_loss":6,"event_name":"Golden Idol","floor":10,"gold_loss":0}],"is_beta":false,"boss_relics":[{"not_picked":["Snecko Eye","HolyWater"],"picked":"VioletLotus"}],"items_purged_floors":[20],"is_endless":false,"potions_floor_spawned":[11,14,16,19,24,27],"killed_by":"Book of Stabbing","ascension_level":20,"potion_discard_per_floor":[[],[],[],[],[],[],[],[],[],[],[],[],[],[],[],["SmokeBomb"],[],[],[],[],[],[],[],["Dexterity Potion"],[],[],[],[],[]]}