{"neow_bonuses_skipped_log":["ONE_RANDOM_RARE_CARD","THREE_SMALL_POTIONS","BOSS_RELIC"],"neow_costs_skipped_log":["NONE","NONE","NONE"],"potions_obtained_entropic_brew":[[],[],[],[],[],[],[],[],[],[],[],[],[],[],[],[],[],[],[],[],[],[],[],[],[],[],[],[],[],[],[],[],[],[],[],[],[],[],[],[],[],[],[],[],[],[],[],[],[],[]],"gold_per_floor":[18,37,47,47,60,60,92,109,133,133,167,167,182,21,21,100,100,111,57,37,50,63,63,63,107,132,132,57,78,410,438,438,513,513,530,544,563,213,226,268,268,302,302,312,52,78,78,97,97,97],"floor_reached":50,"playtime":2116,"items_purged":["Defend_P","Strike_P+1"],"score":1318,"play_id":"5c5d4bbf-0ad7-4c53-8a76-bdc58a93c7b8","local_time":"20231211165535","score_breakdown":["Floors Climbed (50): 250","Enemies Slain (17): 34","Exordium Elites Killed (2): 20","City Elites Killed (2): 40","Beyond Elites Killed (3): 90","Bosses Slain (2): 150","Money Money (1086): 25","Well Fed: 25","Champion (2): 50","Ascension (20): 634"],"is_ascension_mode":true,"potions_obtained_alchemize":[[],[],[],[],[],[],[],[],[],[],[],[],[],[],[],[],[],[],[],[],[],[],[],[],[],[],[],[],[],[],[],[],[],[],[],[],[],[],[],[],[],[],[],[],[],[],[],[],[],[]],"campfire_choices":[{"data":"EmptyFist","floor":6,"key":"SMITH"},{"floor":10,"key":"REST"},{"data":"CutThroughFate","floor":12,"key":"SMITH"},{"data":"Tantrum","floor":15,"key":"SMITH"},{"floor":23,"key":"REST"},{"floor":27,"key":"REST"},{"floor":32,"key":"REST"},{"floor":41,"key":"REST"},{"floor":49,"key":"RECALL"}],"lesson_learned_per_floor":[[],[],[],[],[],[],[],[],[],[],[],[],[],[],[],[],[],[],[],[],["Strike_P"],["Strike_P"],[],[],["Defend_P"],[],[],[],[],["Eruption"],["TalkToTheHand"],[],["TalkToTheHand"],[],["ClearTheMind"],[],[],[],[],["LessonLearned"],[],["Vigilance"],[],["Consecrate"],[],[],[],["MentalFortress"],[],[]],"neow_cost":"NO_GOLD","improvable_cards":{},"seed_source_timestamp":546484678627599,"shop_contents":[{"floor":14,"relics":["Du-Vu Doll","Whetstone"],"cards":["Consecrate","CrushJoints","Pray","Protect","Devotion","Deep Breath","Thinking Ahead"],"potions":["Dexterity Potion","Block Potion","FearPotion"]},{"floor":19,"relics":["Question Card","HornCleat","Chemical X"],"cards":["TalkToTheHand","CutThroughFate","EmptyBody","Protect","BattleHymn","Discovery","Mayhem"],"potions":["Dexterity Potion","PowerPotion"]},{"floor":38,"relics":["Ice Cream","Frozen Eye"],"cards":["SashWhip","FollowUp","EmptyBody","PathToVictory","Wireheading","PanicButton","Violence"],"potions":["Regen Potion","Weak Potion","EssenceOfSteel"]},{"floor":45,"relics":["Regal Pillow","Bronze Scales"],"cards":["Ragnarok","JustLucky","Halt","ThirdEye","Wireheading","Discovery","Chrysalis"],"potions":["Explosive Potion","Fruit Juice","Fruit Juice"]}],"circlet_count":0,"master_deck":["AscendersBane","Strike_P+1","Defend_P+1","Eruption+1","Vigilance+1","Tantrum+1","EmptyFist+1","CutThroughFate+1","Consecrate+1","ClearTheMind+1","LessonLearned+1","TalkToTheHand+1","TalkToTheHand+1","Adaptation","MentalFortress","Vault","MentalFortress+1"],"potion_use_per_floor":[[],[],[],[],[],[],["BlessingOfTheForge"],[],[],[],[],[],[],[],[],["PowerPotion","SkillPotion"],[],[],[],[],[],[],[],[],["SteroidPotion"],[],[],[],[],[],[],[],["BottledMiracle"],[],[],[],[],[],[],[],[],[],[],[],[],[],[],[],[],[]],"relics":["PureWater","Singing Bowl","Lantern","Vajra","Medical Kit","Fusion Hammer","CeramicFish","Akabeko","Old Coin","InkBottle","Centennial Puzzle","Dream Catcher","DollysMirror","Blood Vial"],"potions_floor_usage":[7,16,16,25,33],"damage_taken":[{"damage":6,"enemies":"Cultist","floor":1,"turns":4},{"damage":0,"enemies":"Small Slimes","floor":2,"turns":2},{"damage":0,"enemies":"Jaw Worm","floor":3,"turns":2},{"damage":5,"enemies":"Gremlin Gang","floor":5,"turns":3},{"damage":20,"enemies":"Lagavulin","floor":7,"turns":5},{"damage":0,"enemies":"Looter","floor":8,"turns":2},{"damage":0,"enemies":"Gremlin Nob","floor":11,"turns":2},{"damage":0,"enemies":"Large Slime","floor":13,"turns":2},{"damage":22,"enemies":"Hexaghost","floor":16,"turns":5},{"damage":9,"enemies":"2 Thieves","floor":18,"turns":2},{"damage":0,"enemies":"Chosen","floor":21,"turns":3},{"damage":20,"enemies":"Snecko","floor":22,"turns":5},{"damage":20,"enemies":"Slavers","floor":25,"turns":3},{"damage":0,"enemies":"Snake Plant","floor":29,"turns":2},{"damage":0,"enemies":"Gremlin Leader","floor":30,"turns":4},{"damage":4,"enemies":"Centurion and Healer","floor":31,"turns":4},{"damage":3,"enemies":"Champ","floor":33,"turns":7},{"damage":15,"enemies":"3 Shapes","floor":35,"turns":7},{"damage":5,"enemies":"Orb Walker","floor":36,"turns":3},{"damage":32,"enemies":"Writhing Mass","floor":37,"turns":5},{"damage":0,"enemies":"Transient","floor":39,"turns":6},{"damage":23,"enemies":"Nemesis","floor":40,"turns":5},{"damage":7,"enemies":"Giant Head","floor":42,"turns":7},{"damage":0,"enemies":"Jaw Worm Horde","floor":44,"turns":3},{"damage":21,"enemies":"Nemesis","floor":46,"turns":4},{"damage":0,"enemies":"3 Darklings","floor":48,"turns":3},{"damage":24,"enemies":"Time Eater","floor":50,"turns":1}],"green_key_taken_log":42,"seed_played":"4543193913055247712","neow_bonus_log":{"cardsObtained":[],"cardsUpgraded":[],"cardsRemoved":["Defend_P","Defend_P"],"cardsTransformed":[],"relicsObtained":[],"maxHpGained":0,"goldGained":0,"damageTaken":0,"goldLost":99,"maxHpLost":0},"potions_obtained":[{"floor":1,"key":"BlessingOfTheForge"},{"floor":3,"key":"Dexterity Potion"},{"floor":7,"key":"PowerPotion"},{"floor":11,"key":"SkillPotion"},{"floor":20,"key":"SneckoOil"},{"floor":29,"key":"BottledMiracle"},{"floor":33,"key":"Fire Potion"},{"floor":36,"key":"Ancient Potion"},{"floor":46,"key":"BottledMiracle"}],"is_trial":false,"path_per_floor":["M","M","M","?","M","R","E","M","T","R","E","R","M","$","R","B",null,"M","$","?","M","M","R","?","E","T","R","?","M","E","M","R","B",null,"M","M","M","$","M","E","R","E","T","M","$","E","?","M","R","B"],"character_chosen":"WATCHER","basemod:card_modifiers":[null,null,null,null,null,null,null,null,null,null,null,null,null,null,null,null,null],"items_purchased":["Medical Kit","SteroidPotion","InkBottle","DollysMirror"],"campfire_rested":5,"item_purchase_floors":[14,19,38,45],"current_hp_per_floor":[55,55,55,55,50,50,30,32,32,53,53,53,55,55,55,33,62,55,55,55,57,39,62,40,20,20,44,44,44,46,42,67,66,82,69,66,34,34,36,13,40,35,35,37,37,18,18,22,22,0],"gold":97,"neow_bonus":"REMOVE_TWO","is_prod":false,"is_daily":false,"rewards_skipped":[{"floor":39,"relics":[],"potions":["EssenceOfSteel"]},{"floor":40,"relics":[],"potions":["SkillPotion"]}],"chose_seed":false,"campfire_upgraded":3,"win_rate":0,"floor_exit_playtime":[41,63,104,111,158,169,262,286,292,303,327,337,384,392,399,493,516,553,566,573,607,697,700,704,798,801,806,830,866,965,1025,1027,1172,1190,1286,1327,1445,1464,1573,1659,1661,1820,1822,1881,1944,2015,2018,2093,2096],"timestamp":1702331735,"blue_key_relic_skipped_log":{"floor":43,"relicID":"Lizard Tail"},"path_taken":["M","M","?","?","M","R","E","M","T","R","E","R","M","$","R","BOSS","M","?","?","?","M","R","?","E","T","R","?","M","E","M","R","BOSS","M","M","M","$","M","E","R","E","T","M","$","E","?","M","R","BOSS"],"build_version":"2022-12-18","purchased_purges":2,"victory":false,"max_hp_per_floor":[68,68,68,68,68,68,68,70,70,70,70,70,72,72,72,72,72,74,74,74,76,78,78,83,83,83,83,83,83,85,85,85,87,87,89,91,91,91,93,93,93,95,95,97,97,99,99,101,101,101],"relic_stats":{"Blood Vial":4,"Centennial Puzzle":[9],"Dream Catcher":0,"Singing Bowl":28,"counters":[27,101],"CeramicFish":54,"PureWater":[19],"Medical Kit":[8],"obtain_stats":[{"Lantern":9,"Singing Bowl":7,"CeramicFish":25,"Vajra":11,"Medical Kit":14,"Akabeko":26,"Old Coin":30,"Blood Vial":46,"Centennial Puzzle":40,"Dream Catcher":42,"DollysMirror":45,"Fusion Hammer":17,"PureWater":0,"InkBottle":38},{"Lantern":6,"Singing Bowl":5,"CeramicFish":13,"Vajra":7,"Medical Kit":8,"Akabeko":13,"Old Coin":15,"Blood Vial":25,"Centennial Puzzle":22,"Dream Catcher":23,"DollysMirror":24,"Fusion Hammer":9,"PureWater":0,"InkBottle":20},{"Lantern":18,"Singing Bowl":16,"CeramicFish":40,"Vajra":20,"Medical Kit":22,"Akabeko":40,"Old Coin":46,"Blood Vial":97,"Centennial Puzzle":83,"Dream Catcher":90,"DollysMirror":93,"Fusion Hammer":27,"PureWater":0,"InkBottle":72}],"InkBottle":[15]},"card_choices":[{"not_picked":["Nirvana","SashWhip"],"picked":"Tantrum","floor":1},{"not_picked":["LikeWater","JustLucky"],"picked":"EmptyFist","floor":2},{"not_picked":["Prostrate","ThirdEye"],"picked":"CutThroughFate","floor":3},{"not_picked":["Protect","SignatureMove","CrushJoints"],"picked":"SKIP","floor":5},{"not_picked":["ClearTheMind","Meditate"],"picked":"Consecrate","floor":7},{"not_picked":["Blasphemy","WindmillStrike","Protect"],"picked":"Singing Bowl","floor":8},{"not_picked":["Consecrate","Prostrate"],"picked":"ClearTheMind","floor":11},{"not_picked":["CutThroughFate","EmptyBody","Evaluate"],"picked":"Singing Bowl","floor":13},{"not_picked":["Omniscience","Blasphemy"],"picked":"LessonLearned","floor":16},{"not_picked":["Crescendo","CutThroughFate","CrushJoints"],"picked":"Singing Bowl","floor":18},{"not_picked":["BowlingBash","ThirdEye","Prostrate"],"picked":"Singing Bowl","floor":21},{"not_picked":["Weave","Prostrate","BowlingBash"],"picked":"Singing Bowl","floor":22},{"not_picked":["ClearTheMind","FlyingSleeves"],"picked":"TalkToTheHand","floor":25},{"not_picked":["Blasphemy","Protect+1"],"picked":"TalkToTheHand","floor":29},{"not_picked":["Protect","FollowUp","FlurryOfBlows"],"picked":"Singing Bowl","floor":30},{"not_picked":["PathToVictory","Worship"],"picked":"Adaptation","floor":31},{"not_picked":["Omniscience","DevaForm","Devotion"],"picked":"Singing Bowl","floor":33},{"not_picked":["Halt","Prostrate","Swivel"],"picked":"Singing Bowl","floor":35},{"not_picked":["Pray","ThirdEye","Halt"],"picked":"Singing Bowl","floor":36},{"not_picked":["Conclude","Sanctity+1"],"picked":"MentalFortress","floor":37},{"not_picked":["ClearTheMind","Prostrate+1","WaveOfTheHand"],"picked":"Singing Bowl","floor":39},{"not_picked":["Crescendo","ForeignInfluence"],"picked":"Vault","floor":40},{"not_picked":["Consecrate","Vengeance","Fasting2"],"picked":"Singing Bowl","floor":42},{"not_picked":["Nirvana","CrushJoints+1","EmptyFist+1"],"picked":"Singing Bowl","floor":44},{"not_picked":["Tantrum+1","PathToVictory","EmptyFist+1"],"picked":"Singing Bowl","floor":46},{"not_picked":["Consecrate","Indignation","Tantrum"],"picked":"Singing Bowl","floor":48}],"player_experience":2385127,"relics_obtained":[{"floor":7,"key":"Singing Bowl"},{"floor":9,"key":"Lantern"},{"floor":11,"key":"Vajra"},{"floor":25,"key":"CeramicFish"},{"floor":26,"key":"Akabeko"},{"floor":30,"key":"Old Coin"},{"floor":40,"key":"Centennial Puzzle"},{"floor":42,"key":"Dream Catcher"},{"floor":46,"key":"Blood Vial"}],"event_choices":[{"cards_removed":["Strike_P"],"damage_healed":0,"gold_gain":0,"player_choice":"Purged","damage_taken":0,"max_hp_gain":0,"max_hp_loss":0,"event_name":"Purifier","floor":4,"gold_loss":0},{"damage_healed":0,"gold_gain":0,"player_choice":"Bought 1 Potion","damage_taken":0,"max_hp_gain":0,"max_hp_loss":0,"event_name":"The Woman in Blue","floor":20,"gold_loss":0},{"damage_healed":0,"gold_gain":0,"player_choice":"Shed Blood","damage_taken":27,"max_hp_gain":5,"max_hp_loss":0,"event_name":"Forgotten Altar","floor":24,"gold_loss":0},{"cards_removed":["Strike_P"],"damage_healed":0,"gold_gain":0,"player_choice":"Single Remove","damage_taken":0,"max_hp_gain":0,"max_hp_loss":0,"event_name":"Designer","floor":28,"gold_loss":75},{"damage_healed":0,"gold_gain":0,"player_choice":"Ignored","damage_taken":0,"max_hp_gain":0,"max_hp_loss":0,"event_name":"Tomb of Lord Red Mask","floor":47,"gold_loss":0}],"is_beta":false,"boss_relics":[{"not_picked":["Pandora\u0027s Box","Philosopher\u0027s Stone"],"picked":"Fusion Hammer"},{"not_picked":["Velvet Choker","Coffee Dripper","Snecko Eye"]}],"items_purged_floors":[38,45],"is_endless":false,"potions_floor_spawned":[1,3,7,11,29,33,36,39,40,46],"killed_by":"Time Eater","ascension_level":20,"potion_discard_per_floor":[[],[],[],[],[],[],[],[],[],[],["Dexterity Potion"],[],[],[],[],[],[],[],[],[],[],[],[],[],[],[],[],[],[],[],[],[],[],[],[],["SneckoOil"],[],[],[],[],[],[],[],[],[],["Fire Potion"],[],[],[],[]]}