{"neow_bonuses_skipped_log":["TRANSFORM_CARD","TWENTY_PERCENT_HP_BONUS","BOSS_RELIC"],"potions_obtained_entropic_brew":[[],[],[],[],[],[],[],[],[],[],[],[],[],[],[],[],[],[],[],[],[],[],[],[],[],[],[],[],[],[],[],[],[],[],[],[],[],[],[],[],[],[],[],[],[],[],[],[],[],[],[],[],[],[],[],["DuplicationPotion","SkillPotion"],[]],"neow_costs_skipped_log":["NONE","PERCENT_DAMAGE","NONE"],"gold_per_floor":[213,36,36,50,65,98,98,133,133,161,0,0,10,10,10,87,87,106,125,135,148,48,48,77,77,77,77,77,109,109,109,109,180,180,191,116,37,53,404,404,431,431,431,431,457,138,172,182,182,182,182,182,182,14,47,47],"floor_reached":57,"playtime":7024,"items_purged":["Defend_P","Strike_P","Strike_P+1"],"score":2984,"play_id":"54fa23fc-e9d3-49f4-b1d9-ca5a699f1911","local_time":"20240609212219","score_breakdown":["Floors Climbed (57): 285","Enemies Slain (11): 22","Exordium Elites Killed (3): 30","City Elites Killed (2): 40","Beyond Elites Killed (3): 90","Bosses Slain (5): 750","Money Money (1087): 25","Well Fed: 25","Champion (2): 50","Perfect (1): 50","C-c-c-combo: 25","Ascension (20): 1342","Heartbreaker: 250"],"is_ascension_mode":true,"potions_obtained_alchemize":[[],[],[],[],[],[],[],[],[],[],[],[],[],[],[],[],[],[],[],[],[],[],[],[],[],[],[],[],[],[],[],[],[],[],[],[],[],[],[],[],[],[],[],[],[],[],[],[],[],[],[],[],[],[],[],[],[]],"campfire_choices":[{"data":"Eruption","floor":7.0,"key":"SMITH"},{"data":"Adaptation","floor":12.0,"key":"SMITH"},{"floor":15.0,"key":"REST"},{"floor":23,"key":"REST"},{"floor":25,"key":"REST"},{"data":"MentalFortress","floor":27,"key":"SMITH"},{"floor":32,"key":"REST"},{"floor":40,"key":"REST"},{"floor":42,"key":"REST"},{"floor":49,"key":"RECALL"},{"floor":53,"key":"REST"}],"lesson_learned_per_floor":[[],[],[],["Strike_P"],["Defend_P"],["Strike_P"],[],[],[],["Vigilance"],[],[],["Consecrate"],[],[],["Tantrum"],[],["Strike_P"],["DeusExMachina"],[],["FlurryOfBlows"],[],[],[],[],[],[],[],[],[],[],[],[],[],["LessonLearned"],[],[],["Protect"],["FlyingSleeves"],[],[],[],[],[],["InnerPeace"],[],["Adaptation"],["Scrawl"],[],[],[],[],[],[],[],[],[]],"neow_cost":"NONE","improvable_cards":{},"seed_source_timestamp":2053366355249100,"shop_contents":[{"floor":2,"relics":["Vajra","Blue Candle","Membership Card"],"cards":["SignatureMove","Sanctity","Crescendo","Nirvana","PanicButton","Secret Weapon"],"potions":["SmokeBomb","PowerPotion","ColorlessPotion"]},{"floor":11,"relics":["Toy Ornithopter","Unceasing Top","PrismaticShard"],"cards":["BowlingBash","EmptyMind","Sanctity","BattleHymn","Dark Shackles","HandOfGreed"],"potions":["Regen Potion","Fire Potion","BottledMiracle"]},{"floor":22,"relics":["MealTicket","Meat on the Bone","Chemical X"],"cards":["SandsOfTime","EmptyFist","ForeignInfluence","DeceiveReality","LikeWater","Good Instincts","Panache"],"potions":["SmokeBomb","CultistPotion","ColorlessPotion"]},{"floor":37,"relics":["Orichalcum","PreservedInsect","Frozen Eye"],"cards":["CrushJoints","SignatureMove","Evaluate","Adaptation","Finesse","Transmutation"],"potions":["Explosive Potion","Weak Potion","SpeedPotion"]},{"floor":46,"relics":["Sundial","Omamori","Toolbox"],"cards":["WindmillStrike","CrushJoints","ConjureBlade","Sanctity","Purity","Sadistic Nature"],"potions":["GamblersBrew","EssenceOfSteel"]},{"floor":54,"relics":["Bag of Preparation","Gremlin Horn"],"cards":["FlurryOfBlows","JustLucky","Protect","EmptyBody","Wireheading","Trip","The Bomb"],"potions":["Fire Potion","BlessingOfTheForge","PowerPotion"]}],"circlet_count":0,"master_deck":["AscendersBane","Strike_P+1","Defend_P+1","Eruption+1","Vigilance+1","FlurryOfBlows+1","LessonLearned+1","Consecrate+1","Protect+1","Adaptation+1","MentalFortress+1","Tantrum+1","DeusExMachina+1","Scrawl+1","InnerPeace+1","Adaptation+1","Omniscience"],"special_seed":0,"potion_use_per_floor":[[],[],[],[],[],["DistilledChaos"],[],[],[],[],[],[],[],[],[],["SkillPotion"],[],[],[],[],[],[],[],["EssenceOfSteel"],[],[],[],[],[],[],[],[],["CultistPotion","Swift Potion"],[],[],[],[],[],[],[],["PowerPotion","SpeedPotion"],[],[],[],[],[],["FairyPotion"],[],[],[],[],[],[],[],[],["GamblersBrew","EntropicBrew","DuplicationPotion","SkillPotion"],[]],"relics":["PureWater","Centennial Puzzle","StrikeDummy","Yang","Ice Cream","SlaversCollar","Akabeko","Mango","Nunchaku","Fusion Hammer","Old Coin","Bottled Lightning","Whetstone","Art of War","TheAbacus","Boot"],"potions_floor_usage":[24,33,33,41,41,56,56,56,56],"damage_taken":[{"damage":0.0,"enemies":"Small Slimes","floor":1.0,"turns":2.0},{"damage":1.0,"enemies":"Cultist","floor":4.0,"turns":3.0},{"damage":0.0,"enemies":"2 Louse","floor":5.0,"turns":2.0},{"damage":0.0,"enemies":"3 Sentries","floor":6.0,"turns":2.0},{"damage":16.0,"enemies":"Gremlin Nob","floor":8.0,"turns":3.0},{"damage":1.0,"enemies":"3 Sentries","floor":10.0,"turns":5.0},{"damage":0.0,"enemies":"2 Fungi Beasts","floor":13.0,"turns":6.0},{"damage":33.0,"enemies":"Hexaghost","floor":16.0,"turns":9.0},{"damage":0.0,"enemies":"Chosen","floor":18.0,"turns":3.0},{"damage":2.0,"enemies":"2 Thieves","floor":19.0,"turns":3.0},{"damage":17,"enemies":"Snake Plant","floor":20,"turns":2},{"damage":30,"enemies":"Snecko","floor":21,"turns":3},{"damage":12,"enemies":"Slavers","floor":24,"turns":3},{"damage":18,"enemies":"Gremlin Leader","floor":29,"turns":4},{"damage":7,"enemies":"Collector","floor":33,"turns":5},{"damage":9,"enemies":"3 Shapes","floor":35,"turns":2},{"damage":16,"enemies":"Orb Walker","floor":38,"turns":2},{"damage":16,"enemies":"2 Orb Walkers","floor":39,"turns":2},{"damage":51,"enemies":"Nemesis","floor":41,"turns":5},{"damage":16,"enemies":"Giant Head","floor":45,"turns":5},{"damage":47,"enemies":"Reptomancer","floor":47,"turns":3},{"damage":0,"enemies":"4 Shapes","floor":48,"turns":1},{"damage":4,"enemies":"Donu and Deca","floor":50,"turns":4},{"damage":0,"enemies":"Time Eater","floor":51,"turns":8},{"damage":0,"enemies":"Shield and Spear","floor":55,"turns":1},{"damage":10,"enemies":"The Heart","floor":56,"turns":5}],"green_key_taken_log":47,"seed_played":"-5552702863591620985","neow_bonus_log":{"cardsObtained":[],"cardsUpgraded":[],"cardsRemoved":[],"cardsTransformed":[],"relicsObtained":[],"maxHpGained":0,"goldGained":100,"damageTaken":0,"goldLost":0,"maxHpLost":0},"potions_obtained":[{"floor":1.0,"key":"Energy Potion"},{"floor":5.0,"key":"DistilledChaos"},{"floor":8.0,"key":"SkillPotion"},{"floor":21,"key":"EssenceOfSteel"},{"floor":24,"key":"CultistPotion"},{"floor":29,"key":"Swift Potion"},{"floor":35,"key":"PowerPotion"},{"floor":38,"key":"SpeedPotion"},{"floor":45,"key":"EntropicBrew"},{"floor":47,"key":"GamblersBrew"}],"is_trial":false,"path_per_floor":["M","$","?","M","M","E","R","E","T","E","$","R","M","?","R","B",null,"M","M","M","M","$","R","E","R","T","R","?","E","?","?","R","B",null,"M","?","$","M","?","R","E","R","T","?","E","$","E","M","R","B","B",null,"R","$","E","B",null],"character_chosen":"WATCHER","basemod:card_modifiers":[null,null,null,null,null,null,null,null,null,null,null,null,null,null,null,null,null],"items_purchased":["LessonLearned","Tantrum","InnerPeace","Adaptation","FairyPotion","TheAbacus"],"campfire_rested":7,"item_purchase_floors":[2,11,37,46,46,54],"current_hp_per_floor":[61,61,51,50,50,50,50,34,34,33,33,33,33,26,46,13,54,54,52,35,5,5,25,13,33,47,47,23,5,5,5,31,24,71,62,62,62,46,30,56,5,31,31,36,20,20,26,26,26,22,22,71,87,87,87,77],"gold":47,"neow_bonus":"HUNDRED_GOLD","is_prod":false,"is_daily":false,"rewards_skipped":[{"floor":10,"relics":[],"potions":["SpeedPotion"]},{"floor":48,"relics":[],"potions":["LiquidBronze"]}],"chose_seed":false,"campfire_upgraded":3,"win_rate":0,"floor_exit_playtime":[194,203,221,248,285,342,348,384,387,455,478,484,542,550,552,671,697,740,798,820,867,886,888,964,968,971,976,982,1129,1145,1148,1150,1231,1257,1310,1338,1344,1376,1424,1428,5104,5108,5115,5508,5663,5700,5825,5880,5897,6084,6335,6348,6352,6398,6507,7024],"timestamp":1717982539,"blue_key_relic_skipped_log":{"floor":43,"relicID":"Shuriken"},"path_taken":["M","$","?","M","M","E","R","E","T","E","?","R","M","?","R","BOSS","M","M","M","M","$","R","E","R","T","R","?","E","?","?","R","BOSS","M","?","?","?","?","R","E","R","T","?","E","$","E","M","R","BOSS","BOSS","R","$","E","BOSS"],"build_version":"2022-12-18","purchased_purges":3,"victory":true,"max_hp_per_floor":[68,68,68,68,68,68,68,68,68,68,68,68,68,68,68,68,68,68,68,68,68,68,68,68,68,82,82,87,87,87,87,87,87,87,87,87,87,87,87,87,87,87,87,87,87,87,87,87,87,87,87,87,87,87,87,87],"relic_stats":{"Ice Cream":[239],"Centennial Puzzle":[50],"Nunchaku":[33],"TheAbacus":[540],"counters":[26,93],"Yang":[420],"Art of War":[1],"Bottled Lightning":"Scrawl","Whetstone":[],"PureWater":[19],"Boot":[581],"obtain_stats":[{"Ice Cream":10,"Yang":9,"Mango":26,"Whetstone":45,"Boot":55,"Akabeko":24,"Old Coin":39,"SlaversCollar":17,"Centennial Puzzle":6,"Nunchaku":29,"TheAbacus":54,"Fusion Hammer":34,"Art of War":47,"Bottled Lightning":41,"PureWater":0,"StrikeDummy":8},{"Ice Cream":6,"Yang":5,"Mango":13,"Whetstone":20,"Boot":25,"Akabeko":13,"Old Coin":18,"SlaversCollar":8,"Centennial Puzzle":4,"Nunchaku":14,"TheAbacus":24,"Fusion Hammer":15,"Art of War":21,"Bottled Lightning":19,"PureWater":0,"StrikeDummy":5},{"Ice Cream":17,"Yang":12,"Mango":46,"Whetstone":71,"Boot":88,"Akabeko":46,"Old Coin":61,"SlaversCollar":32,"Centennial Puzzle":9,"Nunchaku":50,"TheAbacus":87,"Fusion Hammer":55,"Art of War":74,"Bottled Lightning":66,"PureWater":0,"StrikeDummy":12}]},"card_choices":[{"not_picked":["ReachHeaven","Worship"],"picked":"FlurryOfBlows","floor":1.0},{"not_picked":["FlurryOfBlows","Worship"],"picked":"FlyingSleeves","floor":4.0},{"not_picked":["Evaluate","MentalFortress"],"picked":"Consecrate","floor":5.0},{"not_picked":["Fasting2","CarveReality"],"picked":"Protect","floor":6.0},{"not_picked":["JustLucky","Brilliance"],"picked":"Adaptation","floor":8.0},{"not_picked":["Wallop","Evaluate"],"picked":"MentalFortress","floor":10.0},{"not_picked":["DeceiveReality","Protect","LikeWater"],"picked":"SKIP","floor":13.0},{"not_picked":["LessonLearned","Ragnarok"],"picked":"DeusExMachina","floor":16.0},{"not_picked":["EmptyFist","ReachHeaven+1","FlyingSleeves"],"picked":"SKIP","floor":18.0},{"not_picked":["CutThroughFate","CarveReality","Wallop"],"picked":"SKIP","floor":19.0},{"not_picked":["FlyingSleeves","CutThroughFate","ClearTheMind"],"picked":"SKIP","floor":20},{"not_picked":["SashWhip","CutThroughFate","EmptyBody"],"picked":"SKIP","floor":21},{"not_picked":["Halt","FlyingSleeves","CarveReality+1"],"picked":"SKIP","floor":24},{"not_picked":["EmptyFist","FlurryOfBlows","Collect"],"picked":"SKIP","floor":29},{"not_picked":["Establishment","DeusExMachina"],"picked":"Scrawl","floor":33},{"not_picked":["Consecrate","Weave","EmptyFist"],"picked":"SKIP","floor":35},{"not_picked":["WindmillStrike+1","JustLucky","Conclude+1"],"picked":"SKIP","floor":38},{"not_picked":["PathToVictory","Consecrate","FlurryOfBlows"],"picked":"SKIP","floor":39},{"not_picked":["Evaluate","ClearTheMind","Halt+1"],"picked":"SKIP","floor":41},{"not_picked":["Vengeance","PathToVictory+1","InnerPeace"],"picked":"SKIP","floor":45},{"not_picked":["SashWhip","Omniscience","Study"],"picked":"SKIP","floor":47},{"not_picked":["Sanctity","FlurryOfBlows","Pray+1"],"picked":"SKIP","floor":48},{"not_picked":["PathToVictory+1","CarveReality"],"picked":"Omniscience","floor":55}],"player_experience":2433476,"relics_obtained":[{"floor":6.0,"key":"Centennial Puzzle"},{"floor":8.0,"key":"StrikeDummy"},{"floor":9.0,"key":"Yang"},{"floor":10.0,"key":"Ice Cream"},{"floor":24,"key":"Akabeko"},{"floor":26,"key":"Mango"},{"floor":29,"key":"Nunchaku"},{"floor":39,"key":"Old Coin"},{"floor":41,"key":"Bottled Lightning"},{"floor":45,"key":"Whetstone"},{"floor":47,"key":"Art of War"},{"floor":55,"key":"Boot"}],"event_choices":[{"damage_healed":0.0,"max_hp_gain":0.0,"max_hp_loss":0.0,"gold_gain":0.0,"event_name":"Wheel of Change","player_choice":"Damaged","floor":3.0,"gold_loss":0.0,"damage_taken":10.0},{"cards_removed":["Defend_P"],"damage_healed":0.0,"max_hp_gain":0.0,"max_hp_loss":0.0,"gold_gain":0.0,"event_name":"Golden Wing","player_choice":"Card Removal","floor":14.0,"gold_loss":0.0,"damage_taken":7.0},{"damage_healed":0,"gold_gain":0,"player_choice":"Shed Blood","damage_taken":29,"max_hp_gain":5,"max_hp_loss":0,"event_name":"Forgotten Altar","floor":28,"gold_loss":0},{"cards_removed":["Defend_P"],"damage_healed":0,"gold_gain":0,"player_choice":"Elegance","damage_taken":0,"max_hp_gain":0,"max_hp_loss":0,"event_name":"Back to Basics","floor":30,"gold_loss":0},{"damage_healed":0,"gold_gain":0,"player_choice":"Ignored","damage_taken":0,"max_hp_gain":0,"max_hp_loss":0,"event_name":"Cursed Tome","floor":31,"gold_loss":0},{"cards_removed":["Strike_P"],"damage_healed":0,"gold_gain":0,"player_choice":"Single Remove","damage_taken":0,"max_hp_gain":0,"max_hp_loss":0,"event_name":"Designer","floor":36,"gold_loss":75},{"damage_healed":0,"gold_gain":0,"player_choice":"Fight","damage_taken":0,"max_hp_gain":0,"max_hp_loss":0,"event_name":"Mysterious Sphere","floor":39,"gold_loss":0},{"cards_removed":["FlyingSleeves"],"damage_healed":5,"gold_gain":0,"player_choice":"Offered Common","damage_taken":0,"max_hp_gain":0,"max_hp_loss":0,"event_name":"Bonfire Elementals","floor":44,"gold_loss":0},{"cards_removed":["FlyingSleeves"],"damage_healed":5,"gold_gain":0,"player_choice":"Offered Special","damage_taken":0,"max_hp_gain":0,"max_hp_loss":0,"event_name":"Bonfire Elementals","floor":44,"gold_loss":0}],"is_beta":false,"boss_relics":[{"not_picked":["SacredBark","Coffee Dripper"],"picked":"SlaversCollar"},{"not_picked":["Velvet Choker","Tiny House"],"picked":"Fusion Hammer"}],"items_purged_floors":[11,22,46],"is_endless":false,"potions_floor_spawned":[1,5,8,10,21,24,29,35,38,45,47,48],"ascension_level":20,"potion_discard_per_floor":[[],[],[],[],[],[],[],[],[],[],[],[],[],[],[],[],[],[],[],[],[],[],[],[],[],[],[],[],["Energy Potion"],[],[],[],[],[],[],[],[],[],[],[],[],[],[],[],[],[],[],[],[],[],[],[],[],[],[],[],[]]}