{"neow_bonuses_skipped_log":["THREE_SMALL_POTIONS","TWO_FIFTY_GOLD","BOSS_RELIC"],"neow_costs_skipped_log":["NONE","PERCENT_DAMAGE","NONE"],"potions_obtained_entropic_brew":[[],[],[],[],[],[],[],[],[],[],[],[],[],[],[],[],[],[],[],[],[],[],[],[],[],[],[],[],[],[],[],[],[]],"gold_per_floor":[112,127,138,138,157,157,182,182,182,192,225,225,150,178,178,255,255,275,291,303,313,313,313,213,243,243,243,258,288,334,349,349,349],"floor_reached":33,"playtime":1516,"items_purged":["Defend_P","Worship"],"score":739,"play_id":"e7d60b60-65e5-4ec6-8c07-bab77680e35a","local_time":"20240612210232","score_breakdown":["Floors Climbed (33): 165","Enemies Slain (11): 22","Exordium Elites Killed (3): 30","City Elites Killed (2): 40","Bosses Slain (1): 50","Well Fed: 25","Champion (2): 50","Ascension (20): 357"],"is_ascension_mode":true,"potions_obtained_alchemize":[[],[],[],[],[],[],[],[],[],[],[],[],[],[],[],[],[],[],[],[],[],[],[],[],[],[],[],[],[],[],[],[],[]],"campfire_choices":[{"data":"ForeignInfluence","floor":6.0,"key":"SMITH"},{"data":"Consecrate","floor":8.0,"key":"SMITH"},{"data":"FlurryOfBlows","floor":15.0,"key":"SMITH"},{"data":"Scrawl","floor":23,"key":"SMITH"},{"data":"Vault","floor":27,"key":"SMITH"},{"data":"Tantrum","floor":32,"key":"SMITH"}],"lesson_learned_per_floor":[[],[],[],[],[],[],[],[],[],[],[],[],[],[],[],[],[],[],[],[],[],[],[],[],[],[],[],[],[],[],[],[],[]],"neow_cost":"NONE","improvable_cards":{},"seed_source_timestamp":57128660760800,"shop_contents":[{"floor":13,"relics":["Strawberry","Letter Opener","Toolbox"],"cards":["CarveReality","FlyingSleeves","Prostrate","Evaluate","Fasting2","Swift Strike","Magnetism"],"potions":["LiquidBronze","BottledMiracle","SteroidPotion"]},{"floor":24,"relics":["Bottled Flame","Mercury Hourglass","Frozen Eye"],"cards":["Weave","Consecrate","ClearTheMind","Swivel","LikeWater","Forethought","Transmutation"],"potions":["FairyPotion","BlessingOfTheForge","BlessingOfTheForge"]}],"circlet_count":0,"master_deck":["AscendersBane","Strike_P","Defend_P","Eruption+1","Vigilance","FlurryOfBlows+1","FearNoEvil","ForeignInfluence+1","Consecrate+1","MentalFortress","Halt","Vault+1","Scrawl+1","Tantrum+1","Brilliance"],"special_seed":0,"potion_use_per_floor":[[],[],[],[],[],[],[],[],[],["Explosive Potion"],[],[],[],["SteroidPotion"],[],["ColorlessPotion","LiquidMemories"],[],[],[],[],[],[],[],[],["BlessingOfTheForge","Weak Potion"],[],[],[],["SteroidPotion"],[],[],[],[]],"relics":["PureWater","Meat on the Bone","Singing Bowl","Matryoshka","Centennial Puzzle","Empty Cage","Akabeko","Bag of Preparation","Molten Egg 2","Oddly Smooth Stone","Omamori"],"potions_floor_usage":[25,25,29],"damage_taken":[{"damage":0.0,"enemies":"Cultist","floor":1.0,"turns":3.0},{"damage":0.0,"enemies":"Small Slimes","floor":2.0,"turns":2.0},{"damage":1.0,"enemies":"2 Louse","floor":3.0,"turns":3.0},{"damage":6.0,"enemies":"Exordium Wildlife","floor":5.0,"turns":4.0},{"damage":0.0,"enemies":"Lagavulin","floor":7.0,"turns":4.0},{"damage":0.0,"enemies":"3 Louse","floor":10.0,"turns":1.0},{"damage":22.0,"enemies":"Gremlin Nob","floor":11.0,"turns":3.0},{"damage":8.0,"enemies":"Lagavulin","floor":14.0,"turns":4.0},{"damage":24.0,"enemies":"Slime Boss","floor":16.0,"turns":5.0},{"damage":11.0,"enemies":"Spheric Guardian","floor":18.0,"turns":4.0},{"damage":5.0,"enemies":"2 Thieves","floor":19.0,"turns":4.0},{"damage":0.0,"enemies":"3 Cultists","floor":20.0,"turns":3.0},{"damage":17,"enemies":"Sentry and Sphere","floor":21,"turns":3},{"damage":25,"enemies":"Book of Stabbing","floor":25,"turns":3},{"damage":0,"enemies":"Cultist and Chosen","floor":28,"turns":2},{"damage":0,"enemies":"Slavers","floor":29,"turns":1},{"damage":0,"enemies":"Snake Plant","floor":31,"turns":2},{"damage":84,"enemies":"Champ","floor":33,"turns":6}],"seed_played":"284808363057199847","neow_bonus_log":{"cardsObtained":[],"cardsUpgraded":["Eruption"],"cardsRemoved":[],"cardsTransformed":[],"relicsObtained":[],"maxHpGained":0,"goldGained":0,"damageTaken":0,"goldLost":0,"maxHpLost":0},"potions_obtained":[{"floor":5.0,"key":"ColorlessPotion"},{"floor":7.0,"key":"Explosive Potion"},{"floor":11.0,"key":"SteroidPotion"},{"floor":14.0,"key":"LiquidMemories"},{"floor":20.0,"key":"Weak Potion"},{"floor":21,"key":"BlessingOfTheForge"},{"floor":28,"key":"SteroidPotion"}],"is_trial":false,"path_per_floor":["M","M","M","?","M","R","E","R","T","M","E","?","$","E","R","B",null,"M","M","M","M","?","R","$","E","T","R","M","E","T","M","R","B"],"character_chosen":"WATCHER","basemod:card_modifiers":[null,null,null,null,null,null,null,null,null,null,null,null,null,null,null],"items_purchased":[],"campfire_rested":0,"item_purchase_floors":[],"current_hp_per_floor":[61,61,60,65,59,59,59,59,59,59,39,39,39,43,43,31,64,55,50,52,47,47,47,47,36,36,36,50,52,52,54,54,0],"gold":349,"neow_bonus":"UPGRADE_CARD","is_prod":false,"is_daily":false,"rewards_skipped":[],"chose_seed":false,"campfire_upgraded":6,"win_rate":0,"floor_exit_playtime":[76,99,128,131,177,182,228,235,238,250,291,297,328,477,484,545,575,873,1013,1053,1120,1135,1142,1165,1241,1245,1253,1296,1361,1364,1392,1400],"timestamp":1718240552,"blue_key_relic_skipped_log":{"floor":26,"relicID":"Darkstone Periapt"},"path_taken":["M","M","M","?","M","R","E","R","T","M","E","?","$","E","R","BOSS","M","?","M","M","?","R","$","E","T","R","M","E","?","M","R","BOSS"],"build_version":"2022-12-18","purchased_purges":2,"victory":false,"max_hp_per_floor":[68,68,68,73,73,73,73,73,73,73,75,75,75,75,75,75,75,77,77,79,79,79,79,79,81,81,81,83,85,85,87,87,87],"relic_stats":{"Centennial Puzzle":[18],"Matryoshka":2,"Singing Bowl":14,"counters":[18,57],"Bag of Preparation":[8],"Omamori":0,"PureWater":[13],"obtain_stats":[{"Centennial Puzzle":14,"Matryoshka":11,"Singing Bowl":9,"Oddly Smooth Stone":30,"Molten Egg 2":29,"Bag of Preparation":26,"Omamori":30,"PureWater":0,"Empty Cage":17,"Akabeko":25,"Meat on the Bone":7},{"Centennial Puzzle":8,"Matryoshka":7,"Singing Bowl":5,"Oddly Smooth Stone":16,"Molten Egg 2":16,"Bag of Preparation":14,"Omamori":16,"PureWater":0,"Empty Cage":9,"Akabeko":14,"Meat on the Bone":5},{"Centennial Puzzle":24,"Matryoshka":20,"Singing Bowl":16,"Oddly Smooth Stone":49,"Molten Egg 2":49,"Bag of Preparation":46,"Omamori":49,"PureWater":0,"Empty Cage":29,"Akabeko":46,"Meat on the Bone":16}],"Meat on the Bone":60},"card_choices":[{"not_picked":["SashWhip","Protect"],"picked":"FlurryOfBlows","floor":1.0},{"not_picked":["Worship","EmptyBody","Evaluate"],"picked":"SKIP","floor":2.0},{"not_picked":["FlyingSleeves","BowlingBash"],"picked":"FearNoEvil","floor":3.0},{"not_picked":["ClearTheMind","CutThroughFate"],"picked":"ForeignInfluence","floor":5.0},{"not_picked":["Vengeance","CrushJoints"],"picked":"Consecrate","floor":7.0},{"not_picked":["EmptyBody","CrushJoints"],"picked":"MentalFortress","floor":10.0},{"not_picked":["Establishment","Wireheading","FlyingSleeves"],"picked":"Singing Bowl","floor":11.0},{"not_picked":["Meditate","Study"],"picked":"Halt","floor":14.0},{"not_picked":["SpiritShield","DeusExMachina"],"picked":"Vault","floor":16.0},{"not_picked":["ThirdEye","FollowUp","FlurryOfBlows"],"picked":"Singing Bowl","floor":18.0},{"not_picked":["CarveReality","WreathOfFlame"],"picked":"Scrawl","floor":19.0},{"not_picked":["Crescendo","InnerPeace","Fasting2"],"picked":"Singing Bowl","floor":20.0},{"not_picked":["FearNoEvil","WheelKick"],"picked":"Tantrum","floor":21},{"not_picked":["Conclude","FollowUp","ForeignInfluence"],"picked":"Singing Bowl","floor":25},{"not_picked":["BowlingBash+1","ForeignInfluence","PathToVictory"],"picked":"Singing Bowl","floor":28},{"not_picked":["Wish","Evaluate","FlurryOfBlows+1"],"picked":"Singing Bowl","floor":29},{"not_picked":["EmptyBody","BowlingBash+1","Nirvana"],"picked":"Singing Bowl","floor":31}],"player_experience":2488636,"relics_obtained":[{"floor":7.0,"key":"Meat on the Bone"},{"floor":9.0,"key":"Singing Bowl"},{"floor":11.0,"key":"Matryoshka"},{"floor":14.0,"key":"Centennial Puzzle"},{"floor":25,"key":"Akabeko"},{"floor":26,"key":"Bag of Preparation"},{"floor":29,"key":"Molten Egg 2"},{"floor":30,"key":"Oddly Smooth Stone"},{"floor":30,"key":"Omamori"}],"event_choices":[{"damage_healed":0.0,"max_hp_gain":5.0,"max_hp_loss":0.0,"gold_gain":0.0,"event_name":"Big Fish","player_choice":"Donut","floor":4.0,"gold_loss":0.0,"damage_taken":0.0},{"cards_removed":["Defend_P"],"damage_healed":0.0,"max_hp_gain":0.0,"max_hp_loss":0.0,"gold_gain":0.0,"event_name":"Purifier","player_choice":"Purged","floor":12.0,"gold_loss":0.0,"damage_taken":0.0},{"damage_healed":0,"gold_gain":0,"cards_transformed":["Strike_P","Strike_P"],"player_choice":"Became Test Subject","damage_taken":0,"max_hp_gain":0,"max_hp_loss":0,"event_name":"Drug Dealer","floor":22,"gold_loss":0,"cards_obtained":["Brilliance","Worship"]}],"is_beta":false,"boss_relics":[{"not_picked":["Snecko Eye","Coffee Dripper"],"picked":"Empty Cage"}],"items_purged_floors":[13,24],"is_endless":false,"potions_floor_spawned":[5,7,11,14,20,21,28],"killed_by":"Champ","ascension_level":20,"potion_discard_per_floor":[[],[],[],[],[],[],[],[],[],[],[],[],[],[],[],[],[],[],[],[],[],[],[],[],[],[],[],[],[],[],[],[],[]]}