{"neow_bonuses_skipped_log":["THREE_ENEMY_KILL","THREE_RARE_CARDS","BOSS_RELIC"],"neow_costs_skipped_log":["NONE","CURSE","NONE"],"potions_obtained_entropic_brew":[[],[],[],[],[],[],[],[],[],[],[],[],[],[],[],[],[],[],[],[],[],[],[],[],[],[],[],[],[],[],[],[],[],[],[],[],[],[],[],[],[],[],[],[],[],[],[],[],[],[],[],[],[],[],[],[],[]],"gold_per_floor":[111,128,146,221,221,257,257,296,296,314,314,345,345,189,189,284,284,305,124,124,124,124,124,160,173,198,211,227,227,177,208,208,298,298,319,385,385,178,201,245,245,269,269,289,305,336,372,393,393,393,393,393,393,6,49,49],"floor_reached":57,"playtime":4991,"items_purged":["Strike_P","Wish+1","Strike_P","Strike_P","Crescendo"],"score":3336,"play_id":"69e9c262-3503-4855-b97a-f32a512fde71","local_time":"20240611143620","score_breakdown":["Floors Climbed (57): 285","Enemies Slain (14): 28","Exordium Elites Killed (3): 30","City Elites Killed (2): 40","Beyond Elites Killed (2): 60","Bosses Slain (5): 750","Champion (6): 150","Beyond Perfect: 200","Ascension (20): 1543","Heartbreaker: 250"],"is_ascension_mode":true,"potions_obtained_alchemize":[[],[],[],[],[],[],[],[],[],[],[],[],[],[],[],[],[],[],[],[],[],[],[],[],[],[],[],[],[],[],[],[],[],[],[],[],[],[],[],[],[],[],[],[],[],[],[],[],[],[],[],[],[],[],[],[],[]],"campfire_choices":[{"floor":7.0,"key":"REST"},{"floor":11.0,"key":"REST"},{"data":"Eruption","floor":13.0,"key":"SMITH"},{"data":"TalkToTheHand","floor":15.0,"key":"SMITH"},{"data":"Scrawl","floor":23.0,"key":"SMITH"},{"data":"MentalFortress","floor":29.0,"key":"SMITH"},{"data":"MentalFortress","floor":32.0,"key":"SMITH"},{"data":"InnerPeace","floor":41,"key":"SMITH"},{"floor":49,"key":"RECALL"},{"data":"FearNoEvil","floor":53,"key":"SMITH"}],"lesson_learned_per_floor":[[],[],[],[],[],[],[],[],[],[],[],[],[],[],[],[],[],[],[],[],[],[],[],[],[],[],[],[],[],[],[],[],[],[],[],[],[],[],[],[],[],[],[],[],[],[],[],[],[],[],[],[],[],[],[],[],[]],"neow_cost":"NONE","improvable_cards":{},"seed_source_timestamp":2203813089657900,"shop_contents":[{"floor":14,"relics":["Bird Faced Urn","Nunchaku","PrismaticShard"],"cards":["LessonLearned","FearNoEvil","ClearTheMind","Study","Finesse","Transmutation"],"potions":["SpeedPotion","LiquidBronze","Ancient Potion"]},{"floor":19,"relics":["InkBottle","Blue Candle","Melange"],"cards":["EmptyFist","CarveReality","ClearTheMind","Vengeance","Forethought","The Bomb"],"potions":["BottledMiracle","EssenceOfSteel","StancePotion"]},{"floor":30,"relics":["Juzu Bracelet","Bottled Flame","Cauldron"],"cards":["JustLucky","EmptyFist","Wish","Protect","Fasting2","Dark Shackles","Mayhem"],"potions":["Strength Potion","Regen Potion","PowerPotion"]},{"floor":38,"relics":["Shuriken","Damaru"],"cards":["Conclude","Tantrum","InnerPeace","Protect","Nirvana","Panacea","Secret Weapon"],"potions":["AttackPotion","PowerPotion","SkillPotion"]},{"floor":54,"relics":["Akabeko"],"cards":["CrushJoints","Consecrate","Halt","ClearTheMind","Nirvana","Mind Blast","Secret Technique"],"potions":["BlessingOfTheForge","Ancient Potion","BottledMiracle"]}],"circlet_count":0,"master_deck":["AscendersBane","Eruption+1","Vigilance","EmptyFist","FearNoEvil+1","TalkToTheHand+1","InnerPeace+1","Scrawl+1","ReachHeaven+1","MentalFortress+1","MentalFortress+1","Tantrum+1","CutThroughFate+1"],"special_seed":0,"potion_use_per_floor":[[],[],[],[],[],[],[],["SkillPotion"],[],[],[],[],[],[],[],[],[],[],[],[],[],[],[],["FearPotion"],[],[],[],[],[],[],[],[],[],[],[],[],[],[],[],[],[],[],[],[],[],[],[],[],[],[],[],[],[],[],[],["PowerPotion"],[]],"relics":["PureWater","Golden Idol","Anchor","Ornamental Fan","Bag of Preparation","Mango","Astrolabe","Calipers","Smiling Mask","Dream Catcher","Coffee Dripper","Thread and Needle","OrangePellets","Omamori","Torii","Orichalcum","TheAbacus","Lantern","Strawberry"],"potions_floor_usage":[56],"damage_taken":[{"damage":16.0,"enemies":"Small Slimes","floor":1.0,"turns":5.0},{"damage":4.0,"enemies":"Jaw Worm","floor":2.0,"turns":3.0},{"damage":0.0,"enemies":"2 Louse","floor":3.0,"turns":1.0},{"damage":22.0,"enemies":"3 Sentries","floor":6.0,"turns":6.0},{"damage":8.0,"enemies":"Lagavulin","floor":8.0,"turns":5.0},{"damage":0.0,"enemies":"2 Fungi Beasts","floor":10.0,"turns":2.0},{"damage":0.0,"enemies":"Gremlin Nob","floor":12.0,"turns":3.0},{"damage":29.0,"enemies":"The Guardian","floor":16.0,"turns":14.0},{"damage":0.0,"enemies":"Chosen","floor":18.0,"turns":5.0},{"damage":0.0,"enemies":"Book of Stabbing","floor":24.0,"turns":3.0},{"damage":0.0,"enemies":"2 Thieves","floor":25.0,"turns":2.0},{"damage":0.0,"enemies":"Cultist and Chosen","floor":27.0,"turns":3.0},{"damage":0.0,"enemies":"Sentry and Sphere","floor":28.0,"turns":3.0},{"damage":0.0,"enemies":"Gremlin Leader","floor":31.0,"turns":4.0},{"damage":0.0,"enemies":"Automaton","floor":33.0,"turns":8.0},{"damage":0.0,"enemies":"3 Shapes","floor":35.0,"turns":2.0},{"damage":0.0,"enemies":"2 Orb Walkers","floor":36.0,"turns":4.0},{"damage":0,"enemies":"3 Darklings","floor":39,"turns":3},{"damage":0,"enemies":"Giant Head","floor":40,"turns":7},{"damage":0,"enemies":"Sphere and 2 Shapes","floor":42,"turns":3},{"damage":0,"enemies":"Spire Growth","floor":44,"turns":3},{"damage":0,"enemies":"Jaw Worm Horde","floor":45,"turns":3},{"damage":0,"enemies":"Mind Bloom Boss Battle","floor":46,"turns":5},{"damage":0,"enemies":"Nemesis","floor":47,"turns":5},{"damage":0,"enemies":"3 Darklings","floor":48,"turns":3},{"damage":0,"enemies":"Awakened One","floor":50,"turns":13},{"damage":0,"enemies":"Time Eater","floor":51,"turns":12},{"damage":0,"enemies":"Shield and Spear","floor":55,"turns":8},{"damage":28,"enemies":"The Heart","floor":56,"turns":10}],"green_key_taken_log":40,"seed_played":"-3459064780640131421","neow_bonus_log":{"cardsObtained":[],"cardsUpgraded":[],"cardsRemoved":["Defend_P"],"cardsTransformed":[],"relicsObtained":[],"maxHpGained":0,"goldGained":0,"damageTaken":0,"goldLost":0,"maxHpLost":0},"potions_obtained":[{"floor":6.0,"key":"SkillPotion"},{"floor":12.0,"key":"FearPotion"},{"floor":16.0,"key":"FairyPotion"},{"floor":25.0,"key":"BottledMiracle"},{"floor":48,"key":"PowerPotion"}],"is_trial":false,"path_per_floor":["M","M","M","?","?","E","R","E","T","M","R","E","R","$","R","B",null,"M","$","?","?","?","R","E","M","T","M","M","R","$","E","R","B",null,"M","?","?","$","M","E","R","M","T","M","M","?","E","M","R","B","B",null,"R","$","E","B",null],"character_chosen":"WATCHER","basemod:card_modifiers":[null,null,null,null,null,null,null,null,null,null,null,null,null],"items_purchased":["InnerPeace","MentalFortress","OrangePellets","TheAbacus","Lantern"],"campfire_rested":2,"item_purchase_floors":[14,19,38,54,54],"current_hp_per_floor":[45,41,41,30,30,8,26,18,18,18,36,50,50,50,50,21,62,62,62,62,62,62,62,62,62,62,62,62,62,62,62,62,62,73,73,73,76,76,76,76,76,76,76,76,76,76,76,76,76,76,76,76,76,76,83,55],"gold":49,"neow_bonus":"REMOVE_CARD","is_prod":false,"is_daily":false,"rewards_skipped":[{"floor":18,"relics":[],"potions":["Explosive Potion"]},{"floor":33,"relics":[],"potions":["StancePotion"]},{"floor":40,"relics":[],"potions":["SneckoOil"]},{"floor":42,"relics":[],"potions":["FearPotion"]},{"floor":44,"relics":[],"potions":["EssenceOfSteel"]},{"floor":45,"relics":[],"potions":["Weak Potion"]},{"floor":47,"relics":[],"potions":["Fire Potion"]},{"floor":55,"relics":[],"potions":["BottledMiracle"]}],"chose_seed":false,"campfire_upgraded":7,"win_rate":0,"floor_exit_playtime":[77,102,128,131,135,234,237,320,322,363,366,416,423,450,456,630,646,749,765,794,801,807,813,867,920,925,973,1017,1097,1107,1562,1575,1718,1731,1786,1882,1898,1951,2033,2170,2177,2234,2239,2310,2885,3034,3127,3247,3250,3701,4271,4400,4419,4485,4796,4991],"timestamp":1718130980,"blue_key_relic_skipped_log":{"floor":43,"relicID":"Molten Egg 2"},"path_taken":["M","M","M","?","?","E","R","E","T","M","R","E","R","$","R","BOSS","M","$","?","?","?","R","E","M","T","M","M","R","$","E","R","BOSS","M","?","?","$","?","E","R","M","T","M","M","?","E","M","R","BOSS","BOSS","R","$","E","BOSS"],"build_version":"2022-12-18","purchased_purges":5,"victory":true,"max_hp_per_floor":[68,68,68,68,62,62,62,62,62,62,62,76,76,76,76,76,76,76,76,76,76,76,76,76,76,76,76,76,76,76,76,76,76,76,76,76,76,76,76,76,76,76,76,76,76,76,76,76,76,76,76,76,76,76,83,83],"relic_stats":{"Calipers":[5231],"Torii":15,"counters":[29,148],"Golden Idol":214,"Astrolabe":["Wish","Weave","ReachHeaven"],"Bag of Preparation":[48],"Omamori":0,"Orichalcum":[0],"Smiling Mask":300,"OrangePellets":[1],"Dream Catcher":0,"TheAbacus":[60],"Ornamental Fan":[388],"PureWater":[29],"obtain_stats":[{"Lantern":54,"Calipers":24,"Torii":46,"Golden Idol":5,"Astrolabe":17,"Mango":12,"Thread and Needle":36,"Bag of Preparation":9,"Omamori":40,"Orichalcum":47,"Smiling Mask":26,"OrangePellets":38,"Anchor":6,"Dream Catcher":31,"TheAbacus":54,"Ornamental Fan":8,"Strawberry":55,"Coffee Dripper":34,"PureWater":0},{"Lantern":27,"Calipers":10,"Torii":23,"Golden Idol":3,"Astrolabe":8,"Mango":7,"Thread and Needle":17,"Bag of Preparation":5,"Omamori":19,"Orichalcum":24,"Smiling Mask":11,"OrangePellets":17,"Anchor":4,"Dream Catcher":14,"TheAbacus":27,"Ornamental Fan":5,"Strawberry":28,"Coffee Dripper":15,"PureWater":0},{"Lantern":130,"Calipers":47,"Torii":97,"Golden Idol":9,"Astrolabe":39,"Mango":25,"Thread and Needle":73,"Bag of Preparation":20,"Omamori":83,"Orichalcum":102,"Smiling Mask":49,"OrangePellets":73,"Anchor":15,"Dream Catcher":59,"TheAbacus":130,"Ornamental Fan":20,"Strawberry":138,"Coffee Dripper":67,"PureWater":0}]},"card_choices":[{"not_picked":["Evaluate","Protect"],"picked":"EmptyFist","floor":1.0},{"not_picked":["ClearTheMind","JustLucky"],"picked":"FearNoEvil","floor":2.0},{"not_picked":["Collect","Indignation"],"picked":"Crescendo","floor":3.0},{"not_picked":["FearNoEvil","CutThroughFate","CrushJoints"],"picked":"SKIP","floor":6.0},{"not_picked":["EmptyBody","BowlingBash","Swivel"],"picked":"SKIP","floor":8.0},{"not_picked":["EmptyFist","FlurryOfBlows"],"picked":"TalkToTheHand","floor":10.0},{"not_picked":["BattleHymn","JustLucky","Indignation"],"picked":"SKIP","floor":12.0},{"not_picked":["MasterReality","Brilliance"],"picked":"Scrawl","floor":16.0},{"not_picked":["CrushJoints+1","CutThroughFate","WreathOfFlame"],"picked":"SKIP","floor":18.0},{"not_picked":["CrushJoints+1","CutThroughFate","WreathOfFlame"],"picked":"SKIP","floor":18.0},{"not_picked":["FearNoEvil","WreathOfFlame","BowlingBash","WindmillStrike","SignatureMove","Evaluate","Collect","ForeignInfluence","BattleHymn","WheelKick","Tantrum","Protect","Indignation","Conclude","CarveReality","Consecrate","ThirdEye","CutThroughFate","EmptyFist"],"picked":"MentalFortress","floor":20.0},{"not_picked":["Crescendo+1","Nirvana","EmptyFist"],"picked":"SKIP","floor":24.0},{"not_picked":["Prostrate","Evaluate","FlyingSleeves"],"picked":"SKIP","floor":25.0},{"not_picked":["BowlingBash","CutThroughFate","FearNoEvil"],"picked":"SKIP","floor":27.0},{"not_picked":["MasterReality","FlyingSleeves","CutThroughFate"],"picked":"SKIP","floor":28.0},{"not_picked":["MasterReality","FlyingSleeves","CutThroughFate"],"picked":"SKIP","floor":28.0},{"not_picked":["CrushJoints","Establishment","JustLucky"],"picked":"SKIP","floor":31.0},{"not_picked":["Brilliance","DevaForm","Wish"],"picked":"SKIP","floor":33.0},{"not_picked":["BowlingBash","PathToVictory","SignatureMove"],"picked":"SKIP","floor":35.0},{"not_picked":["Halt+1","Collect+1","EmptyBody+1"],"picked":"SKIP","floor":36.0},{"not_picked":["Weave","ForeignInfluence","ClearTheMind"],"picked":"SKIP","floor":39},{"not_picked":["Study","TalkToTheHand"],"picked":"Tantrum+1","floor":40},{"not_picked":["FlyingSleeves","Study","SandsOfTime"],"picked":"SKIP","floor":42},{"not_picked":["CrushJoints","WaveOfTheHand","Swivel+1"],"picked":"SKIP","floor":44},{"not_picked":["PathToVictory","Evaluate","Crescendo"],"picked":"SKIP","floor":45},{"not_picked":["PathToVictory","Evaluate","Crescendo"],"picked":"SKIP","floor":45},{"not_picked":["Consecrate+1","SignatureMove"],"picked":"CutThroughFate+1","floor":46},{"not_picked":["CrushJoints","Conclude+1","Weave"],"picked":"SKIP","floor":47},{"not_picked":["LessonLearned","PathToVictory","ForeignInfluence"],"picked":"SKIP","floor":48},{"not_picked":["BattleHymn","Protect+1","Halt"],"picked":"SKIP","floor":55}],"player_experience":2453262,"relics_obtained":[{"floor":6.0,"key":"Anchor"},{"floor":8.0,"key":"Ornamental Fan"},{"floor":9.0,"key":"Bag of Preparation"},{"floor":12.0,"key":"Mango"},{"floor":24.0,"key":"Calipers"},{"floor":26.0,"key":"Smiling Mask"},{"floor":31.0,"key":"Dream Catcher"},{"floor":36.0,"key":"Thread and Needle"},{"floor":40,"key":"Omamori"},{"floor":46,"key":"Torii"},{"floor":47,"key":"Orichalcum"},{"floor":55,"key":"Strawberry"}],"event_choices":[{"damage_healed":0.0,"max_hp_gain":0.0,"max_hp_loss":0.0,"gold_gain":75.0,"event_name":"World of Goop","player_choice":"Gather Gold","floor":4.0,"gold_loss":0.0,"damage_taken":11.0},{"damage_healed":0.0,"max_hp_gain":0.0,"max_hp_loss":6.0,"gold_gain":0.0,"event_name":"Golden Idol","player_choice":"Lose Max HP","floor":5.0,"gold_loss":0.0,"damage_taken":0.0,"relics_obtained":["Golden Idol"]},{"damage_healed":0.0,"max_hp_gain":0.0,"max_hp_loss":0.0,"gold_gain":0.0,"event_name":"The Library","player_choice":"Read","floor":20.0,"gold_loss":0.0,"damage_taken":0.0,"cards_obtained":["MentalFortress"]},{"damage_healed":0.0,"max_hp_gain":0.0,"max_hp_loss":0.0,"gold_gain":0.0,"event_name":"Cursed Tome","player_choice":"Ignored","floor":21.0,"gold_loss":0.0,"damage_taken":0.0},{"cards_removed":["Defend_P"],"damage_healed":0.0,"max_hp_gain":0.0,"max_hp_loss":0.0,"gold_gain":0.0,"event_name":"Back to Basics","player_choice":"Elegance","floor":22.0,"gold_loss":0.0,"damage_taken":0.0},{"damage_healed":0.0,"max_hp_gain":0.0,"max_hp_loss":0.0,"gold_gain":0.0,"event_name":"Mysterious Sphere","player_choice":"Fight","floor":36.0,"gold_loss":0.0,"damage_taken":0.0},{"cards_removed":["Weave"],"damage_healed":3.0,"max_hp_gain":0.0,"max_hp_loss":0.0,"gold_gain":0.0,"event_name":"Bonfire Elementals","player_choice":"Offered Uncommon","floor":37.0,"gold_loss":0.0,"damage_taken":0.0},{"damage_healed":0,"gold_gain":0,"player_choice":"Fight","damage_taken":0,"max_hp_gain":0,"max_hp_loss":0,"event_name":"MindBloom","floor":46,"gold_loss":0}],"is_beta":false,"boss_relics":[{"not_picked":["Snecko Eye","Philosopher\u0027s Stone"],"picked":"Astrolabe"},{"not_picked":["Tiny House","Pandora\u0027s Box"],"picked":"Coffee Dripper"}],"items_purged_floors":[14,19,30,38,54],"is_endless":false,"potions_floor_spawned":[6,12,16,18,25,33,40,42,44,45,47,48,55],"ascension_level":20,"potion_discard_per_floor":[[],[],[],[],[],[],[],[],[],[],[],[],[],[],[],[],[],[],[],[],[],[],[],[],[],[],[],[],[],[],[],[],[],[],[],[],[],[],[],[],[],[],[],[],[],[],[],["BottledMiracle"],[],[],[],[],[],[],[],[],[]]}