{"neow_bonuses_skipped_log":["ONE_RANDOM_RARE_CARD","TWENTY_PERCENT_HP_BONUS","BOSS_RELIC"],"neow_costs_skipped_log":["NONE","NO_GOLD","NONE"],"potions_obtained_entropic_brew":[[],[],[],[],[],[],[],[]],"gold_per_floor":[116,133,148,148,162,193,193,193],"floor_reached":8,"playtime":499,"items_purged":[],"score":116,"play_id":"ccfc08c1-b30d-4a1c-9418-128631fa67c1","local_time":"20240612203646","score_breakdown":["Floors Climbed (8): 40","Enemies Slain (4): 8","Exordium Elites Killed (1): 10","Bosses Slain (0): 0","Ascension (20): 58"],"is_ascension_mode":true,"potions_obtained_alchemize":[[],[],[],[],[],[],[],[]],"campfire_choices":[{"floor":7,"key":"REST"}],"lesson_learned_per_floor":[[],[],[],[],[],[],[],[]],"neow_cost":"NONE","improvable_cards":{},"seed_source_timestamp":56622244287400,"shop_contents":[],"circlet_count":0,"master_deck":["AscendersBane","Strike_P","Strike_P","Strike_P","Strike_P","Defend_P","Defend_P","Defend_P","Defend_P","Eruption+1","Vigilance","Consecrate","CutThroughFate","ThirdEye","Scrawl","JustLucky"],"potion_use_per_floor":[[],[],[],[],[],["DistilledChaos"],[],[]],"relics":["PureWater","Regal Pillow","Shuriken"],"potions_floor_usage":[6],"damage_taken":[{"damage":7,"enemies":"Small Slimes","floor":1,"turns":4},{"damage":4,"enemies":"2 Louse","floor":2,"turns":2},{"damage":0,"enemies":"Jaw Worm","floor":3,"turns":2},{"damage":4,"enemies":"Looter","floor":5,"turns":4},{"damage":30,"enemies":"3 Sentries","floor":6,"turns":11},{"damage":59,"enemies":"Gremlin Nob","floor":8,"turns":3}],"seed_played":"5635270478275109106","neow_bonus_log":{"cardsObtained":[],"cardsUpgraded":[],"cardsRemoved":[],"cardsTransformed":[],"relicsObtained":["Regal Pillow"],"maxHpGained":0,"goldGained":0,"damageTaken":0,"goldLost":0,"maxHpLost":0},"potions_obtained":[{"floor":5,"key":"DistilledChaos"},{"floor":6,"key":"LiquidBronze"}],"is_trial":false,"path_per_floor":["M","M","M","?","M","E","R","E"],"character_chosen":"WATCHER","basemod:card_modifiers":[null,null,null,null,null,null,null,null,null,null,null,null,null,null,null,null],"items_purchased":[],"campfire_rested":1,"item_purchase_floors":[],"current_hp_per_floor":[54,50,50,50,46,16,51,0],"gold":193,"neow_bonus":"RANDOM_COMMON_RELIC","is_prod":false,"is_daily":false,"rewards_skipped":[],"chose_seed":false,"campfire_upgraded":0,"win_rate":0,"floor_exit_playtime":[50,75,96,101,156,464,468],"timestamp":1718239006,"path_taken":["M","M","M","?","M","E","R","E"],"build_version":"2022-12-18","purchased_purges":0,"victory":false,"max_hp_per_floor":[68,68,68,68,68,68,68,68],"relic_stats":{"Regal Pillow":15,"counters":[6,26],"Shuriken":[1],"PureWater":[3],"obtain_stats":[{"Regal Pillow":0,"Shuriken":6,"PureWater":0},{"Regal Pillow":0,"Shuriken":5,"PureWater":0},{"Regal Pillow":0,"Shuriken":23,"PureWater":0}]},"card_choices":[{"not_picked":["CrushJoints","Protect"],"picked":"Consecrate","floor":1},{"not_picked":["PathToVictory","Halt"],"picked":"CutThroughFate","floor":2},{"not_picked":["Halt","Protect"],"picked":"ThirdEye","floor":3},{"not_picked":["ThirdEye","Conclude"],"picked":"Scrawl","floor":5},{"not_picked":["Prostrate","Indignation"],"picked":"JustLucky","floor":6}],"player_experience":2488137,"relics_obtained":[{"floor":6,"key":"Shuriken"}],"event_choices":[{"damage_healed":0,"gold_gain":0,"player_choice":"Grow","damage_taken":0,"max_hp_gain":0,"max_hp_loss":0,"event_name":"Living Wall","floor":4,"gold_loss":0,"cards_upgraded":["Eruption"]}],"is_beta":false,"boss_relics":[],"items_purged_floors":[],"is_endless":false,"potions_floor_spawned":[5,6],"killed_by":"Gremlin Nob","ascension_level":20,"potion_discard_per_floor":[[],[],[],[],[],[],[],[]]}