{"neow_bonuses_skipped_log":["REMOVE_CARD","TEN_PERCENT_HP_BONUS","BOSS_RELIC"],"potions_obtained_entropic_brew":[[],[],[],[],[],[],[],[],[],[],[],[],[],[],[],[],[],[],[],[],[],[],[],[],[],[],[],[],[],[],[],[],[],[],[],[],[],[],[],[],[],[],[],[],[],[],[],[],[],[],[],[],[],[],[],[],[]],"neow_costs_skipped_log":["NONE","NONE","NONE"],"gold_per_floor":[15,15,29,42,60,60,115,125,203,128,147,173,234,254,254,333,333,347,297,308,342,357,387,387,415,466,516,551,571,571,252,252,328,328,338,353,373,95,141,176,176,186,186,203,203,217,217,234,234,234,234,234,234,117,147,147],"floor_reached":57,"playtime":29640,"items_purged":["Strike_P","Strike_P","Strike_P"],"score":3037,"play_id":"40557b07-c6e9-42d4-97c0-fb8c3c6d1fb0","local_time":"20240615180639","score_breakdown":["Floors Climbed (57): 285","Enemies Slain (18): 36","Exordium Elites Killed (2): 20","City Elites Killed (3): 60","Beyond Elites Killed (1): 30","Bosses Slain (5): 750","Money Money (1026): 25","Champion (4): 100","Perfect (2): 100","Ascension (20): 1381","Heartbreaker: 250"],"is_ascension_mode":true,"potions_obtained_alchemize":[[],[],[],[],[],[],[],[],[],[],[],[],[],[],[],[],[],[],[],[],[],[],[],[],[],[],[],[],[],[],[],[],[],[],[],[],[],[],[],[],[],[],[],[],[],[],[],[],[],[],[],[],[],[],[],[],[]],"campfire_choices":[{"data":"WheelKick","floor":6.0,"key":"SMITH"},{"data":"1","floor":15.0,"key":"LIFT"},{"data":"Vault","floor":24.0,"key":"SMITH"},{"data":"Adaptation","floor":32,"key":"SMITH"},{"data":"Scrawl","floor":45,"key":"SMITH"},{"floor":47,"key":"RECALL"},{"data":"2","floor":49,"key":"LIFT"},{"data":"3","floor":53,"key":"LIFT"}],"lesson_learned_per_floor":[[],[],[],[],[],[],[],[],[],[],[],[],[],[],[],[],[],[],[],[],[],[],[],[],[],[],[],[],[],[],[],[],[],[],[],[],[],[],[],[],[],[],[],[],[],[],[],[],[],[],[],[],[],[],[],[],[]],"neow_cost":"NO_GOLD","improvable_cards":{},"seed_source_timestamp":0,"shop_contents":[{"floor":31,"relics":["Pear"],"cards":["Consecrate","CutThroughFate","Crescendo","InnerPeace","Flash of Steel","Violence"],"potions":["Block Potion","LiquidMemories","Swift Potion"]},{"floor":38,"relics":["Juzu Bracelet"],"cards":["SignatureMove","SashWhip","EmptyBody","Protect","Fasting2","Jack Of All Trades","Secret Weapon"],"potions":["BottledMiracle","AttackPotion","StancePotion"]},{"floor":54,"relics":["Mercury Hourglass","StrikeDummy","Chemical X"],"cards":["SandsOfTime","CrushJoints","DeusExMachina","LikeWater","Swift Strike","Sadistic Nature"],"potions":["ColorlessPotion","Ancient Potion"]}],"circlet_count":0,"master_deck":["AscendersBane","Eruption+1","Vigilance","WheelKick+1","EmptyMind","TalkToTheHand","Prostrate","InnerPeace","Crescendo+1","FollowUp","Vault+1","FearNoEvil","MentalFortress","Halt+1","MentalFortress","FlurryOfBlows","CutThroughFate","FlyingSleeves","Wallop","Adaptation+1","Scrawl+1","Prostrate+1","Vault+1","TalkToTheHand+1","Tantrum","Prostrate"],"special_seed":0,"potion_use_per_floor":[[],[],[],[],[],[],["ColorlessPotion","StancePotion"],[],[],[],[],[],[],[],[],["Weak Potion"],[],[],[],[],[],[],["Energy Potion","GamblersBrew"],[],["DuplicationPotion"],[],[],[],[],[],[],[],[],[],[],[],[],[],[],[],[],[],[],[],[],[],[],[],[],[],[],[],[],[],[],["PowerPotion"],[]],"relics":["PureWater","Orichalcum","Yang","Girya","Toy Ornithopter","Runic Pyramid","Red Mask","Bag of Marbles","War Paint","Kunai","Membership Card","Vajra","Coffee Dripper","DollysMirror","Bottled Lightning","CaptainsWheel","Peace Pipe","Shuriken"],"potions_floor_usage":[56],"damage_taken":[{"damage":5.0,"enemies":"Small Slimes","floor":1.0,"turns":2.0},{"damage":0.0,"enemies":"Cultist","floor":3.0,"turns":2.0},{"damage":0.0,"enemies":"Jaw Worm","floor":4.0,"turns":1.0},{"damage":1.0,"enemies":"Blue Slaver","floor":5.0,"turns":3.0},{"damage":0.0,"enemies":"3 Sentries","floor":7.0,"turns":2.0},{"damage":10.0,"enemies":"Exordium Thugs","floor":8.0,"turns":4.0},{"damage":0.0,"enemies":"Large Slime","floor":11.0,"turns":2.0},{"damage":10.0,"enemies":"Gremlin Nob","floor":12.0,"turns":3.0},{"damage":17.0,"enemies":"3 Sentries","floor":13.0,"turns":9.0},{"damage":0.0,"enemies":"Blue Slaver","floor":14.0,"turns":3.0},{"damage":0.0,"enemies":"Slime Boss","floor":16.0,"turns":6.0},{"damage":0.0,"enemies":"Spheric Guardian","floor":18.0,"turns":2.0},{"damage":0.0,"enemies":"Chosen","floor":20.0,"turns":3.0},{"damage":0.0,"enemies":"Masked Bandits","floor":21.0,"turns":5.0},{"damage":0.0,"enemies":"Snake Plant","floor":22.0,"turns":4.0},{"damage":26.0,"enemies":"Slavers","floor":23.0,"turns":6.0},{"damage":0.0,"enemies":"Gremlin Leader","floor":25.0,"turns":7.0},{"damage":3,"enemies":"Book of Stabbing","floor":28,"turns":4},{"damage":0,"enemies":"Chosen and Byrds","floor":29,"turns":6},{"damage":7,"enemies":"Champ","floor":33,"turns":8},{"damage":0,"enemies":"3 Darklings","floor":35,"turns":3},{"damage":0,"enemies":"Orb Walker","floor":36,"turns":2},{"damage":0,"enemies":"Transient","floor":37,"turns":7},{"damage":0,"enemies":"2 Orb Walkers","floor":39,"turns":3},{"damage":0,"enemies":"Nemesis","floor":40,"turns":2},{"damage":0,"enemies":"3 Darklings","floor":42,"turns":4},{"damage":0,"enemies":"Maw","floor":44,"turns":4},{"damage":0,"enemies":"Transient","floor":46,"turns":6},{"damage":0,"enemies":"Jaw Worm Horde","floor":48,"turns":2},{"damage":8,"enemies":"Awakened One","floor":50,"turns":7},{"damage":0,"enemies":"Donu and Deca","floor":51,"turns":7},{"damage":0,"enemies":"Shield and Spear","floor":55,"turns":5},{"damage":11,"enemies":"The Heart","floor":56,"turns":7}],"green_key_taken_log":40,"seed_played":"7604336184941970777","neow_bonus_log":{"cardsObtained":[],"cardsUpgraded":[],"cardsRemoved":["Defend_P","Defend_P"],"cardsTransformed":[],"relicsObtained":[],"maxHpGained":0,"goldGained":0,"damageTaken":0,"goldLost":99,"maxHpLost":0},"potions_obtained":[{"floor":3.0,"key":"SmokeBomb"},{"floor":4.0,"key":"ColorlessPotion"},{"floor":5.0,"key":"StancePotion"},{"floor":7.0,"key":"GamblersBrew"},{"floor":12.0,"key":"Weak Potion"},{"floor":16.0,"key":"Energy Potion"},{"floor":23.0,"key":"DuplicationPotion"},{"floor":28,"key":"FearPotion"},{"floor":29,"key":"AttackPotion"},{"floor":37,"key":"Swift Potion"},{"floor":40,"key":"Energy Potion"}],"is_trial":false,"path_per_floor":["M","?","M","M","M","R","E","M","T","?","M","E","?","M","R","B",null,"M","?","M","?","M","E","R","E","T","?","E","M","?","$","R","B",null,"M","M","M","$","?","E","?","M","T","M","R","M","R","M","R","B","B",null,"R","$","E","B",null],"character_chosen":"WATCHER","basemod:card_modifiers":[null,null,null,null,null,null,null,null,null,null,null,null,null,null,null,null,null,null,null,null,null,null,null,null,null,null],"items_purchased":["Membership Card","Adaptation","Vajra","DollysMirror","Bottled Lightning","Prostrate","PowerPotion"],"campfire_rested":0,"item_purchase_floors":[31,31,31,38,38,54,54],"current_hp_per_floor":[56,56,56,56,55,55,55,45,45,45,45,35,18,18,18,23,57,57,57,57,57,57,41,41,46,46,46,43,43,43,43,43,36,60,60,60,60,60,60,60,60,60,60,60,60,60,60,60,60,52,52,64,64,64,64,58],"gold":147,"neow_bonus":"REMOVE_TWO","is_prod":false,"is_daily":false,"rewards_skipped":[{"floor":20,"relics":[],"potions":["ColorlessPotion"]},{"floor":25,"relics":["Bottled Flame"],"potions":[]},{"floor":44,"relics":[],"potions":["Weak Potion"]}],"chose_seed":false,"campfire_upgraded":4,"win_rate":0,"floor_exit_playtime":[43,50,64,86,122,128,172,232,235,243,269,296,432,483,493,589,18952,19009,19016,19063,19153,19208,19389,19395,19588,19593,19596,19707,19827,19841,19861,19869,20089,20104,20216,20252,20431,20485,20548,20604,20622,20675,20683,20810,20853,21023,21028,22799,22805,23062,23232,23243,23271,29307,29448,29640],"timestamp":1718489199,"blue_key_relic_skipped_log":{"floor":43,"relicID":"MealTicket"},"path_taken":["M","?","M","M","M","R","E","M","T","?","M","E","?","M","R","BOSS","M","?","?","?","M","E","R","E","T","?","E","?","?","$","R","BOSS","M","M","M","$","?","E","?","M","T","M","R","M","R","?","R","BOSS","BOSS","R","$","E","BOSS"],"build_version":"2022-12-18","purchased_purges":3,"victory":true,"max_hp_per_floor":[68,68,68,68,68,68,68,68,68,68,68,68,68,68,68,68,68,68,68,68,68,68,68,68,68,68,68,68,68,68,68,68,68,68,68,68,68,68,68,68,68,68,68,68,68,68,68,68,68,68,68,68,68,68,68,68],"relic_stats":{"Girya":3,"counters":[33,141],"Yang":[413],"Orichalcum":[168],"War Paint":["Crescendo","Halt"],"Peace Pipe":0,"Shuriken":[10],"Kunai":[78],"Membership Card":546,"Bottled Lightning":"Vault","PureWater":[30],"obtain_stats":[{"Girya":12,"Vajra":31,"Yang":9,"Orichalcum":7,"War Paint":26,"Peace Pipe":40,"CaptainsWheel":39,"DollysMirror":38,"Shuriken":55,"Red Mask":21,"Bag of Marbles":23,"Coffee Dripper":34,"Kunai":28,"Membership Card":31,"Bottled Lightning":38,"PureWater":0,"Toy Ornithopter":13,"Runic Pyramid":17},{"Girya":8,"Vajra":19,"Yang":6,"Orichalcum":5,"War Paint":17,"Peace Pipe":25,"CaptainsWheel":24,"DollysMirror":23,"Shuriken":32,"Red Mask":14,"Bag of Marbles":16,"Coffee Dripper":20,"Kunai":18,"Membership Card":19,"Bottled Lightning":23,"PureWater":0,"Toy Ornithopter":8,"Runic Pyramid":11},{"Girya":19,"Vajra":74,"Yang":14,"Orichalcum":10,"War Paint":64,"Peace Pipe":99,"CaptainsWheel":97,"DollysMirror":94,"Shuriken":134,"Red Mask":47,"Bag of Marbles":57,"Coffee Dripper":82,"Kunai":68,"Membership Card":74,"Bottled Lightning":94,"PureWater":0,"Toy Ornithopter":19,"Runic Pyramid":37}],"Toy Ornithopter":25},"card_choices":[{"not_picked":["FollowUp","EmptyBody"],"picked":"WheelKick","floor":1.0},{"not_picked":["Protect","ClearTheMind"],"picked":"EmptyMind","floor":3.0},{"not_picked":["WaveOfTheHand","Pray"],"picked":"TalkToTheHand","floor":4.0},{"not_picked":["Fasting2","ClearTheMind","FlyingSleeves"],"picked":"SKIP","floor":5.0},{"not_picked":["CrushJoints","ClearTheMind","PathToVictory"],"picked":"SKIP","floor":7.0},{"not_picked":["Wish","Protect","CrushJoints"],"picked":"SKIP","floor":8.0},{"not_picked":["ClearTheMind","EmptyFist"],"picked":"Prostrate","floor":11.0},{"not_picked":["LikeWater","WreathOfFlame"],"picked":"InnerPeace","floor":12.0},{"not_picked":["EmptyMind","JustLucky"],"picked":"Crescendo","floor":13.0},{"not_picked":["ThirdEye","FlyingSleeves"],"picked":"FollowUp","floor":14.0},{"not_picked":["MasterReality","ConjureBlade"],"picked":"Vault","floor":16.0},{"not_picked":["FollowUp+1","CutThroughFate+1"],"picked":"FearNoEvil","floor":18.0},{"not_picked":["Tantrum","FearNoEvil"],"picked":"MentalFortress","floor":20.0},{"not_picked":["ClearTheMind+1","FollowUp","Prostrate"],"picked":"SKIP","floor":21.0},{"not_picked":["LikeWater","EmptyBody"],"picked":"Halt","floor":22.0},{"not_picked":["Sanctity","ClearTheMind"],"picked":"MentalFortress","floor":23.0},{"not_picked":["Devotion","EmptyFist"],"picked":"FlurryOfBlows","floor":25},{"not_picked":["EmptyBody","FlurryOfBlows+1","EmptyFist"],"picked":"SKIP","floor":28},{"not_picked":["EmptyFist","Protect+1"],"picked":"CutThroughFate","floor":29},{"not_picked":["Judgement","Devotion"],"picked":"Scrawl","floor":33},{"not_picked":["MentalFortress","ReachHeaven+1","CarveReality"],"picked":"SKIP","floor":35},{"not_picked":["Consecrate+1","EmptyFist"],"picked":"Prostrate+1","floor":36},{"not_picked":["Protect+1","FlurryOfBlows","InnerPeace"],"picked":"SKIP","floor":37},{"not_picked":["WaveOfTheHand","EmptyMind+1","PathToVictory"],"picked":"SKIP","floor":39},{"not_picked":["BowlingBash","Alpha","Protect"],"picked":"SKIP","floor":40},{"not_picked":["Wallop","EmptyFist+1","FlyingSleeves"],"picked":"SKIP","floor":42},{"not_picked":["Consecrate","Evaluate","ClearTheMind"],"picked":"SKIP","floor":44},{"not_picked":["Consecrate","Evaluate","ClearTheMind"],"picked":"SKIP","floor":44},{"not_picked":["Wireheading+1","FollowUp"],"picked":"TalkToTheHand+1","floor":46},{"not_picked":["Blasphemy","EmptyFist+1"],"picked":"Tantrum","floor":48},{"not_picked":["EmptyFist","Tantrum+1","Fasting2"],"picked":"SKIP","floor":55}],"player_experience":2492275,"relics_obtained":[{"floor":7.0,"key":"Orichalcum"},{"floor":9.0,"key":"Yang"},{"floor":12.0,"key":"Girya"},{"floor":21.0,"key":"Red Mask"},{"floor":23.0,"key":"Bag of Marbles"},{"floor":26,"key":"War Paint"},{"floor":28,"key":"Kunai"},{"floor":39,"key":"CaptainsWheel"},{"floor":40,"key":"Peace Pipe"},{"floor":55,"key":"Shuriken"}],"event_choices":[{"damage_healed":0.0,"max_hp_gain":0.0,"max_hp_loss":0.0,"gold_gain":0.0,"event_name":"Living Wall","player_choice":"Grow","floor":2.0,"gold_loss":0.0,"damage_taken":0.0,"cards_upgraded":["Eruption"]},{"cards_removed":["Strike_P"],"damage_healed":0.0,"max_hp_gain":0.0,"max_hp_loss":0.0,"gold_gain":0.0,"event_name":"The Cleric","player_choice":"Card Removal","floor":10.0,"gold_loss":75.0,"damage_taken":0.0},{"damage_healed":0.0,"max_hp_gain":0.0,"max_hp_loss":0.0,"gold_gain":0.0,"event_name":"Dead Adventurer","player_choice":"Searched \u00272\u0027 times","floor":13.0,"gold_loss":0.0,"damage_taken":0.0,"relics_obtained":["Toy Ornithopter"]},{"damage_healed":0.0,"max_hp_gain":0.0,"max_hp_loss":0.0,"gold_gain":0.0,"event_name":"The Joust","player_choice":"Bet on Murderer","floor":19.0,"gold_loss":50.0,"damage_taken":0.0},{"damage_healed":0.0,"max_hp_gain":0.0,"max_hp_loss":0.0,"gold_gain":0.0,"event_name":"Masked Bandits","player_choice":"Fought Bandits","floor":21.0,"gold_loss":0.0,"damage_taken":0.0},{"damage_healed":0,"gold_gain":50,"player_choice":"Pray","damage_taken":0,"max_hp_gain":0,"max_hp_loss":0,"event_name":"Golden Shrine","floor":27,"gold_loss":0},{"damage_healed":0,"gold_gain":0,"cards_transformed":["Defend_P","Defend_P"],"player_choice":"Became Test Subject","damage_taken":0,"max_hp_gain":0,"max_hp_loss":0,"event_name":"Drug Dealer","floor":30,"gold_loss":0,"cards_obtained":["FlyingSleeves","Wallop"]},{"damage_healed":0,"gold_gain":0,"player_choice":"Fight","damage_taken":0,"max_hp_gain":0,"max_hp_loss":0,"event_name":"Mysterious Sphere","floor":39,"gold_loss":0},{"damage_healed":0,"gold_gain":0,"player_choice":"0 cards matched","damage_taken":0,"max_hp_gain":0,"max_hp_loss":0,"event_name":"Match and Keep!","floor":41,"gold_loss":0,"cards_obtained":[]}],"is_beta":false,"boss_relics":[{"not_picked":["Calling Bell","Ectoplasm"],"picked":"Runic Pyramid"},{"not_picked":["Black Star","Philosopher\u0027s Stone"],"picked":"Coffee Dripper"}],"items_purged_floors":[31,38,54],"is_endless":false,"potions_floor_spawned":[3,4,5,7,12,16,20,23,28,29,37,40,44],"ascension_level":20,"potion_discard_per_floor":[[],[],[],[],["SmokeBomb"],[],[],[],[],[],[],[],[],[],[],[],[],[],[],[],[],[],[],[],[],[],[],[],[],[],[],[],[],[],[],[],["AttackPotion"],[],[],["FearPotion"],[],[],[],[],[],[],[],[],[],[],[],[],[],["Energy Potion"],[],[],[]]}