{"neow_bonuses_skipped_log":["THREE_ENEMY_KILL","RANDOM_COLORLESS_2","BOSS_RELIC"],"potions_obtained_entropic_brew":[[],[],[],[],[],[],[],[],[],[],[],[],[],[],[],[],[],[],[],[],[],[]],"neow_costs_skipped_log":["NONE","CURSE","NONE"],"gold_per_floor":[113,123,141,141,164,164,207,207,231,250,284,120,120,160,172,283,295,332,344,372,402,414],"floor_reached":22,"playtime":1203,"items_purged":["Strike_P"],"score":512,"play_id":"c7920b6e-f5fc-4d98-9330-a87f4d42d062","local_time":"20240617190211","score_breakdown":["Floors Climbed (22): 110","Enemies Slain (8): 16","Exordium Elites Killed (3): 30","City Elites Killed (0): 0","Bosses Slain (1): 50","Champion (2): 50","Ascension (20): 256"],"is_ascension_mode":true,"potions_obtained_alchemize":[[],[],[],[],[],[],[],[],[],[],[],[],[],[],[],[],[],[],[],[],[],[]],"campfire_choices":[{"data":"Conclude","floor":6,"key":"SMITH"},{"data":"Establishment","floor":13,"key":"SMITH"},{"data":"Meditate","floor":15,"key":"SMITH"}],"lesson_learned_per_floor":[[],[],[],[],[],[],[],[],[],[],[],[],[],[],[],[],[],[],[],[],[],[]],"neow_cost":"NONE","improvable_cards":{},"seed_source_timestamp":482244472005300,"shop_contents":[{"floor":12,"relics":["Vajra","StoneCalendar","Cauldron"],"cards":["Conclude","SandsOfTime","PathToVictory","BattleHymn","Purity","Master of Strategy"],"potions":["ColorlessPotion","Fire Potion","SteroidPotion"]}],"circlet_count":0,"master_deck":["AscendersBane","Eruption","Vigilance","Halt","CrushJoints","Meditate+1","FlurryOfBlows","Conclude+1","Scrawl","Establishment+1","SandsOfTime","Crescendo","EmptyMind","Vault","Halt","Worship","Alpha","CrushJoints","ConjureBlade","CrushJoints","DeceiveReality","FearNoEvil+1"],"potion_use_per_floor":[[],[],[],[],[],[],["SkillPotion"],[],[],[],["BlessingOfTheForge"],[],[],[],[],[],[],[],[],["GamblersBrew"],[],[]],"relics":["PureWater","Golden Idol","Centennial Puzzle","PreservedInsect","Tiny Chest","MawBank","Pandora\u0027s Box"],"potions_floor_usage":[7,11,20],"damage_taken":[{"damage":0,"enemies":"Jaw Worm","floor":1,"turns":3},{"damage":0,"enemies":"2 Louse","floor":2,"turns":4},{"damage":0,"enemies":"Cultist","floor":3,"turns":3},{"damage":4,"enemies":"2 Fungi Beasts","floor":5,"turns":4},{"damage":0,"enemies":"Lagavulin","floor":7,"turns":4},{"damage":3,"enemies":"Looter","floor":10,"turns":2},{"damage":4,"enemies":"3 Sentries","floor":11,"turns":4},{"damage":0,"enemies":"Lagavulin","floor":14,"turns":4},{"damage":10,"enemies":"The Guardian","floor":16,"turns":8},{"damage":12,"enemies":"Chosen","floor":18,"turns":3},{"damage":7,"enemies":"3 Byrds","floor":20,"turns":3},{"damage":14,"enemies":"Centurion and Healer","floor":21,"turns":2},{"damage":34,"enemies":"3 Cultists","floor":22,"turns":6}],"seed_played":"-6075693794524137755","neow_bonus_log":{"cardsObtained":["Halt"],"cardsUpgraded":[],"cardsRemoved":[],"cardsTransformed":["Defend_P"],"relicsObtained":[],"maxHpGained":0,"goldGained":0,"damageTaken":0,"goldLost":0,"maxHpLost":0},"potions_obtained":[{"floor":2,"key":"Ancient Potion"},{"floor":3,"key":"SkillPotion"},{"floor":10,"key":"BlessingOfTheForge"},{"floor":11,"key":"GamblersBrew"}],"is_trial":false,"path_per_floor":["M","M","M","?","M","R","E","?","T","M","E","$","R","E","R","B",null,"M","?","M","M","M"],"character_chosen":"WATCHER","basemod:card_modifiers":[null,null,null,null,null,null,null,null,null,null,null,null,null,null,null,null,null,null,null,null,null,null],"items_purchased":["EmptyMind"],"campfire_rested":0,"item_purchase_floors":[12],"current_hp_per_floor":[61,61,61,61,57,57,57,57,57,54,50,50,50,50,50,40,57,45,45,38,24,0],"gold":414,"neow_bonus":"TRANSFORM_CARD","is_prod":false,"is_daily":false,"rewards_skipped":[{"floor":16,"relics":[],"potions":["SmokeBomb"]}],"chose_seed":false,"campfire_upgraded":3,"win_rate":0,"floor_exit_playtime":[183,231,262,266,356,362,409,433,436,485,569,620,625,676,681,826,855,907,913,1025,1072],"timestamp":1718665331,"path_taken":["M","M","M","?","M","R","E","?","T","M","E","$","R","E","R","BOSS","M","?","M","M","M"],"build_version":"2022-12-18","purchased_purges":1,"victory":false,"max_hp_per_floor":[68,68,68,62,62,62,62,62,62,62,62,62,62,62,62,62,62,62,62,62,62,62],"relic_stats":{"Centennial Puzzle":[21],"counters":[13,50],"Golden Idol":65,"Tiny Chest":0,"Pandora\u0027s Box":["Halt","Worship","Alpha","CrushJoints","ConjureBlade","CrushJoints"],"PreservedInsect":61,"PureWater":[13],"MawBank":96,"obtain_stats":[{"Centennial Puzzle":7,"Golden Idol":4,"Tiny Chest":11,"Pandora\u0027s Box":17,"PreservedInsect":9,"PureWater":0,"MawBank":14},{"Centennial Puzzle":5,"Golden Idol":3,"Tiny Chest":7,"Pandora\u0027s Box":9,"PreservedInsect":5,"PureWater":0,"MawBank":8},{"Centennial Puzzle":18,"Golden Idol":10,"Tiny Chest":24,"Pandora\u0027s Box":36,"PreservedInsect":18,"PureWater":0,"MawBank":28}]},"card_choices":[{"not_picked":["Crescendo","Halt"],"picked":"CrushJoints","floor":1},{"not_picked":["PathToVictory","Protect"],"picked":"Meditate","floor":2},{"not_picked":["FollowUp","Sanctity"],"picked":"FlurryOfBlows","floor":3},{"not_picked":["Protect","EmptyFist"],"picked":"Conclude","floor":5},{"not_picked":["CrushJoints","Protect"],"picked":"Scrawl","floor":7},{"not_picked":["Vengeance","EmptyFist"],"picked":"SandsOfTime","floor":10},{"not_picked":["EmptyBody","Prostrate"],"picked":"Crescendo","floor":11},{"not_picked":["Protect","Crescendo"],"picked":"Vault","floor":14},{"not_picked":["DevaForm","Devotion","ConjureBlade"],"picked":"SKIP","floor":16},{"not_picked":["ClearTheMind","Crescendo+1"],"picked":"DeceiveReality","floor":18},{"not_picked":["FlurryOfBlows","SashWhip","Halt"],"picked":"SKIP","floor":20},{"not_picked":["FlyingSleeves","EmptyBody"],"picked":"FearNoEvil+1","floor":21}],"player_experience":2530832,"relics_obtained":[{"floor":7,"key":"Centennial Puzzle"},{"floor":9,"key":"PreservedInsect"},{"floor":11,"key":"Tiny Chest"},{"floor":14,"key":"MawBank"}],"event_choices":[{"damage_healed":0,"gold_gain":0,"player_choice":"Lose Max HP","damage_taken":0,"relics_obtained":["Golden Idol"],"max_hp_gain":0,"max_hp_loss":6,"event_name":"Golden Idol","floor":4,"gold_loss":0},{"damage_healed":0,"gold_gain":0,"player_choice":"1 cards matched","damage_taken":0,"max_hp_gain":0,"max_hp_loss":0,"event_name":"Match and Keep!","floor":8,"gold_loss":0,"cards_obtained":["Establishment"]},{"damage_healed":0,"gold_gain":0,"player_choice":"Ignored","damage_taken":0,"max_hp_gain":0,"max_hp_loss":0,"event_name":"Cursed Tome","floor":19,"gold_loss":0}],"is_beta":false,"boss_relics":[{"not_picked":["SlaversCollar","Fusion Hammer"],"picked":"Pandora\u0027s Box"}],"items_purged_floors":[12],"is_endless":false,"potions_floor_spawned":[2,3,10,11,16],"killed_by":"3 Cultists","ascension_level":20,"potion_discard_per_floor":[[],[],[],[],[],[],[],[],[],[],[],[],[],[],[],[],[],[],[],[],[],[]]}