{"neow_bonuses_skipped_log":["THREE_CARDS","TEN_PERCENT_HP_BONUS","BOSS_RELIC"],"neow_costs_skipped_log":["NONE","NONE","NONE"],"potions_obtained_entropic_brew":[[],[],[],[],[],[],[],[],[],[],[],[],[],[],[],[],[],[],[],[],[],[],[],[],[],[],[],[],[],[],[],[],[],[],[],[],[],[],[],[],[],[],[],[],[],[],[],[],[],[],[],[],[],[],[],[],[]],"gold_per_floor":[363,363,383,401,74,107,107,140,140,140,154,184,45,45,45,117,117,127,127,143,160,171,171,202,219,246,246,275,286,4,39,39,114,114,129,139,139,139,159,192,192,202,202,231,251,270,44,63,63,63,63,63,63,10,38,38],"floor_reached":57,"playtime":5250,"items_purged":["Defend_P","Defend_P","Defend_P","Strike_P"],"score":3073,"play_id":"4b919a34-64eb-46f5-ae7e-88045d396d2f","local_time":"20240626183856","score_breakdown":["Floors Climbed (57): 285","Enemies Slain (17): 34","Exordium Elites Killed (3): 30","City Elites Killed (2): 40","Beyond Elites Killed (2): 60","Bosses Slain (5): 750","Well Fed: 25","Champion (3): 75","Perfect (2): 100","C-c-c-combo: 25","Ascension (20): 1399","Heartbreaker: 250"],"is_ascension_mode":true,"potions_obtained_alchemize":[[],[],[],[],[],[],[],[],[],[],[],[],[],[],[],[],[],[],[],[],[],[],[],[],[],[],[],[],[],[],[],[],[],[],[],[],[],[],[],[],[],[],[],[],[],[],[],[],[],[],[],[],[],[],[],[],[]],"campfire_choices":[{"data":"Apotheosis","floor":7.0,"key":"SMITH"},{"data":"CarveReality","floor":10.0,"key":"SMITH"},{"data":"ThirdEye","floor":15.0,"key":"SMITH"},{"floor":23,"key":"REST"},{"floor":27,"key":"REST"},{"floor":32,"key":"REST"},{"floor":41,"key":"REST"},{"floor":49,"key":"RECALL"},{"floor":53,"key":"REST"}],"lesson_learned_per_floor":[[],[],[],[],[],[],[],[],[],[],[],[],[],[],[],[],[],[],[],[],[],[],[],[],[],[],[],[],[],[],[],[],[],[],[],[],[],[],[],[],[],[],[],[],[],[],[],[],[],[],[],[],[],[],[],[],[]],"neow_cost":"TEN_PERCENT_HP_LOSS","improvable_cards":{},"seed_source_timestamp":1254353216384800,"shop_contents":[{"floor":5,"relics":["Sundial","Mercury Hourglass","Frozen Eye"],"cards":["FollowUp","ReachHeaven","ClearTheMind","Sanctity","Nirvana","Madness"],"potions":["AttackPotion","Fire Potion"]},{"floor":13,"relics":["Pantograph","Mango","Melange"],"cards":["Consecrate","BowlingBash","Vengeance","Study","Flash of Steel","Secret Weapon"],"potions":["ColorlessPotion","DistilledChaos","Dexterity Potion"]},{"floor":30,"relics":["Tiny Chest","Strawberry","Lee\u0027s Waffle"],"cards":["Ragnarok","Wallop","Prostrate","Forethought","Apotheosis"],"potions":["Regen Potion","SpeedPotion","Explosive Potion"]},{"floor":47,"relics":["Ginger","Centennial Puzzle","Orrery"],"cards":["FlurryOfBlows","CrushJoints","ThirdEye","WreathOfFlame","Jack Of All Trades","The Bomb"],"potions":["SteroidPotion","Block Potion","Swift Potion"]},{"floor":54,"relics":["Bronze Scales","Gambling Chip","Chemical X"],"cards":["EmptyFist","LessonLearned","Crescendo","Halt","Fasting2","Dramatic Entrance","Panache"],"potions":["BottledMiracle","Dexterity Potion"]}],"circlet_count":0,"master_deck":["AscendersBane","Strike_P","Eruption+1","Vigilance","BowlingBash","CarveReality+1","Apotheosis+1","InnerPeace","ThirdEye+1","InnerPeace+1","Scrawl","WheelKick+1","Prostrate","EmptyMind","LikeWater+1","Prostrate+1","MentalFortress","Meditate","Scrawl","Madness","Madness","Tantrum","Adaptation"],"special_seed":0,"potion_use_per_floor":[[],[],[],[],[],["Fire Potion"],[],["SteroidPotion"],[],[],[],[],[],[],[],["CultistPotion"],[],[],[],["Fire Potion"],["Fruit Juice"],["BottledMiracle"],[],["PowerPotion"],["Block Potion"],[],[],["GamblersBrew","Energy Potion"],["BottledMiracle"],[],[],[],[],[],[],[],[],[],[],["Explosive Potion"],[],["Dexterity Potion"],[],["SpeedPotion"],["Dexterity Potion"],["EssenceOfSteel"],[],["Dexterity Potion"],[],[],["GamblersBrew"],[],[],[],[],["Swift Potion","Ambrosia"],[]],"relics":["PureWater","Damaru","White Beast Statue","GoldenEye","Fusion Hammer","Singing Bowl","Toy Ornithopter","Kunai","Red Mask","Letter Opener","Bottled Lightning","War Paint"],"potions_floor_usage":[22,24,25,28,28,29,40,42,44,45,46,48,51,56,56],"damage_taken":[{"damage":0.0,"enemies":"2 Louse","floor":1.0,"turns":2.0},{"damage":6.0,"enemies":"Cultist","floor":3.0,"turns":4.0},{"damage":7.0,"enemies":"Jaw Worm","floor":4.0,"turns":5.0},{"damage":0.0,"enemies":"Gremlin Nob","floor":6.0,"turns":2.0},{"damage":2.0,"enemies":"3 Sentries","floor":8.0,"turns":4.0},{"damage":9.0,"enemies":"Exordium Thugs","floor":11.0,"turns":4.0},{"damage":8.0,"enemies":"Gremlin Nob","floor":12.0,"turns":3.0},{"damage":27.0,"enemies":"Hexaghost","floor":16.0,"turns":7.0},{"damage":0.0,"enemies":"Spheric Guardian","floor":18.0,"turns":2.0},{"damage":9.0,"enemies":"2 Thieves","floor":20.0,"turns":2.0},{"damage":0.0,"enemies":"Cultist and Chosen","floor":21.0,"turns":3.0},{"damage":0,"enemies":"Centurion and Healer","floor":22,"turns":3},{"damage":25,"enemies":"Gremlin Leader","floor":24,"turns":4},{"damage":17,"enemies":"Shelled Parasite and Fungi","floor":25,"turns":3},{"damage":12,"enemies":"Slavers","floor":28,"turns":3},{"damage":0,"enemies":"3 Cultists","floor":29,"turns":3},{"damage":6,"enemies":"Masked Bandits","floor":31,"turns":3},{"damage":0,"enemies":"Automaton","floor":33,"turns":6},{"damage":0,"enemies":"Orb Walker","floor":35,"turns":3},{"damage":9,"enemies":"3 Shapes","floor":36,"turns":2},{"damage":5,"enemies":"3 Darklings","floor":39,"turns":3},{"damage":9,"enemies":"Reptomancer","floor":40,"turns":4},{"damage":0,"enemies":"Spire Growth","floor":42,"turns":3},{"damage":0,"enemies":"Nemesis","floor":44,"turns":5},{"damage":32,"enemies":"Jaw Worm Horde","floor":45,"turns":3},{"damage":17,"enemies":"Writhing Mass","floor":46,"turns":4},{"damage":0,"enemies":"Spire Growth","floor":48,"turns":2},{"damage":0,"enemies":"Donu and Deca","floor":50,"turns":3},{"damage":50,"enemies":"Time Eater","floor":51,"turns":11},{"damage":0,"enemies":"Shield and Spear","floor":55,"turns":3},{"damage":42,"enemies":"The Heart","floor":56,"turns":7}],"green_key_taken_log":40,"seed_played":"8589031390303176439","neow_bonus_log":{"cardsObtained":[],"cardsUpgraded":[],"cardsRemoved":[],"cardsTransformed":[],"relicsObtained":[],"maxHpGained":0,"goldGained":250,"damageTaken":0,"goldLost":0,"maxHpLost":6},"potions_obtained":[{"floor":1.0,"key":"CultistPotion"},{"floor":6.0,"key":"SteroidPotion"},{"floor":8.0,"key":"Fire Potion"},{"floor":16.0,"key":"PowerPotion"},{"floor":20.0,"key":"Fruit Juice"},{"floor":21.0,"key":"BottledMiracle"},{"floor":22,"key":"GamblersBrew"},{"floor":24,"key":"Block Potion"},{"floor":25,"key":"Energy Potion"},{"floor":28,"key":"BottledMiracle"},{"floor":29,"key":"Energy Potion"},{"floor":31,"key":"SpeedPotion"},{"floor":33,"key":"Explosive Potion"},{"floor":35,"key":"GamblersBrew"},{"floor":40,"key":"Dexterity Potion"},{"floor":42,"key":"SpeedPotion"},{"floor":44,"key":"Dexterity Potion"},{"floor":45,"key":"EssenceOfSteel"},{"floor":46,"key":"Dexterity Potion"},{"floor":48,"key":"BottledMiracle"},{"floor":55,"key":"Ambrosia"}],"is_trial":false,"path_per_floor":["M","?","M","M","$","E","R","E","T","R","M","E","$","?","R","B",null,"M","?","M","M","M","R","E","M","T","R","E","M","$","?","R","B",null,"M","M","?","?","M","E","R","M","T","E","M","M","$","M","R","B","B",null,"R","$","E","B",null],"character_chosen":"WATCHER","basemod:card_modifiers":[null,null,null,null,null,null,null,null,null,null,null,null,null,null,null,null,null,null,null,null,null,null,null],"items_purchased":["Fire Potion","Apotheosis","InnerPeace","MentalFortress","Meditate","Adaptation","Swift Potion"],"campfire_rested":5,"item_purchase_floors":[5,5,13,30,30,47,54],"current_hp_per_floor":[61,61,55,48,48,48,48,46,46,46,37,29,29,29,29,2,47,47,47,38,43,43,63,38,23,23,43,41,48,48,44,65,65,71,73,66,52,52,47,45,68,75,75,82,57,47,47,54,54,54,9,69,89,89,91,56],"gold":38,"neow_bonus":"TWO_FIFTY_GOLD","is_prod":false,"is_daily":false,"rewards_skipped":[{"floor":8,"relics":["Dead Branch"],"potions":[]},{"floor":11,"relics":[],"potions":["LiquidBronze"]},{"floor":12,"relics":[],"potions":["Block Potion"]},{"floor":18,"relics":[],"potions":["Dexterity Potion"]},{"floor":36,"relics":[],"potions":["AttackPotion"]},{"floor":39,"relics":[],"potions":["BlessingOfTheForge"]}],"chose_seed":false,"campfire_upgraded":3,"win_rate":0,"floor_exit_playtime":[44,60,97,140,224,260,268,536,539,547,693,1379,1399,1404,1409,1500,1959,2017,2025,2084,2641,2699,2703,2811,2913,2915,2917,3021,3092,3113,3179,3182,3282,3298,3367,3426,3435,3447,3523,3647,3651,3732,3736,3886,3961,4068,4085,4173,4175,4287,4793,4804,4807,4815,4951,5250],"timestamp":1719441536,"blue_key_relic_skipped_log":{"floor":43,"relicID":"Girya"},"path_taken":["M","?","M","?","$","E","R","E","T","R","M","E","$","?","R","BOSS","M","?","M","M","M","R","E","M","T","R","E","M","$","?","R","BOSS","M","M","?","?","M","E","R","M","T","E","M","?","?","M","R","BOSS","BOSS","R","$","E","BOSS"],"build_version":"2022-12-18","purchased_purges":4,"victory":true,"max_hp_per_floor":[62,62,62,62,62,62,62,62,62,62,62,62,62,62,62,62,62,62,62,62,67,67,67,67,69,69,69,69,71,71,73,73,73,73,75,77,77,77,77,79,79,81,81,83,85,87,87,89,89,89,89,89,89,89,91,91],"relic_stats":{"Singing Bowl":24,"counters":[31,116],"Kunai":[43],"Letter Opener":[306],"Bottled Lightning":"Apotheosis","PureWater":[42],"War Paint":["Prostrate","InnerPeace"],"GoldenEye":[44],"obtain_stats":[{"Singing Bowl":24,"Damaru":6,"Fusion Hammer":17,"Red Mask":31,"Kunai":28,"Letter Opener":40,"Bottled Lightning":44,"PureWater":0,"War Paint":55,"GoldenEye":12,"White Beast Statue":9,"Toy Ornithopter":26},{"Singing Bowl":13,"Damaru":4,"Fusion Hammer":8,"Red Mask":17,"Kunai":15,"Letter Opener":22,"Bottled Lightning":24,"PureWater":0,"War Paint":30,"GoldenEye":7,"White Beast Statue":5,"Toy Ornithopter":14},{"Singing Bowl":45,"Damaru":13,"Fusion Hammer":31,"Red Mask":57,"Kunai":51,"Letter Opener":75,"Bottled Lightning":83,"PureWater":0,"War Paint":109,"GoldenEye":24,"White Beast Statue":17,"Toy Ornithopter":48}],"White Beast Statue":[0.0,0.0,0.0,0.4,0.0,0.6000000000000001,0.0,0.0,0.0,0.0,0.0,10.032795955200005],"Toy Ornithopter":57},"card_choices":[{"not_picked":["Worship","ThirdEye"],"picked":"BowlingBash","floor":1.0},{"not_picked":["FlurryOfBlows","ClearTheMind"],"picked":"CarveReality","floor":3.0},{"not_picked":["Prostrate","CrushJoints","WaveOfTheHand"],"picked":"SKIP","floor":4.0},{"not_picked":["Blasphemy","Halt"],"picked":"InnerPeace","floor":6.0},{"not_picked":["WindmillStrike","Crescendo","WreathOfFlame"],"picked":"SKIP","floor":8.0},{"not_picked":["CrushJoints","EmptyBody","FollowUp"],"picked":"SKIP","floor":11.0},{"not_picked":["PathToVictory","LikeWater"],"picked":"ThirdEye","floor":12.0},{"not_picked":["DevaForm","Blasphemy"],"picked":"Scrawl","floor":16.0},{"not_picked":["Protect","Evaluate","JustLucky"],"picked":"SKIP","floor":18.0},{"not_picked":["Crescendo","BowlingBash+1"],"picked":"WheelKick+1","floor":20.0},{"not_picked":["PathToVictory","Consecrate","Prostrate"],"picked":"SKIP","floor":21.0},{"not_picked":["PathToVictory","Consecrate"],"picked":"Prostrate","floor":21.0},{"not_picked":["Consecrate","SashWhip+1"],"picked":"EmptyMind","floor":22},{"not_picked":["SignatureMove","Evaluate"],"picked":"LikeWater+1","floor":24},{"not_picked":["CrushJoints","ConjureBlade","Collect"],"picked":"Singing Bowl","floor":25},{"not_picked":["WaveOfTheHand","ReachHeaven"],"picked":"Prostrate","floor":28},{"not_picked":["EmptyFist","EmptyBody","Protect"],"picked":"Singing Bowl","floor":29},{"not_picked":["Consecrate","Prostrate","Sanctity"],"picked":"Singing Bowl","floor":31},{"not_picked":["Brilliance","MasterReality"],"picked":"Scrawl","floor":33},{"not_picked":["EmptyFist","Vengeance+1","JustLucky"],"picked":"Singing Bowl","floor":35},{"not_picked":["CutThroughFate","WindmillStrike+1","SashWhip"],"picked":"Singing Bowl","floor":36},{"not_picked":["EmptyFist+1","JustLucky"],"picked":"Tantrum","floor":39},{"not_picked":["Protect","Conclude","Wireheading"],"picked":"Singing Bowl","floor":40},{"not_picked":["EmptyBody","FollowUp","FlurryOfBlows"],"picked":"Singing Bowl","floor":42},{"not_picked":["FollowUp","WaveOfTheHand","JustLucky"],"picked":"Singing Bowl","floor":44},{"not_picked":["MasterReality","Weave+1","Vengeance"],"picked":"Singing Bowl","floor":45},{"not_picked":["FlurryOfBlows","ClearTheMind","FlyingSleeves"],"picked":"Singing Bowl","floor":46},{"not_picked":["Tantrum+1","EmptyFist","Pray"],"picked":"Singing Bowl","floor":48},{"not_picked":["Protect","Consecrate+1","ReachHeaven+1"],"picked":"Singing Bowl","floor":55}],"player_experience":2565702,"relics_obtained":[{"floor":6.0,"key":"Damaru"},{"floor":9.0,"key":"White Beast Statue"},{"floor":12.0,"key":"GoldenEye"},{"floor":24,"key":"Singing Bowl"},{"floor":26,"key":"Toy Ornithopter"},{"floor":28,"key":"Kunai"},{"floor":31,"key":"Red Mask"},{"floor":40,"key":"Letter Opener"},{"floor":44,"key":"Bottled Lightning"},{"floor":55,"key":"War Paint"}],"event_choices":[{"damage_healed":0.0,"max_hp_gain":0.0,"max_hp_loss":0.0,"gold_gain":0.0,"event_name":"Upgrade Shrine","player_choice":"Upgraded","floor":2.0,"gold_loss":0.0,"damage_taken":0.0,"cards_upgraded":["Eruption"]},{"cards_removed":["Strike_P"],"damage_healed":0.0,"max_hp_gain":0.0,"max_hp_loss":0.0,"gold_gain":0.0,"event_name":"Purifier","player_choice":"Purged","floor":14.0,"gold_loss":0.0,"damage_taken":0.0},{"cards_removed":["Strike_P"],"damage_healed":0.0,"max_hp_gain":0.0,"max_hp_loss":0.0,"gold_gain":0.0,"event_name":"Back to Basics","player_choice":"Elegance","floor":19.0,"gold_loss":0.0,"damage_taken":0.0},{"damage_healed":0,"gold_gain":0,"player_choice":"Fought Bandits","damage_taken":0,"max_hp_gain":0,"max_hp_loss":0,"event_name":"Masked Bandits","floor":31,"gold_loss":0},{"damage_healed":0,"gold_gain":0,"player_choice":"Embrace Madness","damage_taken":14,"max_hp_gain":0,"max_hp_loss":0,"event_name":"Winding Halls","floor":37,"gold_loss":0,"cards_obtained":["Madness","Madness"]},{"cards_removed":["Defend_P"],"damage_healed":0,"gold_gain":0,"player_choice":"Purged","damage_taken":0,"max_hp_gain":0,"max_hp_loss":0,"event_name":"Purifier","floor":38,"gold_loss":0}],"is_beta":false,"boss_relics":[{"not_picked":["Astrolabe","HolyWater"],"picked":"Fusion Hammer"},{"not_picked":["Sozu","Velvet Choker","Coffee Dripper"]}],"items_purged_floors":[5,13,30,47],"is_endless":false,"potions_floor_spawned":[1,6,8,11,12,16,18,20,21,22,24,25,28,29,31,33,35,36,39,40,42,44,45,46,48,55],"ascension_level":20,"potion_discard_per_floor":[[],[],[],[],[],[],[],[],[],[],[],[],[],[],[],[],[],[],[],[],[],[],[],[],[],[],[],[],[],[],[],[],["SpeedPotion"],[],["Energy Potion"],[],[],[],[],[],[],[],[],[],[],[],[],[],[],[],[],[],[],[],["BottledMiracle"],[],[]]}