{"neow_bonuses_skipped_log":["RANDOM_COLORLESS","THREE_SMALL_POTIONS","BOSS_RELIC"],"neow_costs_skipped_log":["NONE","NONE","NONE"],"potions_obtained_entropic_brew":[[],[],[],[],[],[],[],[],[],[],[],[],[],[],[],[]],"gold_per_floor":[109,126,141,189,264,264,299,1,77,91,110,137,137,137,137,137],"floor_reached":16,"playtime":488,"items_purged":["Strike_P"],"score":220,"play_id":"556c4bfb-91b1-4a7b-950a-96593ccba265","local_time":"20240706155510","score_breakdown":["Floors Climbed (16): 80","Enemies Slain (5): 10","Exordium Elites Killed (2): 20","Bosses Slain (0): 0","Ascension (20): 110"],"is_ascension_mode":true,"potions_obtained_alchemize":[[],[],[],[],[],[],[],[],[],[],[],[],[],[],[],[]],"campfire_choices":[{"data":"ForeignInfluence","floor":6.0,"key":"SMITH"},{"floor":13,"key":"REST"},{"data":"CutThroughFate","floor":15,"key":"SMITH"}],"lesson_learned_per_floor":[[],[],[],[],[],[],[],[],[],["ThirdEye"],["Strike_P"],[],[],[],[],[]],"neow_cost":"TEN_PERCENT_HP_LOSS","improvable_cards":{},"seed_source_timestamp":299109088380900,"shop_contents":[{"floor":8,"relics":["Art of War","HornCleat","DollysMirror"],"cards":["Wallop","Evaluate","DeusExMachina","Study","Purity","Secret Weapon"],"potions":["FearPotion","Ancient Potion"]}],"circlet_count":0,"master_deck":["AscendersBane","Strike_P","Strike_P+1","Strike_P","Defend_P","Defend_P","Eruption","Vigilance","CutThroughFate+1","ThirdEye+1","ForeignInfluence+1","FlurryOfBlows","LessonLearned","Crescendo","Conclude","Brilliance"],"special_seed":0,"potion_use_per_floor":[[],[],[],[],[],[],[],[],[],[],["SkillPotion"],["SkillPotion"],[],[],[],[]],"relics":["PureWater","Juzu Bracelet","Strawberry","Ornamental Fan","Vajra","Golden Idol"],"potions_floor_usage":[11,12],"damage_taken":[{"damage":1.0,"enemies":"Cultist","floor":1.0,"turns":4.0},{"damage":2.0,"enemies":"2 Louse","floor":2.0,"turns":2.0},{"damage":4.0,"enemies":"Small Slimes","floor":3.0,"turns":3.0},{"damage":35,"enemies":"3 Sentries","floor":7,"turns":7},{"damage":0,"enemies":"Blue Slaver","floor":10,"turns":3},{"damage":6,"enemies":"Lots of Slimes","floor":11,"turns":3},{"damage":3,"enemies":"Gremlin Nob","floor":12,"turns":4},{"damage":27,"enemies":"Hexaghost","floor":16,"turns":4}],"seed_played":"-61256906910608645","neow_bonus_log":{"cardsObtained":[],"cardsUpgraded":[],"cardsRemoved":["Defend_P","Defend_P"],"cardsTransformed":[],"relicsObtained":[],"maxHpGained":0,"goldGained":0,"damageTaken":0,"goldLost":0,"maxHpLost":6},"potions_obtained":[{"floor":7,"key":"SkillPotion"},{"floor":11,"key":"BottledMiracle"},{"floor":12,"key":"Energy Potion"}],"is_trial":false,"path_per_floor":["M","M","M","T","?","R","E","$","T","M","M","E","R","?","R","B"],"character_chosen":"WATCHER","basemod:card_modifiers":[null,null,null,null,null,null,null,null,null,null,null,null,null,null,null,null],"items_purchased":["LessonLearned","SkillPotion"],"campfire_rested":1,"item_purchase_floors":[8,8],"current_hp_per_floor":[60,58,54,54,43,43,15,15,15,15,9,6,26,26,26,0],"gold":137,"neow_bonus":"REMOVE_TWO","is_prod":false,"is_daily":false,"rewards_skipped":[],"chose_seed":false,"campfire_upgraded":2,"win_rate":0,"floor_exit_playtime":[46,79,110,113,116,120,208,225,229,279,361,413,420,424,445],"timestamp":1720295710,"path_taken":["M","M","M","?","?","R","E","$","T","M","M","E","R","?","R","BOSS"],"build_version":"2022-12-18","purchased_purges":1,"victory":false,"max_hp_per_floor":[62,62,62,62,62,62,69,69,69,69,69,69,69,63,63,63],"relic_stats":{"counters":[8,30],"Ornamental Fan":[20],"Golden Idol":0,"Juzu Bracelet":0,"PureWater":[6],"obtain_stats":[{"Ornamental Fan":9,"Golden Idol":14,"Strawberry":7,"Vajra":12,"Juzu Bracelet":4,"PureWater":0},{"Ornamental Fan":4,"Golden Idol":7,"Strawberry":4,"Vajra":7,"Juzu Bracelet":3,"PureWater":0},{"Ornamental Fan":16,"Golden Idol":26,"Strawberry":16,"Vajra":26,"Juzu Bracelet":9,"PureWater":0}]},"card_choices":[{"not_picked":["EmptyBody","Weave"],"picked":"CutThroughFate","floor":1.0},{"not_picked":["Prostrate","Sanctity"],"picked":"ThirdEye","floor":2.0},{"not_picked":["Halt","CrushJoints"],"picked":"ForeignInfluence","floor":3.0},{"not_picked":["Wish","JustLucky"],"picked":"FlurryOfBlows","floor":7},{"not_picked":["CrushJoints","Evaluate"],"picked":"Crescendo","floor":10},{"not_picked":["BowlingBash","EmptyBody"],"picked":"Conclude","floor":11},{"not_picked":["Consecrate","ReachHeaven"],"picked":"Brilliance","floor":12}],"player_experience":2614232,"relics_obtained":[{"floor":4.0,"key":"Juzu Bracelet"},{"floor":7,"key":"Strawberry"},{"floor":9,"key":"Ornamental Fan"},{"floor":12,"key":"Vajra"}],"event_choices":[{"damage_healed":0.0,"max_hp_gain":0.0,"max_hp_loss":0.0,"gold_gain":75.0,"event_name":"World of Goop","player_choice":"Gather Gold","floor":5.0,"gold_loss":0.0,"damage_taken":11.0},{"damage_healed":0,"gold_gain":0,"player_choice":"Lose Max HP","damage_taken":0,"relics_obtained":["Golden Idol"],"max_hp_gain":0,"max_hp_loss":6,"event_name":"Golden Idol","floor":14,"gold_loss":0}],"is_beta":false,"boss_relics":[],"items_purged_floors":[8],"is_endless":false,"potions_floor_spawned":[7,11,12],"killed_by":"Hexaghost","ascension_level":20,"potion_discard_per_floor":[[],[],[],[],[],[],[],[],[],[],[],[],[],[],[],[]]}