{"neow_bonuses_skipped_log":["THREE_CARDS","HUNDRED_GOLD","BOSS_RELIC"],"neow_costs_skipped_log":["NONE","NONE","NONE"],"potions_obtained_entropic_brew":[[],[],[],[],[],[],[],[],[],[],[],[],[],[],[],[],[],[],[],[],[],[],[],[],[],[],[],[],[],[],[],[],[],[],[],[],[],[],[],[],[],[],[],[],[],[],[],[],[],[],[]],"gold_per_floor":[109,122,122,122,142,142,167,178,178,178,196,213,248,268,268,345,345,363,382,394,444,454,483,483,510,565,597,145,160,160,180,180,251,251,263,45,45,59,77,109,120,120,147,171,185,211,42,67,67,67,67],"floor_reached":51,"playtime":3148,"items_purged":["Strike_P","Defend_P","Defend_P"],"score":1687,"play_id":"cf9a64c5-fe8c-4389-9f04-99eb2aa02e2b","local_time":"20240713160717","score_breakdown":["Floors Climbed (51): 255","Enemies Slain (18): 36","Exordium Elites Killed (2): 20","City Elites Killed (3): 60","Beyond Elites Killed (2): 60","Bosses Slain (3): 300","Well Fed: 25","Champion (4): 100","Ascension (20): 831"],"is_ascension_mode":true,"potions_obtained_alchemize":[[],[],[],[],[],[],[],[],[],[],[],[],[],[],[],[],[],[],[],[],[],[],[],[],[],[],[],[],[],[],[],[],[],[],[],[],[],[],[],[],[],[],[],[],[],[],[],[],[],[],[]],"campfire_choices":[{"data":"Eruption","floor":6,"key":"SMITH"},{"floor":10,"key":"REST"},{"floor":15,"key":"REST"},{"floor":24,"key":"REST"},{"data":"Meditate","floor":32,"key":"SMITH"},{"floor":49,"key":"RECALL"}],"lesson_learned_per_floor":[[],[],[],[],[],[],[],[],[],[],[],[],[],[],[],[],[],[],[],[],[],[],[],[],[],[],[],[],[],[],[],[],[],[],[],[],[],[],[],[],[],[],[],[],[],[],[],[],[],[],[]],"neow_cost":"PERCENT_DAMAGE","improvable_cards":{},"seed_source_timestamp":217659469799500,"shop_contents":[{"floor":28,"relics":["FossilizedHelix","Shuriken","PrismaticShard"],"cards":["CrushJoints","ReachHeaven","Protect","Perseverance","BattleHymn+1","Trip","Magnetism+1"],"potions":["Swift Potion","Fire Potion","Strength Potion"]},{"floor":36,"relics":["Bronze Scales","Damaru","Chemical X"],"cards":["WindmillStrike","FlyingSleeves","Protect","ConjureBlade","Nirvana+1","Jack Of All Trades","Mayhem+1"],"potions":["LiquidMemories","ColorlessPotion","EssenceOfSteel"]},{"floor":47,"relics":["CeramicFish","Bag of Marbles","Sling"],"cards":["Conclude","FlyingSleeves","Pray","Indignation","Wireheading+1","Panacea","Master of Strategy"],"potions":["Fire Potion","AttackPotion","BottledMiracle"]}],"circlet_count":0,"master_deck":["AscendersBane","Strike_P","Strike_P","Strike_P","Eruption+1","Vigilance","Secret Technique","Indignation","Wallop","FlyingSleeves","Adaptation+1","Meditate+1","Tantrum","Halt","Consecrate","Study+1","Adaptation+1","InnerPeace","EmptyFist+1","Vault","Halt","FearNoEvil+1","TalkToTheHand","MentalFortress+1"],"potion_use_per_floor":[[],[],[],[],[],[],[],["Fire Potion"],[],[],[],[],[],["DuplicationPotion"],[],[],[],["ColorlessPotion"],[],[],[],["Dexterity Potion"],[],[],["GamblersBrew"],[],["FearPotion"],[],[],[],["DuplicationPotion"],[],[],[],[],[],[],[],[],[],[],[],[],[],["Fire Potion"],[],[],[],[],["BottledMiracle"],[]],"relics":["PureWater","Boot","Frozen Egg 2","Thread and Needle","Toy Ornithopter","Dead Branch","Empty Cage","Akabeko","The Courier","Pen Nib","Strawberry","Mummified Hand","Happy Flower","Coffee Dripper","Anchor","StrikeDummy","Nunchaku","Dream Catcher","Mango"],"potions_floor_usage":[8,14,18,22,25,27,31,45,50],"damage_taken":[{"damage":0,"enemies":"2 Louse","floor":1,"turns":3},{"damage":0,"enemies":"Small Slimes","floor":2,"turns":2},{"damage":0,"enemies":"Cultist","floor":5,"turns":2},{"damage":36,"enemies":"Lagavulin","floor":7,"turns":6},{"damage":0,"enemies":"Lots of Slimes","floor":8,"turns":3},{"damage":0,"enemies":"Large Slime","floor":11,"turns":5},{"damage":0,"enemies":"Red Slaver","floor":12,"turns":2},{"damage":17,"enemies":"3 Sentries","floor":13,"turns":8},{"damage":0,"enemies":"Looter","floor":14,"turns":2},{"damage":2,"enemies":"Hexaghost","floor":16,"turns":7},{"damage":0,"enemies":"2 Thieves","floor":18,"turns":3},{"damage":0,"enemies":"Chosen","floor":19,"turns":3},{"damage":33,"enemies":"Snake Plant","floor":20,"turns":4},{"damage":0,"enemies":"Snecko","floor":22,"turns":3},{"damage":0,"enemies":"Gremlin Leader","floor":23,"turns":4},{"damage":6,"enemies":"Book of Stabbing","floor":25,"turns":4},{"damage":0,"enemies":"Gremlin Leader","floor":27,"turns":4},{"damage":0,"enemies":"Centurion and Healer","floor":29,"turns":3},{"damage":4,"enemies":"Snake Plant","floor":31,"turns":2},{"damage":9,"enemies":"Automaton","floor":33,"turns":6},{"damage":0,"enemies":"3 Shapes","floor":35,"turns":3},{"damage":0,"enemies":"Orb Walker","floor":38,"turns":1},{"damage":3,"enemies":"4 Shapes","floor":39,"turns":5},{"damage":0,"enemies":"Reptomancer","floor":40,"turns":4},{"damage":0,"enemies":"Maw","floor":41,"turns":5},{"damage":0,"enemies":"3 Darklings","floor":45,"turns":5},{"damage":0,"enemies":"Nemesis","floor":46,"turns":4},{"damage":0,"enemies":"Mind Bloom Boss Battle","floor":48,"turns":3},{"damage":66,"enemies":"Time Eater","floor":50,"turns":12},{"damage":36,"enemies":"Awakened One","floor":51,"turns":3}],"green_key_taken_log":40,"seed_played":"1913670200619505611","neow_bonus_log":{"cardsObtained":[],"cardsUpgraded":[],"cardsRemoved":[],"cardsTransformed":[],"relicsObtained":[],"maxHpGained":0,"goldGained":0,"damageTaken":18,"goldLost":0,"maxHpLost":0},"potions_obtained":[{"floor":1,"key":"Weak Potion"},{"floor":7,"key":"Fire Potion"},{"floor":8,"key":"FearPotion"},{"floor":11,"key":"SpeedPotion"},{"floor":12,"key":"DuplicationPotion"},{"floor":16,"key":"ColorlessPotion"},{"floor":20,"key":"Dexterity Potion"},{"floor":22,"key":"GamblersBrew"},{"floor":25,"key":"DuplicationPotion"},{"floor":27,"key":"Fire Potion"},{"floor":33,"key":"ColorlessPotion"},{"floor":35,"key":"AttackPotion"},{"floor":39,"key":"BottledMiracle"}],"is_trial":false,"path_per_floor":["M","M","?","?","M","R","E","M","T","R","M","M","E","M","R","B",null,"M","M","M","?","M","E","R","E","T","E","$","M","?","M","R","B",null,"M","$","?","M","M","E","M","?","T","T","M","E","$","?","R","B","B"],"character_chosen":"WATCHER","basemod:card_modifiers":[null,null,null,null,null,null,null,null,null,null,null,null,null,null,null,null,null,null,null,null,null,null,null,null],"items_purchased":["Mummified Hand","InnerPeace","Happy Flower","Anchor","MentalFortress+1"],"campfire_rested":3,"item_purchase_floors":[28,28,28,36,47],"current_hp_per_floor":[43,43,38,38,38,38,2,2,2,22,22,22,5,10,30,28,58,63,63,30,30,35,35,55,54,54,66,66,66,45,46,46,37,69,69,69,69,69,66,66,66,66,66,66,71,71,71,85,85,24,0],"gold":67,"neow_bonus":"RANDOM_COLORLESS_2","is_prod":false,"is_daily":false,"rewards_skipped":[{"floor":41,"relics":[],"potions":["Explosive Potion"]}],"chose_seed":false,"campfire_upgraded":2,"win_rate":0,"floor_exit_playtime":[62,86,89,93,113,119,183,220,222,225,302,339,492,550,553,676,706,816,872,966,971,1041,1121,1135,1276,1278,1361,1404,1480,1483,1548,1555,1729,1748,1833,1850,1853,1879,2072,2230,2368,2374,2378,2380,2484,2598,2618,2675,2678,3073],"timestamp":1720901237,"blue_key_relic_skipped_log":{"floor":43,"relicID":"PreservedInsect"},"path_taken":["M","M","?","?","M","R","E","?","T","R","M","M","E","M","R","BOSS","M","?","M","?","?","E","R","E","T","E","$","M","?","M","R","BOSS","M","$","?","M","M","E","?","?","T","?","?","E","$","?","R","BOSS","BOSS"],"build_version":"2022-12-18","purchased_purges":3,"victory":false,"max_hp_per_floor":[68,68,68,68,68,68,68,68,68,68,68,68,68,68,68,68,68,68,68,68,68,68,68,68,68,68,75,75,75,80,80,80,80,80,80,80,80,80,80,80,80,80,80,80,80,80,80,94,94,94,94],"relic_stats":{"Nunchaku":[7],"Dream Catcher":0,"Happy Flower":[18],"counters":[30,121],"Mummified Hand":[52],"Dead Branch":[115],"The Courier":210,"Pen Nib":[18],"PureWater":[28],"Boot":[192],"obtain_stats":[{"Happy Flower":28,"Dead Branch":13,"Thread and Needle":7,"Mango":48,"The Courier":25,"Pen Nib":26,"Frozen Egg 2":4,"Boot":3,"Empty Cage":17,"Akabeko":23,"Anchor":36,"Nunchaku":44,"Dream Catcher":46,"Mummified Hand":28,"Strawberry":27,"Coffee Dripper":34,"PureWater":0,"StrikeDummy":40,"Toy Ornithopter":9},{"Happy Flower":17,"Dead Branch":8,"Thread and Needle":4,"Mango":28,"The Courier":16,"Pen Nib":16,"Frozen Egg 2":2,"Boot":2,"Empty Cage":10,"Akabeko":15,"Anchor":21,"Nunchaku":25,"Dream Catcher":27,"Mummified Hand":17,"Strawberry":17,"Coffee Dripper":20,"PureWater":0,"StrikeDummy":24,"Toy Ornithopter":5},{"Happy Flower":65,"Dead Branch":31,"Thread and Needle":13,"Mango":106,"The Courier":61,"Pen Nib":61,"Frozen Egg 2":5,"Boot":5,"Empty Cage":40,"Akabeko":57,"Anchor":79,"Nunchaku":94,"Dream Catcher":103,"Mummified Hand":65,"Strawberry":65,"Coffee Dripper":76,"PureWater":0,"StrikeDummy":89,"Toy Ornithopter":16}],"Toy Ornithopter":40},"card_choices":[{"not_picked":["Transmutation","Chrysalis"],"picked":"Secret Technique","floor":0},{"not_picked":["WaveOfTheHand","PathToVictory"],"picked":"Indignation","floor":1},{"not_picked":["Study","Sanctity"],"picked":"Wallop","floor":2},{"not_picked":["EmptyMind","Indignation"],"picked":"FlyingSleeves","floor":5},{"not_picked":["Collect","WaveOfTheHand","PathToVictory"],"picked":"SKIP","floor":7},{"not_picked":["ClearTheMind","EmptyFist"],"picked":"Adaptation+1","floor":8},{"not_picked":["SignatureMove","Prostrate"],"picked":"Meditate","floor":11},{"not_picked":["Consecrate","Ragnarok","WindmillStrike"],"picked":"SKIP","floor":12},{"not_picked":["Fasting2+1","DevaForm+1","WreathOfFlame"],"picked":"SKIP","floor":13},{"not_picked":["Protect","BowlingBash"],"picked":"Tantrum","floor":14},{"not_picked":["Wish","Brilliance","SpiritShield"],"picked":"SKIP","floor":16},{"not_picked":["SashWhip","CarveReality","Prostrate"],"picked":"SKIP","floor":18},{"not_picked":["SashWhip","WreathOfFlame"],"picked":"Halt","floor":19},{"not_picked":["ThirdEye","Consecrate","CarveReality"],"picked":"SKIP","floor":20},{"not_picked":["Perseverance+1","ThirdEye"],"picked":"Consecrate","floor":22},{"not_picked":["FlyingSleeves","Protect+1"],"picked":"Study+1","floor":23},{"not_picked":["JustLucky","FollowUp","Prostrate"],"picked":"SKIP","floor":25},{"not_picked":["Vengeance+1","PathToVictory"],"picked":"Adaptation+1","floor":27},{"not_picked":["JustLucky","SashWhip","FollowUp"],"picked":"SKIP","floor":29},{"not_picked":["ConjureBlade","SignatureMove+1"],"picked":"EmptyFist+1","floor":31},{"not_picked":["ConjureBlade","Devotion+1"],"picked":"Vault","floor":33},{"not_picked":["Perseverance","JustLucky","Tantrum"],"picked":"SKIP","floor":35},{"not_picked":["FlurryOfBlows","DeceiveReality"],"picked":"Halt","floor":38},{"not_picked":["BowlingBash","Crescendo","EmptyFist+1"],"picked":"SKIP","floor":39},{"not_picked":["Collect","FlyingSleeves","SashWhip"],"picked":"SKIP","floor":40},{"not_picked":["Evaluate","EmptyFist","SpiritShield"],"picked":"SKIP","floor":41},{"not_picked":["Collect+1","Consecrate+1"],"picked":"FearNoEvil+1","floor":45},{"not_picked":["WindmillStrike","Indignation+1"],"picked":"TalkToTheHand","floor":46},{"not_picked":["WheelKick+1","Prostrate","Tantrum+1"],"picked":"SKIP","floor":48}],"player_experience":2636646,"relics_obtained":[{"floor":7,"key":"Thread and Needle"},{"floor":9,"key":"Toy Ornithopter"},{"floor":13,"key":"Dead Branch"},{"floor":23,"key":"Akabeko"},{"floor":25,"key":"The Courier"},{"floor":26,"key":"Pen Nib"},{"floor":27,"key":"Strawberry"},{"floor":40,"key":"StrikeDummy"},{"floor":44,"key":"Nunchaku"},{"floor":46,"key":"Dream Catcher"},{"floor":48,"key":"Mango"}],"event_choices":[{"damage_healed":0,"gold_gain":0,"player_choice":"Success","damage_taken":5,"relics_obtained":["Boot"],"max_hp_gain":0,"max_hp_loss":0,"event_name":"Scrap Ooze","floor":3,"gold_loss":0},{"damage_healed":0,"gold_gain":0,"player_choice":"Gave Potion","damage_taken":0,"relics_obtained":["Frozen Egg 2"],"max_hp_gain":0,"max_hp_loss":0,"event_name":"WeMeetAgain","floor":4,"gold_loss":0},{"damage_healed":0,"gold_gain":50,"player_choice":"Pray","damage_taken":0,"max_hp_gain":0,"max_hp_loss":0,"event_name":"Golden Shrine","floor":21,"gold_loss":0},{"damage_healed":0,"gold_gain":0,"player_choice":"Shed Blood","damage_taken":26,"max_hp_gain":5,"max_hp_loss":0,"event_name":"Forgotten Altar","floor":30,"gold_loss":0},{"damage_healed":0,"gold_gain":0,"player_choice":"Ignored","damage_taken":0,"max_hp_gain":0,"max_hp_loss":0,"event_name":"SecretPortal","floor":37,"gold_loss":0},{"damage_healed":0,"gold_gain":0,"player_choice":"Ignored","damage_taken":0,"max_hp_gain":0,"max_hp_loss":0,"event_name":"Tomb of Lord Red Mask","floor":42,"gold_loss":0},{"damage_healed":0,"gold_gain":0,"player_choice":"Fight","damage_taken":0,"max_hp_gain":0,"max_hp_loss":0,"event_name":"MindBloom","floor":48,"gold_loss":0}],"is_beta":false,"boss_relics":[{"not_picked":["Sozu","Velvet Choker"],"picked":"Empty Cage"},{"not_picked":["Snecko Eye","HolyWater"],"picked":"Coffee Dripper"}],"items_purged_floors":[28,36,47],"is_endless":false,"potions_floor_spawned":[1,7,8,11,12,16,20,22,25,27,33,35,39,41],"killed_by":"Awakened One","ascension_level":20,"potion_discard_per_floor":[[],[],[],[],[],[],[],[],[],[],[],["SpeedPotion"],[],[],[],[],[],[],[],[],[],[],[],[],[],[],[],[],[],[],[],[],[],[],["ColorlessPotion"],[],[],[],["AttackPotion"],[],[],[],[],[],[],[],[],[],[],[],[]]}