{"neow_bonuses_skipped_log":["TRANSFORM_CARD","THREE_SMALL_POTIONS","BOSS_RELIC"],"neow_costs_skipped_log":["NONE","NONE","NONE"],"potions_obtained_entropic_brew":[[],[],[],[],[],[],[],[],[],[]],"gold_per_floor":[111,111,125,140,140,140,170,170,170,170],"floor_reached":10,"playtime":207,"items_purged":[],"score":182,"play_id":"26b0f2c8-259a-4622-a0bd-7c388902208a","local_time":"20240706154616","score_breakdown":["Floors Climbed (10): 50","Enemies Slain (3): 6","Exordium Elites Killed (1): 10","Bosses Slain (0): 0","Champion (1): 25","Ascension (20): 91"],"is_ascension_mode":true,"potions_obtained_alchemize":[[],[],[],[],[],[],[],[],[],[]],"campfire_choices":[{"data":"Eruption","floor":6.0,"key":"SMITH"},{"data":"EmptyFist","floor":8.0,"key":"SMITH"}],"lesson_learned_per_floor":[[],[],[],[],[],[],[],[],[],[]],"neow_cost":"TEN_PERCENT_HP_LOSS","improvable_cards":{},"seed_source_timestamp":298847757364000,"shop_contents":[],"circlet_count":0,"master_deck":["AscendersBane","Strike_P+1","Strike_P","Strike_P","Strike_P","Defend_P","Eruption+1","Vigilance","FlurryOfBlows","JustLucky","Crescendo","EmptyFist+1","FollowUp+1","InnerPeace"],"special_seed":0,"potion_use_per_floor":[[],[],[],[],[],[],[],[],[],[]],"relics":["PureWater","White Beast Statue","Toy Ornithopter"],"potions_floor_usage":[],"damage_taken":[{"damage":3.0,"enemies":"2 Louse","floor":1.0,"turns":3.0},{"damage":7.0,"enemies":"Jaw Worm","floor":3.0,"turns":3.0},{"damage":0.0,"enemies":"Small Slimes","floor":4.0,"turns":2.0},{"damage":0.0,"enemies":"Gremlin Nob","floor":7.0,"turns":2.0},{"damage":38,"enemies":"Lagavulin","floor":10,"turns":3}],"seed_played":"-5318233985715633382","neow_bonus_log":{"cardsObtained":["FlurryOfBlows","JustLucky"],"cardsUpgraded":[],"cardsRemoved":[],"cardsTransformed":["Defend_P","Defend_P"],"relicsObtained":[],"maxHpGained":0,"goldGained":0,"damageTaken":0,"goldLost":0,"maxHpLost":6},"potions_obtained":[{"floor":3.0,"key":"DistilledChaos"},{"floor":7.0,"key":"Ancient Potion"}],"is_trial":false,"path_per_floor":["M","?","M","M","?","R","E","R","T","E"],"character_chosen":"WATCHER","basemod:card_modifiers":[null,null,null,null,null,null,null,null,null,null,null,null,null,null],"items_purchased":[],"campfire_rested":0,"item_purchase_floors":[],"current_hp_per_floor":[58,51,44,44,25,25,25,25,25,0],"gold":170,"neow_bonus":"TRANSFORM_TWO_CARDS","is_prod":false,"is_daily":false,"rewards_skipped":[],"chose_seed":false,"campfire_upgraded":2,"win_rate":0,"floor_exit_playtime":[67,74,104,130,134,142,166,173,175],"timestamp":1720295176,"path_taken":["M","?","M","M","?","R","E","R","T","E"],"build_version":"2022-12-18","purchased_purges":0,"victory":false,"max_hp_per_floor":[62,62,62,62,62,62,62,62,62,62],"relic_stats":{"counters":[5,13],"PureWater":[2],"obtain_stats":[{"PureWater":0,"White Beast Statue":7,"Toy Ornithopter":9},{"PureWater":0,"White Beast Statue":4,"Toy Ornithopter":4},{"PureWater":0,"White Beast Statue":10,"Toy Ornithopter":10}],"White Beast Statue":[0.0,0.0,0.0,0.0,1.0,0.0,0.0,0.0,0.0,0.0,0.0,0.0],"Toy Ornithopter":0},"card_choices":[{"not_picked":["SashWhip","FlurryOfBlows"],"picked":"Crescendo","floor":1.0},{"not_picked":["PathToVictory","CrushJoints"],"picked":"EmptyFist","floor":3.0},{"not_picked":["ForeignInfluence","PathToVictory"],"picked":"FollowUp","floor":4.0},{"not_picked":["Devotion","ForeignInfluence"],"picked":"InnerPeace","floor":7.0}],"player_experience":2614025,"relics_obtained":[{"floor":7.0,"key":"White Beast Statue"},{"floor":9.0,"key":"Toy Ornithopter"}],"event_choices":[{"cards_removed":["Defend_P"],"damage_healed":0.0,"max_hp_gain":0.0,"max_hp_loss":0.0,"gold_gain":0.0,"event_name":"Golden Wing","player_choice":"Card Removal","floor":2.0,"gold_loss":0.0,"damage_taken":7.0},{"damage_healed":0.0,"max_hp_gain":0.0,"max_hp_loss":0.0,"gold_gain":0.0,"event_name":"Shining Light","player_choice":"Entered Light","floor":5.0,"gold_loss":0.0,"damage_taken":19.0,"cards_upgraded":["Strike_P","FollowUp"]}],"is_beta":false,"boss_relics":[],"items_purged_floors":[],"is_endless":false,"potions_floor_spawned":[3,7],"killed_by":"Lagavulin","ascension_level":20,"potion_discard_per_floor":[[],[],[],[],[],[],[],[],[],[]]}