{"neow_bonuses_skipped_log":["REMOVE_CARD","TEN_PERCENT_HP_BONUS","BOSS_RELIC"],"potions_obtained_entropic_brew":[[],[],[],[],[],[]],"neow_costs_skipped_log":["NONE","NONE","NONE"],"gold_per_floor":[114,132,57,57,27,27],"floor_reached":6,"playtime":204,"items_purged":["Defend_P"],"score":68,"play_id":"79d4056c-0e83-4396-b9ad-f97c8e2ffc4e","local_time":"20240716202146","score_breakdown":["Floors Climbed (6): 30","Enemies Slain (2): 4","Exordium Elites Killed (0): 0","Bosses Slain (0): 0","Ascension (20): 34"],"is_ascension_mode":true,"potions_obtained_alchemize":[[],[],[],[],[],[]],"campfire_choices":[],"lesson_learned_per_floor":[[],[],[],[],[],[]],"neow_cost":"TEN_PERCENT_HP_LOSS","improvable_cards":{},"seed_source_timestamp":495074208205900,"shop_contents":[{"floor":3,"relics":["Pantograph","Gambling Chip","Cauldron"],"cards":["JustLucky","FlurryOfBlows","Meditate","Vault","LikeWater","Impatience","Thinking Ahead"],"potions":["PowerPotion","BlessingOfTheForge","SkillPotion"]}],"circlet_count":0,"master_deck":["AscendersBane","Strike_P","Strike_P","Strike_P","Strike_P","Defend_P","Eruption","Vigilance","Prostrate","ThirdEye","Prostrate","Adaptation"],"potion_use_per_floor":[[],[],[],[],[],["Explosive Potion"]],"relics":["PureWater"],"potions_floor_usage":[6],"damage_taken":[{"damage":3,"enemies":"Small Slimes","floor":1,"turns":5},{"damage":1,"enemies":"2 Louse","floor":2,"turns":2},{"damage":4,"enemies":"Gremlin Nob","floor":6,"turns":3}],"seed_played":"6704823281166951994","neow_bonus_log":{"cardsObtained":["Prostrate","ThirdEye"],"cardsUpgraded":[],"cardsRemoved":[],"cardsTransformed":["Defend_P","Defend_P"],"relicsObtained":[],"maxHpGained":0,"goldGained":0,"damageTaken":0,"goldLost":0,"maxHpLost":6},"potions_obtained":[{"floor":5,"key":"SpeedPotion"},{"floor":5,"key":"Explosive Potion"}],"is_trial":false,"path_per_floor":["M","M","$","?","?","E"],"character_chosen":"WATCHER","basemod:card_modifiers":[null,null,null,null,null,null,null,null,null,null,null,null],"items_purchased":[],"campfire_rested":0,"item_purchase_floors":[],"current_hp_per_floor":[58,57,57,62,62,58],"gold":27,"neow_bonus":"TRANSFORM_TWO_CARDS","is_prod":false,"is_daily":false,"rewards_skipped":[],"chose_seed":false,"campfire_upgraded":0,"win_rate":0,"floor_exit_playtime":[121,145,158,161,166],"timestamp":1721175706,"path_taken":["M","M","$","?","?","E"],"build_version":"2022-12-18","purchased_purges":1,"victory":false,"max_hp_per_floor":[62,62,62,67,67,67],"relic_stats":{"counters":[3,10],"PureWater":[3],"obtain_stats":[{"PureWater":0},{"PureWater":0},{"PureWater":0}]},"card_choices":[{"not_picked":["EmptyMind","FollowUp"],"picked":"Prostrate","floor":1},{"not_picked":["Pray","CutThroughFate"],"picked":"Adaptation","floor":2}],"player_experience":2643167,"relics_obtained":[],"event_choices":[{"damage_healed":0,"gold_gain":0,"player_choice":"Donut","damage_taken":0,"max_hp_gain":5,"max_hp_loss":0,"event_name":"Big Fish","floor":4,"gold_loss":0},{"damage_healed":0,"gold_gain":0,"player_choice":"Bought 2 Potions","damage_taken":0,"max_hp_gain":0,"max_hp_loss":0,"event_name":"The Woman in Blue","floor":5,"gold_loss":0}],"is_beta":false,"boss_relics":[],"items_purged_floors":[3],"is_endless":false,"potions_floor_spawned":[],"killed_by":"Gremlin Nob","ascension_level":20,"potion_discard_per_floor":[[],[],[],[],[],[]]}