{"neow_bonuses_skipped_log":["THREE_ENEMY_KILL","RANDOM_COLORLESS_2","BOSS_RELIC"],"neow_costs_skipped_log":["NONE","CURSE","NONE"],"potions_obtained_entropic_brew":[[],[],[],[],[],[],[],[],[],[],[],[],[],[],[],[],[],[],[],[],[],[],[],[],[],[],[],[],[],[],[],[],[],[],[],[],[],[],[],[],[],[],[],[],[],[],[],[],[],[],[],[],[],[],[],[],[]],"gold_per_floor":[113,132,43,43,43,76,76,104,104,135,152,152,77,92,92,165,165,181,231,231,231,156,156,166,166,166,180,180,180,80,111,111,185,185,199,199,219,234,61,61,90,108,160,160,173,207,207,221,221,221,221,221,221,42,72,72],"floor_reached":57,"playtime":2535,"items_purged":["PathToVictory","Indignation","BowlingBash"],"score":3017,"play_id":"2c86e21d-2d93-426a-b368-d18a227feeaf","local_time":"20240820183826","falling_options_log":["TalkToTheHand","MentalFortress+1"],"score_breakdown":["Floors Climbed (57): 285","Enemies Slain (13): 26","Exordium Elites Killed (3): 30","City Elites Killed (1): 20","Beyond Elites Killed (2): 60","Bosses Slain (5): 750","Light Speed: 50","Well Fed: 25","Champion (4): 100","Perfect (1): 50","C-c-c-combo: 25","Ascension (20): 1346","Heartbreaker: 250"],"is_ascension_mode":true,"potions_obtained_alchemize":[[],[],[],[],[],[],[],[],[],[],[],[],[],[],[],[],[],[],[],[],[],[],[],[],[],[],[],[],[],[],[],[],[],[],[],[],[],[],[],[],[],[],[],[],[],[],[],[],[],[],[],[],[],[],[],[],[]],"campfire_choices":[{"data":"WheelKick","floor":7.0,"key":"SMITH"},{"data":"Adaptation","floor":12.0,"key":"SMITH"},{"data":"Vault","floor":15.0,"key":"SMITH"},{"data":"Vault","floor":23.0,"key":"SMITH"},{"data":"MentalFortress","floor":25.0,"key":"SMITH"},{"data":"ThirdEye","floor":28.0,"key":"SMITH"},{"data":"Vault","floor":32.0,"key":"SMITH"},{"floor":40.0,"key":"RECALL"},{"floor":47.0,"key":"REST"},{"floor":49.0,"key":"REST"},{"floor":53.0,"key":"REST"}],"lesson_learned_per_floor":[[],[],[],[],[],[],[],[],[],[],[],[],[],[],[],[],[],[],[],[],[],[],[],[],[],[],[],[],[],[],[],[],[],[],[],[],[],[],[],[],[],[],[],[],[],[],[],[],[],[],[],[],[],[],[],[],[]],"neow_cost":"NONE","improvable_cards":{},"seed_source_timestamp":322418998412400,"shop_contents":[{"floor":3,"relics":["Question Card","Shuriken","DollysMirror"],"cards":["BowlingBash","Evaluate","Protect","Fasting2","Enlightenment","Metamorphosis"],"potions":["PowerPotion","SteroidPotion","Explosive Potion"]},{"floor":22,"relics":["Frozen Egg 2","Strawberry","Melange"],"cards":["CarveReality","EmptyFist","Perseverance","WreathOfFlame","BattleHymn","Enlightenment","Apotheosis"],"potions":["Strength Potion","GamblersBrew","StancePotion"]},{"floor":30,"relics":["Blood Vial","Boot","Cauldron"],"cards":["EmptyFist","TalkToTheHand","Evaluate","Halt","Fasting2","Forethought","Violence"],"potions":["LiquidMemories","Block Potion","ColorlessPotion"]},{"floor":39,"relics":["Dream Catcher","Juzu Bracelet"],"cards":["CrushJoints","BowlingBash","EmptyBody","Crescendo","Nirvana","Madness","Mayhem"],"potions":["Dexterity Potion","BlessingOfTheForge","PowerPotion"]},{"floor":54,"relics":["StrikeDummy","Eternal Feather","Orrery"],"cards":["WheelKick","CutThroughFate","Alpha","Meditate","Wireheading","Swift Strike","Apotheosis"],"potions":["BlessingOfTheForge","Energy Potion"]}],"circlet_count":0,"master_deck":["AscendersBane","Eruption+1","Vigilance","WheelKick+1","FearNoEvil+1","Vault+1","SandsOfTime","Adaptation+1","Vault+1","Crescendo","Indignation","Devotion","ThirdEye+1","TalkToTheHand","MentalFortress+1","Vault+1"],"special_seed":0,"potion_use_per_floor":[[],[],[],[],[],["Block Potion"],[],["ColorlessPotion"],[],["SteroidPotion"],[],[],[],[],[],[],[],[],[],[],[],[],[],["AttackPotion"],[],[],["Swift Potion"],[],[],[],[],[],[],[],[],[],[],[],[],[],[],[],[],[],[],[],[],[],[],[],[],[],[],[],[],["Ancient Potion","Swift Potion"],[]],"relics":["PureWater","White Beast Statue","Potion Belt","Kunai","Whetstone","Pear","Pandora\u0027s Box","Meat on the Bone","Yang","Bronze Scales","Fusion Hammer","TheAbacus","Pantograph","TeardropLocket","Sundial"],"potions_floor_usage":[56,56],"damage_taken":[{"damage":4.0,"enemies":"Jaw Worm","floor":1.0,"turns":6.0},{"damage":0.0,"enemies":"Small Slimes","floor":2.0,"turns":2.0},{"damage":23.0,"enemies":"3 Sentries","floor":6.0,"turns":5.0},{"damage":0.0,"enemies":"Gremlin Nob","floor":8.0,"turns":2.0},{"damage":8.0,"enemies":"Lagavulin","floor":10.0,"turns":6.0},{"damage":0.0,"enemies":"2 Louse","floor":11.0,"turns":3.0},{"damage":13.0,"enemies":"Blue Slaver","floor":14.0,"turns":2.0},{"damage":0.0,"enemies":"Slime Boss","floor":16.0,"turns":4.0},{"damage":0.0,"enemies":"Chosen","floor":18.0,"turns":3.0},{"damage":0.0,"enemies":"3 Byrds","floor":24.0,"turns":4.0},{"damage":0.0,"enemies":"Shelled Parasite and Fungi","floor":27.0,"turns":4.0},{"damage":0.0,"enemies":"Book of Stabbing","floor":31.0,"turns":4.0},{"damage":2.0,"enemies":"Champ","floor":33.0,"turns":9.0},{"damage":0.0,"enemies":"3 Darklings","floor":35.0,"turns":4.0},{"damage":3.0,"enemies":"3 Shapes","floor":37.0,"turns":4.0},{"damage":0.0,"enemies":"Sphere and 2 Shapes","floor":38.0,"turns":5.0},{"damage":0.0,"enemies":"Reptomancer","floor":41.0,"turns":5.0},{"damage":0.0,"enemies":"3 Darklings","floor":42.0,"turns":4.0},{"damage":3.0,"enemies":"Writhing Mass","floor":45.0,"turns":6.0},{"damage":5.0,"enemies":"Nemesis","floor":46.0,"turns":5.0},{"damage":0.0,"enemies":"Maw","floor":48.0,"turns":5.0},{"damage":7.0,"enemies":"Donu and Deca","floor":50.0,"turns":9.0},{"damage":58.0,"enemies":"Time Eater","floor":51.0,"turns":10.0},{"damage":0.0,"enemies":"Shield and Spear","floor":55.0,"turns":5.0},{"damage":10,"enemies":"The Heart","floor":56,"turns":8}],"green_key_taken_log":46,"seed_played":"3193227691635210084","neow_bonus_log":{"cardsObtained":[],"cardsUpgraded":["Eruption"],"cardsRemoved":[],"cardsTransformed":[],"relicsObtained":[],"maxHpGained":0,"goldGained":0,"damageTaken":0,"goldLost":0,"maxHpLost":0},"potions_obtained":[{"floor":2.0,"key":"Block Potion"},{"floor":6.0,"key":"ColorlessPotion"},{"floor":8.0,"key":"SteroidPotion"},{"floor":10.0,"key":"Swift Potion"},{"floor":11.0,"key":"Ancient Potion"},{"floor":14.0,"key":"Swift Potion"},{"floor":16.0,"key":"Strength Potion"},{"floor":18.0,"key":"AttackPotion"},{"floor":24.0,"key":"FearPotion"},{"floor":27.0,"key":"Ancient Potion"},{"floor":31.0,"key":"Energy Potion"}],"is_trial":false,"path_per_floor":["M","M","$","?","?","E","R","E","T","E","M","R","?","M","R","B",null,"M","?","?","T","$","R","M","R","T","M","R","?","$","E","R","B",null,"M","?","M","M","$","R","E","M","T","?","M","E","R","M","R","B","B",null,"R","$","E","B",null],"character_chosen":"WATCHER","basemod:card_modifiers":[null,null,null,null,null,null,null,null,null,null,null,null,null,null,null,null],"items_purchased":["FearNoEvil","TheAbacus","Swift Potion"],"campfire_rested":3,"item_purchase_floors":[3,39,54],"current_hp_per_floor":[57,57,57,62,51,28,28,28,28,30,30,30,30,17,17,17,67,67,67,67,67,67,67,67,67,67,67,67,43,43,55,55,53,79,79,66,63,63,63,63,63,63,63,63,60,55,81,81,88,81,42,77,88,88,88,78],"gold":72,"neow_bonus":"UPGRADE_CARD","is_prod":false,"is_daily":false,"rewards_skipped":[{"floor":33,"relics":[],"potions":["Weak Potion"]},{"floor":35,"relics":[],"potions":["PowerPotion"]},{"floor":37,"relics":[],"potions":["ColorlessPotion"]},{"floor":38,"relics":[],"potions":["LiquidBronze"]},{"floor":41,"relics":[],"potions":["Dexterity Potion"]},{"floor":42,"relics":[],"potions":["Fire Potion"]},{"floor":45,"relics":[],"potions":["Energy Potion"]},{"floor":46,"relics":[],"potions":["SpeedPotion"]},{"floor":48,"relics":[],"potions":["SmokeBomb"]},{"floor":55,"relics":[],"potions":["Block Potion"]}],"chose_seed":false,"campfire_upgraded":7,"win_rate":0,"floor_exit_playtime":[54,84,94,98,101,160,167,188,191,240,418,424,431,452,460,510,537,569,572,576,584,629,637,695,701,704,763,782,786,823,907,911,1083,1111,1162,1182,1262,1342,1381,1385,1445,1500,1503,1510,1614,1693,1696,1782,1784,1955,2139,2150,2152,2171,2278,2535],"timestamp":1724193506,"blue_key_relic_skipped_log":{"floor":43,"relicID":"Regal Pillow"},"path_taken":["M","M","$","?","?","E","R","E","T","E","M","R","?","M","R","BOSS","M","?","?","?","$","R","?","R","T","M","R","?","$","E","R","BOSS","M","?","M","?","$","R","E","M","T","?","M","E","R","M","R","BOSS","BOSS","R","$","E","BOSS"],"build_version":"2022-12-18","purchased_purges":3,"victory":true,"max_hp_per_floor":[68,68,68,73,73,73,73,73,73,83,83,83,83,83,83,83,83,83,83,83,83,83,83,83,83,83,83,83,88,88,88,88,88,88,88,88,88,88,88,88,88,88,88,88,88,88,88,88,88,88,88,88,88,88,88,88],"relic_stats":{"counters":[25,124],"Yang":[217],"Whetstone":["Strike_P","FearNoEvil"],"White Beast Statue":[0.0,0.0,0.0,0.4,0.0,0.6000000000000001,0.0,0.0,0.0,0.0,0.0,8.778798080000001],"TheAbacus":[426],"Sundial":[14],"Bronze Scales":[130],"Pantograph":7,"Pandora\u0027s Box":["PathToVictory","Indignation","Crescendo","Indignation","Devotion","ThirdEye","TalkToTheHand"],"Kunai":[45],"PureWater":[23],"obtain_stats":[{"Potion Belt":6,"Pear":10,"Yang":26,"Whetstone":9,"TeardropLocket":46,"White Beast Statue":5,"TheAbacus":39,"Sundial":55,"Bronze Scales":31,"Pantograph":41,"Pandora\u0027s Box":17,"Fusion Hammer":34,"Kunai":8,"PureWater":0,"Meat on the Bone":21},{"Potion Belt":3,"Pear":5,"Yang":10,"Whetstone":4,"TeardropLocket":20,"White Beast Statue":2,"TheAbacus":16,"Sundial":24,"Bronze Scales":12,"Pantograph":17,"Pandora\u0027s Box":8,"Fusion Hammer":13,"Kunai":4,"PureWater":0,"Meat on the Bone":9},{"Potion Belt":13,"Pear":21,"Yang":37,"Whetstone":15,"TeardropLocket":87,"White Beast Statue":8,"TheAbacus":67,"Sundial":116,"Bronze Scales":45,"Pantograph":72,"Pandora\u0027s Box":30,"Fusion Hammer":54,"Kunai":15,"PureWater":0,"Meat on the Bone":33}],"Meat on the Bone":24},"card_choices":[{"not_picked":["EmptyBody","FlurryOfBlows"],"picked":"WheelKick","floor":1.0},{"not_picked":["InnerPeace","FlurryOfBlows"],"picked":"BowlingBash","floor":2.0},{"not_picked":["Indignation","ClearTheMind"],"picked":"Vault","floor":6.0},{"not_picked":["PathToVictory","WaveOfTheHand"],"picked":"SandsOfTime","floor":8.0},{"not_picked":["FlyingSleeves","SashWhip"],"picked":"Adaptation","floor":10.0},{"not_picked":["Crescendo","ForeignInfluence","Meditate"],"picked":"SKIP","floor":11.0},{"not_picked":["EmptyBody","Worship","SashWhip"],"picked":"SKIP","floor":14.0},{"not_picked":["LessonLearned","Devotion"],"picked":"Vault","floor":16.0},{"not_picked":["BowlingBash+1","CrushJoints","Vengeance"],"picked":"SKIP","floor":18.0},{"not_picked":["FollowUp","ClearTheMind"],"picked":"MentalFortress","floor":24.0},{"not_picked":["Vengeance","Weave+1","Consecrate"],"picked":"SKIP","floor":27.0},{"not_picked":["EmptyBody","SashWhip+1"],"picked":"Vault","floor":31.0},{"not_picked":["MasterReality","Establishment"],"picked":"Scrawl","floor":33.0},{"not_picked":["FollowUp","FlyingSleeves","Indignation+1"],"picked":"SKIP","floor":35.0},{"not_picked":["CrushJoints+1","FollowUp","Evaluate"],"picked":"SKIP","floor":37.0},{"not_picked":["ThirdEye","Devotion","PathToVictory"],"picked":"SKIP","floor":38.0},{"not_picked":["EmptyFist+1","Consecrate","WreathOfFlame"],"picked":"SKIP","floor":41.0},{"not_picked":["EmptyBody","FlurryOfBlows","SashWhip"],"picked":"SKIP","floor":42.0},{"not_picked":["SandsOfTime+1","Perseverance","CutThroughFate"],"picked":"SKIP","floor":45.0},{"not_picked":["FlurryOfBlows","FlyingSleeves","Evaluate"],"picked":"SKIP","floor":46.0},{"not_picked":["Protect","ClearTheMind","FlurryOfBlows"],"picked":"SKIP","floor":48.0},{"not_picked":["LikeWater+1","Collect+1","Crescendo"],"picked":"SKIP","floor":55.0}],"player_experience":2658320,"relics_obtained":[{"floor":6.0,"key":"Potion Belt"},{"floor":8.0,"key":"Kunai"},{"floor":9.0,"key":"Whetstone"},{"floor":10.0,"key":"Pear"},{"floor":21.0,"key":"Meat on the Bone"},{"floor":26.0,"key":"Yang"},{"floor":31.0,"key":"Bronze Scales"},{"floor":41.0,"key":"Pantograph"},{"floor":46.0,"key":"TeardropLocket"},{"floor":55.0,"key":"Sundial"}],"event_choices":[{"damage_healed":0.0,"max_hp_gain":5.0,"max_hp_loss":0.0,"gold_gain":0.0,"event_name":"Big Fish","player_choice":"Donut","floor":4.0,"gold_loss":0.0,"damage_taken":0.0},{"damage_healed":0.0,"max_hp_gain":0.0,"max_hp_loss":0.0,"gold_gain":0.0,"event_name":"Scrap Ooze","player_choice":"Success","floor":5.0,"gold_loss":0.0,"damage_taken":11.0,"relics_obtained":["White Beast Statue"]},{"cards_removed":["Defend_P"],"damage_healed":0.0,"max_hp_gain":0.0,"max_hp_loss":0.0,"gold_gain":0.0,"event_name":"The Cleric","player_choice":"Card Removal","floor":13.0,"gold_loss":75.0,"damage_taken":0.0},{"damage_healed":0.0,"max_hp_gain":0.0,"max_hp_loss":0.0,"gold_gain":50.0,"event_name":"Nest","player_choice":"Stole From Cult","floor":19.0,"gold_loss":0.0,"damage_taken":0.0},{"damage_healed":0.0,"max_hp_gain":0.0,"max_hp_loss":0.0,"gold_gain":0.0,"event_name":"Ghosts","player_choice":"Ignored","floor":20.0,"gold_loss":0.0,"damage_taken":0.0},{"damage_healed":0.0,"max_hp_gain":5.0,"max_hp_loss":0.0,"gold_gain":0.0,"event_name":"Forgotten Altar","player_choice":"Shed Blood","floor":29.0,"gold_loss":0.0,"damage_taken":29.0},{"damage_healed":0.0,"max_hp_gain":0.0,"max_hp_loss":0.0,"gold_gain":0.0,"event_name":"Wheel of Change","player_choice":"Damaged","floor":36.0,"gold_loss":0.0,"damage_taken":13.0},{"cards_removed":["Scrawl"],"damage_healed":0.0,"max_hp_gain":0.0,"max_hp_loss":0.0,"gold_gain":0.0,"event_name":"Falling","player_choice":"Removed Skill","floor":44.0,"gold_loss":0.0,"damage_taken":0.0}],"is_beta":false,"boss_relics":[{"not_picked":["Coffee Dripper","Calling Bell"],"picked":"Pandora\u0027s Box"},{"not_picked":["Snecko Eye","SacredBark"],"picked":"Fusion Hammer"}],"items_purged_floors":[22,30,54],"is_endless":false,"potions_floor_spawned":[2,6,8,10,11,14,16,18,24,27,31,33,35,37,38,41,42,45,46,48,55],"ascension_level":20,"potion_discard_per_floor":[[],[],[],[],[],[],[],[],[],[],[],[],[],[],[],[],[],["Strength Potion"],[],[],[],[],[],[],[],[],[],[],[],[],["FearPotion"],[],[],[],[],[],[],[],[],[],[],[],[],[],[],[],[],[],[],[],[],[],[],["Ancient Potion"],[],[],[]]}