{"neow_bonuses_skipped_log":["TRANSFORM_CARD","THREE_RARE_CARDS","BOSS_RELIC"],"neow_costs_skipped_log":["NONE","CURSE","NONE"],"potions_obtained_entropic_brew":[[],[],[],[],[],[],[],[],[],[],[],[],[],[],[],[],[],[],[],[],[],[],[],[],[],[],[],[],[],[],[],[],[],[],[],[],[],[],[],[]],"gold_per_floor":[210,360,40,50,62,88,88,13,13,43,43,70,83,100,100,174,174,189,239,139,54,74,74,102,102,102,130,130,160,160,171,171,248,248,268,268,268,284,298,298],"floor_reached":40,"playtime":2045,"items_purged":["Doubt","Defend_P"],"score":1174,"play_id":"0b698ad3-245d-4986-9f25-aab92ab60b93","local_time":"20240820175428","falling_options_log":["Apotheosis+1","MentalFortress"],"score_breakdown":["Floors Climbed (40): 200","Enemies Slain (11): 22","Exordium Elites Killed (3): 30","City Elites Killed (3): 60","Beyond Elites Killed (0): 0","Bosses Slain (2): 150","Champion (3): 75","Perfect (1): 50","Ascension (20): 587"],"is_ascension_mode":true,"potions_obtained_alchemize":[[],[],[],[],[],[],[],[],[],[],[],[],[],[],[],[],[],[],[],[],[],[],[],[],[],[],[],[],[],[],[],[],[],[],[],[],[],[],[],[]],"campfire_choices":[{"data":"Apotheosis","floor":7,"key":"SMITH"},{"data":"SandsOfTime","floor":11,"key":"SMITH"},{"data":"Strike_P","floor":15,"key":"PURGE"},{"data":"Scrawl","floor":23,"key":"SMITH"},{"data":"Defend_P","floor":25,"key":"PURGE"},{"data":"Defend_P","floor":28,"key":"PURGE"},{"data":"ThirdEye","floor":30,"key":"SMITH"},{"data":"Defend_P","floor":32,"key":"PURGE"}],"lesson_learned_per_floor":[[],[],[],[],[],[],[],[],[],[],[],[],[],[],[],[],[],[],[],[],[],[],[],[],[],[],[],[],[],[],[],[],[],[],[],[],[],[],[],[]],"neow_cost":"NONE","improvable_cards":{},"seed_source_timestamp":320365521238200,"shop_contents":[{"floor":3,"relics":["CeramicFish","Mummified Hand","Strange Spoon"],"cards":["EmptyFist","FlyingSleeves","Evaluate","Collect","Establishment","Swift Strike"],"potions":["FearPotion","DuplicationPotion"]},{"floor":8,"relics":["Gambling Chip","Blood Vial","OrangePellets"],"cards":["Consecrate","PathToVictory","ClearTheMind","LikeWater","Dark Shackles","Mayhem"],"potions":["SpeedPotion","AttackPotion","PowerPotion"]},{"floor":20,"relics":["Shuriken","Pocketwatch","Medical Kit"],"cards":["CutThroughFate","FollowUp","Sanctity","Crescendo","Study","Flash of Steel","Secret Weapon"],"potions":["ColorlessPotion","LiquidBronze","SpeedPotion"]}],"circlet_count":0,"master_deck":["AscendersBane","Strike_P","Strike_P","Strike_P","Eruption","Vigilance","ThirdEye+1","Apotheosis+1","Crescendo","SandsOfTime+1","Halt","PathToVictory","EmptyBody","Scrawl+1","Vengeance","Sanctity+1","Indignation+1","ClearTheMind+1","LikeWater","ThirdEye+1","Vault+1","MentalFortress","JustLucky+1"],"potion_use_per_floor":[[],[],[],[],[],[],[],[],[],["AttackPotion"],[],[],["Block Potion"],[],[],[],[],[],[],[],[],[],[],[],[],[],[],[],["Fire Potion"],[],[],[],[],[],[],[],[],[],["SpeedPotion"],[]],"relics":["HolyWater","Matryoshka","Bronze Scales","Peace Pipe","Art of War","Sozu","HornCleat","Toxic Egg 2","Orichalcum","Ornamental Fan","Potion Belt","Eternal Feather"],"potions_floor_usage":[10,13,29,39],"damage_taken":[{"damage":1,"enemies":"Small Slimes","floor":1,"turns":4},{"damage":5,"enemies":"2 Louse","floor":4,"turns":3},{"damage":4,"enemies":"Jaw Worm","floor":5,"turns":3},{"damage":0,"enemies":"Lagavulin","floor":6,"turns":7},{"damage":22,"enemies":"Gremlin Nob","floor":10,"turns":3},{"damage":0,"enemies":"Lagavulin","floor":12,"turns":4},{"damage":0,"enemies":"Exordium Thugs","floor":13,"turns":4},{"damage":0,"enemies":"2 Fungi Beasts","floor":14,"turns":2},{"damage":0,"enemies":"The Guardian","floor":16,"turns":9},{"damage":11,"enemies":"2 Thieves","floor":18,"turns":4},{"damage":0,"enemies":"Chosen","floor":22,"turns":2},{"damage":1,"enemies":"Book of Stabbing","floor":24,"turns":4},{"damage":0,"enemies":"Gremlin Leader","floor":27,"turns":4},{"damage":26,"enemies":"Slavers","floor":29,"turns":5},{"damage":0,"enemies":"Shelled Parasite and Fungi","floor":31,"turns":4},{"damage":40,"enemies":"Automaton","floor":33,"turns":10},{"damage":12,"enemies":"3 Shapes","floor":35,"turns":4},{"damage":5,"enemies":"Orb Walker","floor":38,"turns":3},{"damage":31,"enemies":"Spire Growth","floor":39,"turns":5},{"damage":13,"enemies":"Reptomancer","floor":40,"turns":2}],"seed_played":"7541729238424755074","neow_bonus_log":{"cardsObtained":[],"cardsUpgraded":[],"cardsRemoved":[],"cardsTransformed":[],"relicsObtained":[],"maxHpGained":0,"goldGained":100,"damageTaken":0,"goldLost":0,"maxHpLost":0},"potions_obtained":[{"floor":6,"key":"AttackPotion"},{"floor":10,"key":"Block Potion"},{"floor":13,"key":"SpeedPotion"}],"is_trial":false,"path_per_floor":["M","?","$","M","M","E","R","$","T","E","R","E","M","M","R","B",null,"M","?","$","?","M","R","E","R","T","E","R","E","R","M","R","B",null,"M","?","?","M","M","E"],"character_chosen":"WATCHER","basemod:card_modifiers":[null,null,null,null,null,null,null,null,null,null,null,null,null,null,null,null,null,null,null,null,null,null,null],"items_purchased":["Apotheosis","Fire Potion","SandsOfTime"],"campfire_rested":0,"item_purchase_floors":[3,3,8],"current_hp_per_floor":[60,60,60,55,51,51,51,51,51,29,29,29,29,29,29,29,58,47,47,47,47,47,47,46,46,46,46,46,20,32,32,44,4,52,40,40,40,35,4,0],"gold":298,"neow_bonus":"HUNDRED_GOLD","is_prod":false,"is_daily":false,"rewards_skipped":[{"floor":12,"relics":[],"potions":["DistilledChaos"]},{"floor":16,"relics":[],"potions":["SmokeBomb"]},{"floor":29,"relics":[],"potions":["Dexterity Potion"]},{"floor":31,"relics":[],"potions":["Energy Potion"]}],"chose_seed":false,"campfire_upgraded":4,"win_rate":0,"floor_exit_playtime":[45,49,68,145,178,251,258,271,274,315,320,361,409,436,459,575,856,926,929,960,963,1016,1024,1122,1133,1135,1222,1244,1364,1372,1459,1467,1687,1714,1797,1802,1820,1871,1979],"timestamp":1724190868,"blue_key_relic_skipped_log":{"floor":9,"relicID":"Juzu Bracelet"},"path_taken":["M","?","$","M","M","E","R","$","T","E","R","E","M","M","R","BOSS","M","?","$","?","M","R","E","R","T","E","R","E","R","M","R","BOSS","M","?","?","M","?","E"],"build_version":"2022-12-18","purchased_purges":2,"victory":false,"max_hp_per_floor":[68,68,68,68,68,68,68,68,68,68,68,68,68,68,68,68,68,68,68,68,68,68,68,68,68,68,68,68,68,68,68,68,68,68,68,68,65,65,65,65],"relic_stats":{"Peace Pipe":4,"Sozu":2,"Matryoshka":2,"counters":[20,86],"Ornamental Fan":[36],"Bronze Scales":[171],"HolyWater":[14],"Eternal Feather":24,"Art of War":[9],"Orichalcum":[18],"obtain_stats":[{"Potion Belt":27,"Eternal Feather":29,"Orichalcum":26,"Peace Pipe":10,"Sozu":17,"Matryoshka":6,"HornCleat":21,"Ornamental Fan":26,"Bronze Scales":9,"HolyWater":34,"Art of War":12,"PureWater":0,"Toxic Egg 2":24},{"Potion Belt":13,"Eternal Feather":14,"Orichalcum":12,"Peace Pipe":5,"Sozu":9,"Matryoshka":4,"HornCleat":10,"Ornamental Fan":12,"Bronze Scales":4,"HolyWater":16,"Art of War":6,"PureWater":0,"Toxic Egg 2":12},{"Potion Belt":53,"Eternal Feather":58,"Orichalcum":49,"Peace Pipe":20,"Sozu":39,"Matryoshka":17,"HornCleat":43,"Ornamental Fan":49,"Bronze Scales":17,"HolyWater":72,"Art of War":24,"PureWater":0,"Toxic Egg 2":49}]},"card_choices":[{"not_picked":["TalkToTheHand","Study"],"picked":"ThirdEye","floor":1},{"not_picked":["PathToVictory","Worship","Wireheading"],"picked":"SKIP","floor":4},{"not_picked":["Halt","Protect"],"picked":"FollowUp","floor":5},{"not_picked":["Evaluate","Weave"],"picked":"Crescendo","floor":6},{"not_picked":["Weave","EmptyFist"],"picked":"Halt","floor":10},{"not_picked":["SignatureMove","CrushJoints","Vengeance"],"picked":"SKIP","floor":12},{"not_picked":["EmptyFist","Crescendo"],"picked":"PathToVictory","floor":13},{"not_picked":["FlurryOfBlows","FlyingSleeves"],"picked":"EmptyBody","floor":14},{"not_picked":["Devotion","Omniscience"],"picked":"Scrawl","floor":16},{"not_picked":["SashWhip","FlurryOfBlows"],"picked":"Vengeance","floor":18},{"not_picked":["JustLucky","ThirdEye"],"picked":"Sanctity+1","floor":22},{"not_picked":["Tantrum","Prostrate+1"],"picked":"Indignation+1","floor":24},{"not_picked":["FlyingSleeves","SandsOfTime"],"picked":"ClearTheMind+1","floor":27},{"not_picked":["Evaluate+1","Perseverance+1"],"picked":"LikeWater","floor":29},{"not_picked":["EmptyFist","BowlingBash"],"picked":"ThirdEye+1","floor":31},{"not_picked":["Ragnarok","DeusExMachina+1"],"picked":"Vault+1","floor":33},{"not_picked":["Crescendo+1","EmptyBody+1"],"picked":"MentalFortress","floor":35},{"not_picked":["Crescendo+1","Wallop"],"picked":"JustLucky+1","floor":38},{"not_picked":["Ragnarok","CrushJoints","Crescendo+1"],"picked":"SKIP","floor":39}],"player_experience":2656275,"relics_obtained":[{"floor":6,"key":"Matryoshka"},{"floor":9,"key":"Bronze Scales"},{"floor":10,"key":"Peace Pipe"},{"floor":12,"key":"Art of War"},{"floor":24,"key":"Toxic Egg 2"},{"floor":26,"key":"Orichalcum"},{"floor":26,"key":"Ornamental Fan"},{"floor":27,"key":"Potion Belt"},{"floor":29,"key":"Eternal Feather"}],"event_choices":[{"damage_healed":0,"gold_gain":150,"player_choice":"AGREE","damage_taken":0,"max_hp_gain":0,"max_hp_loss":0,"event_name":"Liars Game","floor":2,"gold_loss":0,"cards_obtained":["Doubt"]},{"damage_healed":0,"gold_gain":50,"player_choice":"Stole From Cult","damage_taken":0,"max_hp_gain":0,"max_hp_loss":0,"event_name":"Nest","floor":19,"gold_loss":0},{"damage_healed":0,"gold_gain":0,"player_choice":"Obtained Relic","damage_taken":0,"relics_obtained":["HornCleat"],"max_hp_gain":0,"max_hp_loss":0,"event_name":"Addict","floor":21,"gold_loss":85},{"cards_removed":["FollowUp"],"damage_healed":0,"gold_gain":0,"player_choice":"Removed Attack","damage_taken":0,"max_hp_gain":0,"max_hp_loss":0,"event_name":"Falling","floor":36,"gold_loss":0},{"damage_healed":0,"gold_gain":0,"player_choice":"Max HP","damage_taken":0,"max_hp_gain":0,"max_hp_loss":3,"event_name":"Winding Halls","floor":37,"gold_loss":0}],"is_beta":false,"boss_relics":[{"not_picked":["SacredBark","Runic Dome"],"picked":"Sozu"},{"not_picked":["Empty Cage","Pandora\u0027s Box"],"picked":"HolyWater"}],"items_purged_floors":[3,20],"is_endless":false,"potions_floor_spawned":[6,10,12,13,16,29,31],"killed_by":"Reptomancer","ascension_level":20,"potion_discard_per_floor":[[],[],[],[],[],[],[],[],[],[],[],[],[],[],[],[],[],[],[],[],[],[],[],[],[],[],[],[],[],[],[],[],[],[],[],[],[],[],[],[]]}