{"neow_bonuses_skipped_log":["THREE_CARDS","TWENTY_PERCENT_HP_BONUS","BOSS_RELIC"],"neow_costs_skipped_log":["NONE","CURSE","NONE"],"potions_obtained_entropic_brew":[[],[],[],[],[],[],[],[],[],[],[],[],[],[],[],[],[],[],[],[],[],[],[],[],[],[],[],[],[],[],[],[],[],[],[],[],[],[],[],[],[],[],[],[],[],[],[],[],[],[]],"gold_per_floor":[113,38,51,25,100,128,128,158,158,175,175,175,9,40,40,117,117,134,59,76,103,114,149,161,184,196,235,247,287,316,378,390,476,488,515,527,549,561,795,807,853,865,900,311,327,357,327,327,327,327],"floor_reached":50,"playtime":7979,"items_purged":["Defend_P","Protect"],"score":1323,"play_id":"40aea7d1-c961-4f1a-bd36-1f154e990164","local_time":"20240820163843","score_breakdown":["Floors Climbed (50): 250","Enemies Slain (12): 24","Exordium Elites Killed (3): 30","City Elites Killed (3): 60","Beyond Elites Killed (2): 60","Bosses Slain (2): 150","Money Money (1260): 25","Champion (2): 50","Overkill: 25","Ascension (20): 649"],"is_ascension_mode":true,"potions_obtained_alchemize":[[],[],[],[],[],[],[],[],[],[],[],[],[],[],[],[],[],[],[],[],[],[],[],[],[],[],[],[],[],[],[],[],[],[],[],[],[],[],[],[],[],[],[],[],[],[],[],[],[],[]],"campfire_choices":[{"data":"Eruption","floor":7.0,"key":"SMITH"},{"data":"FlurryOfBlows","floor":11.0,"key":"SMITH"},{"floor":15.0,"key":"REST"},{"floor":24,"key":"REST"},{"floor":28,"key":"REST"},{"floor":32,"key":"REST"},{"floor":40,"key":"REST"},{"data":"MentalFortress","floor":42,"key":"SMITH"},{"floor":49,"key":"RECALL"}],"lesson_learned_per_floor":[[],[],[],[],[],[],[],[],[],[],[],[],[],[],[],[],[],[],[],[],[],[],[],[],[],[],[],[],[],[],[],[],[],[],[],[],[],[],[],[],[],[],[],[],[],[],[],[],[],[]],"neow_cost":"NONE","improvable_cards":{},"seed_source_timestamp":309850452582400,"shop_contents":[{"floor":2,"relics":["Bag of Preparation","Blood Vial","Toolbox"],"cards":["Brilliance","SashWhip","Evaluate","Swivel","Wireheading","Dramatic Entrance","Violence"],"potions":["Energy Potion","Strength Potion","StancePotion"]},{"floor":4,"relics":["Bag of Marbles","PreservedInsect","Chemical X"],"cards":["ReachHeaven","CarveReality","PathToVictory","Adaptation","Panacea","Apotheosis"],"potions":["Energy Potion","DuplicationPotion","StancePotion"]},{"floor":13,"relics":["Sundial","WingedGreaves","Strange Spoon"],"cards":["FollowUp","ClearTheMind","Study","Mind Blast","Thinking Ahead"],"potions":["PowerPotion","FearPotion","Fruit Juice"]},{"floor":44,"relics":["Orichalcum"],"cards":["Consecrate","EmptyFist","Collect","Crescendo","Mind Blast","Metamorphosis"],"potions":["EssenceOfSteel","EssenceOfSteel","Fire Potion"]}],"circlet_count":0,"master_deck":["AscendersBane","Eruption+1","Vigilance","MentalFortress+1","Tantrum","Prostrate","FlurryOfBlows+1","Prostrate","EmptyMind","Collect","SandsOfTime","InnerPeace","Brilliance","TalkToTheHand","CutThroughFate","Worship","JustLucky","CrushJoints","Worship+1","Prostrate","Vault","CutThroughFate","Evaluate","Brilliance","Evaluate+1","Secret Technique","Bandage Up","Meditate","Nirvana"],"special_seed":0,"potion_use_per_floor":[[],[],[],[],[],[],[],["DistilledChaos"],[],[],[],[],[],[],[],["CultistPotion"],[],[],[],[],["BottledMiracle"],[],["Block Potion","Strength Potion"],[],[],[],[],[],["Regen Potion"],[],[],[],["AttackPotion"],[],[],[],[],["SmokeBomb"],[],[],[],[],[],[],[],["BlessingOfTheForge"],[],[],[],[]],"relics":["PureWater","NeowsBlessing","Darkstone Periapt","Mercury Hourglass","Bronze Scales","Ancient Tea Set","Pandora\u0027s Box","Red Mask","MawBank","Yang","Juzu Bracelet","Akabeko","SlaversCollar","Vajra","Meat on the Bone","ClockworkSouvenir"],"potions_floor_usage":[16,21,23,23,29,33,38,46],"damage_taken":[{"damage":0.0,"enemies":"Cultist","floor":1.0,"turns":2.0},{"damage":0.0,"enemies":"Small Slimes","floor":3.0,"turns":1.0},{"damage":0.0,"enemies":"3 Sentries","floor":6.0,"turns":1.0},{"damage":21.0,"enemies":"Lagavulin","floor":8.0,"turns":6.0},{"damage":0.0,"enemies":"2 Louse","floor":10.0,"turns":1.0},{"damage":13.0,"enemies":"Gremlin Nob","floor":14.0,"turns":3.0},{"damage":12,"enemies":"The Guardian","floor":16,"turns":8},{"damage":3,"enemies":"Spheric Guardian","floor":18,"turns":3},{"damage":6,"enemies":"2 Thieves","floor":20,"turns":3},{"damage":34,"enemies":"Masked Bandits","floor":21,"turns":4},{"damage":0,"enemies":"Centurion and Healer","floor":22,"turns":4},{"damage":4,"enemies":"Slavers","floor":23,"turns":3},{"damage":0,"enemies":"Sentry and Sphere","floor":25,"turns":3},{"damage":21,"enemies":"Book of Stabbing","floor":27,"turns":5},{"damage":22,"enemies":"Slavers","floor":29,"turns":5},{"damage":12,"enemies":"Cultist and Chosen","floor":30,"turns":4},{"damage":10,"enemies":"Champ","floor":33,"turns":10},{"damage":9,"enemies":"3 Shapes","floor":35,"turns":6},{"damage":1,"enemies":"3 Darklings","floor":37,"turns":5},{"damage":25,"enemies":"Transient","floor":38,"turns":3},{"damage":0,"enemies":"Giant Head","floor":41,"turns":7},{"damage":0,"enemies":"Maw","floor":45,"turns":7},{"damage":36,"enemies":"Nemesis","floor":46,"turns":6},{"damage":27,"enemies":"Donu and Deca","floor":50,"turns":3}],"green_key_taken_log":6,"seed_played":"-708354455815249266","neow_bonus_log":{"cardsObtained":[],"cardsUpgraded":[],"cardsRemoved":[],"cardsTransformed":[],"relicsObtained":["NeowsBlessing"],"maxHpGained":0,"goldGained":0,"damageTaken":0,"goldLost":0,"maxHpLost":0},"potions_obtained":[{"floor":3.0,"key":"DistilledChaos"},{"floor":10.0,"key":"CultistPotion"},{"floor":14.0,"key":"BottledMiracle"},{"floor":21,"key":"Strength Potion"},{"floor":22,"key":"Block Potion"},{"floor":25,"key":"SmokeBomb"},{"floor":27,"key":"Regen Potion"},{"floor":30,"key":"AttackPotion"},{"floor":37,"key":"BlessingOfTheForge"},{"floor":41,"key":"FearPotion"},{"floor":47,"key":"CultistPotion"}],"is_trial":false,"path_per_floor":["M","$","M","$","?","E","R","E","T","M","R","?","$","E","R","B",null,"M","?","M","?","M","E","R","M","T","E","R","E","M","?","R","B",null,"M","?","M","M","?","R","E","R","T","$","M","E","?","?","R","B"],"character_chosen":"WATCHER","basemod:card_modifiers":[null,null,null,null,null,null,null,null,null,null,null,null,null,null,null,null,null,null,null,null,null,null,null,null,null,null,null,null,null],"items_purchased":["Prostrate","SandsOfTime","InnerPeace","Meat on the Bone","ClockworkSouvenir","Nirvana"],"campfire_rested":5,"item_purchase_floors":[4,13,13,44,44,44],"current_hp_per_floor":[61,61,61,61,50,50,50,29,29,29,29,29,29,16,36,24,57,54,54,48,14,14,10,30,30,30,9,29,21,9,9,29,19,56,47,37,36,15,15,35,39,39,39,39,43,23,23,23,23,0],"gold":327,"neow_bonus":"THREE_ENEMY_KILL","is_prod":false,"is_daily":false,"rewards_skipped":[{"floor":46,"relics":["Dead Branch"],"potions":[]},{"floor":47,"relics":[],"potions":["LiquidBronze"]}],"chose_seed":false,"campfire_upgraded":3,"win_rate":0,"floor_exit_playtime":[27,41,51,68,71,83,89,139,145,162,171,181,194,241,243,369,400,479,3450,3935,4248,6124,6216,6220,6288,6290,6396,6399,6521,6592,6596,6597,6872,6905,6984,7036,7195,7265,7268,7271,7453,7469,7471,7513,7718,7874,7880,7884,7888],"timestamp":1724186323,"blue_key_relic_skipped_log":{"floor":43,"relicID":"Regal Pillow"},"path_taken":["M","$","M","?","?","E","R","E","T","M","R","?","?","E","R","BOSS","M","?","M","?","?","E","R","M","T","E","R","E","M","?","R","BOSS","M","?","M","M","?","R","E","R","T","$","M","E","?","?","R","BOSS"],"build_version":"2022-12-18","purchased_purges":2,"victory":false,"max_hp_per_floor":[68,68,68,68,68,68,68,68,68,68,68,68,68,68,68,68,68,68,68,68,68,68,68,68,68,68,68,68,68,68,68,68,68,68,68,68,68,68,68,68,68,68,68,68,68,68,68,65,65,65],"relic_stats":{"Darkstone Periapt":0,"counters":[24,103],"Bronze Scales":[197],"Pandora\u0027s Box":["TalkToTheHand","CutThroughFate","CarveReality","Worship","JustLucky","CrushJoints"],"Yang":[158],"Juzu Bracelet":2,"PureWater":[21],"Ancient Tea Set":[14],"MawBank":252,"obtain_stats":[{"Darkstone Periapt":6,"NeowsBlessing":0,"Vajra":41,"Yang":26,"Juzu Bracelet":27,"Ancient Tea Set":14,"MawBank":23,"Akabeko":29,"Mercury Hourglass":8,"ClockworkSouvenir":44,"SlaversCollar":34,"Bronze Scales":9,"Pandora\u0027s Box":17,"Red Mask":21,"PureWater":0,"Meat on the Bone":44},{"Darkstone Periapt":3,"NeowsBlessing":0,"Vajra":21,"Yang":13,"Juzu Bracelet":14,"Ancient Tea Set":6,"MawBank":12,"Akabeko":15,"Mercury Hourglass":4,"ClockworkSouvenir":21,"SlaversCollar":17,"Bronze Scales":4,"Pandora\u0027s Box":7,"Red Mask":10,"PureWater":0,"Meat on the Bone":21},{"Darkstone Periapt":4,"NeowsBlessing":0,"Vajra":87,"Yang":42,"Juzu Bracelet":47,"Ancient Tea Set":14,"MawBank":39,"Akabeko":52,"Mercury Hourglass":10,"ClockworkSouvenir":87,"SlaversCollar":66,"Bronze Scales":10,"Pandora\u0027s Box":22,"Red Mask":32,"PureWater":0,"Meat on the Bone":87}],"Mercury Hourglass":[351],"Meat on the Bone":12},"card_choices":[{"not_picked":["Crescendo","JustLucky"],"picked":"MentalFortress","floor":1.0},{"not_picked":["ThirdEye","TalkToTheHand"],"picked":"Tantrum","floor":3.0},{"not_picked":["PathToVictory","BowlingBash"],"picked":"FlurryOfBlows","floor":6.0},{"not_picked":["EmptyMind","Crescendo"],"picked":"Prostrate","floor":8.0},{"not_picked":["Vengeance","SignatureMove"],"picked":"EmptyMind","floor":10.0},{"not_picked":["WindmillStrike","BattleHymn"],"picked":"Protect","floor":14.0},{"not_picked":["MasterReality","ConjureBlade"],"picked":"Brilliance","floor":16},{"not_picked":["SandsOfTime","Protect","WaveOfTheHand"],"picked":"SKIP","floor":18},{"not_picked":["Crescendo","ClearTheMind"],"picked":"Worship+1","floor":20},{"not_picked":["EmptyMind","Protect"],"picked":"Prostrate","floor":21},{"not_picked":["Halt","SandsOfTime","Blasphemy"],"picked":"SKIP","floor":22},{"not_picked":["Consecrate","Crescendo","FollowUp+1"],"picked":"SKIP","floor":23},{"not_picked":["Halt","ThirdEye"],"picked":"Vault","floor":25},{"not_picked":["FlyingSleeves","Prostrate"],"picked":"CutThroughFate","floor":27},{"not_picked":["FlyingSleeves","MasterReality"],"picked":"Evaluate","floor":29},{"not_picked":["EmptyMind","FlurryOfBlows","FollowUp+1"],"picked":"SKIP","floor":30},{"not_picked":["LessonLearned","ConjureBlade"],"picked":"Brilliance","floor":33},{"not_picked":["BowlingBash","PathToVictory+1"],"picked":"Evaluate+1","floor":35},{"not_picked":["Sadistic Nature","HandOfGreed"],"picked":"Secret Technique","floor":36},{"not_picked":["Panacea","Secret Weapon"],"picked":"Bandage Up","floor":36},{"not_picked":["Discovery","Enlightenment","Forethought"],"picked":"SKIP","floor":36},{"not_picked":["Swivel+1","PathToVictory+1","Conclude"],"picked":"SKIP","floor":37},{"not_picked":["ThirdEye","FlurryOfBlows"],"picked":"Meditate","floor":41},{"not_picked":["Perseverance","Halt","Pray"],"picked":"SKIP","floor":45},{"not_picked":["SignatureMove","EmptyFist","SashWhip"],"picked":"SKIP","floor":46}],"player_experience":2648296,"relics_obtained":[{"floor":6.0,"key":"Darkstone Periapt"},{"floor":8.0,"key":"Mercury Hourglass"},{"floor":9.0,"key":"Bronze Scales"},{"floor":14.0,"key":"Ancient Tea Set"},{"floor":21,"key":"Red Mask"},{"floor":23,"key":"MawBank"},{"floor":26,"key":"Yang"},{"floor":27,"key":"Juzu Bracelet"},{"floor":29,"key":"Akabeko"},{"floor":41,"key":"Vajra"}],"event_choices":[{"damage_healed":0.0,"max_hp_gain":0.0,"max_hp_loss":0.0,"gold_gain":75.0,"event_name":"World of Goop","player_choice":"Gather Gold","floor":5.0,"gold_loss":0.0,"damage_taken":11.0},{"damage_healed":0.0,"max_hp_gain":0.0,"max_hp_loss":0.0,"gold_gain":0.0,"cards_transformed":["Defend_P"],"event_name":"Living Wall","player_choice":"Change","floor":12.0,"gold_loss":0.0,"damage_taken":0.0,"cards_obtained":["Collect"]},{"cards_removed":["CarveReality"],"damage_healed":0,"gold_gain":0,"player_choice":"Gave Gold","damage_taken":0,"max_hp_gain":0,"max_hp_loss":0,"event_name":"Beggar","floor":19,"gold_loss":75},{"damage_healed":0,"gold_gain":0,"player_choice":"Fought Bandits","damage_taken":0,"max_hp_gain":0,"max_hp_loss":0,"event_name":"Masked Bandits","floor":21,"gold_loss":0},{"damage_healed":0,"gold_gain":50,"player_choice":"Stole From Cult","damage_taken":0,"max_hp_gain":0,"max_hp_loss":0,"event_name":"Nest","floor":31,"gold_loss":0},{"damage_healed":0,"gold_gain":0,"player_choice":"Memory 3","damage_taken":10,"max_hp_gain":0,"max_hp_loss":0,"event_name":"SensoryStone","floor":36,"gold_loss":0},{"damage_healed":0,"gold_gain":222,"player_choice":"Wore Mask","damage_taken":0,"max_hp_gain":0,"max_hp_loss":0,"event_name":"Tomb of Lord Red Mask","floor":39,"gold_loss":0},{"damage_healed":0,"gold_gain":0,"player_choice":"Bought 2 Potions","damage_taken":0,"max_hp_gain":0,"max_hp_loss":0,"event_name":"The Woman in Blue","floor":47,"gold_loss":0},{"damage_healed":0,"gold_gain":0,"player_choice":"Max HP","damage_taken":0,"max_hp_gain":0,"max_hp_loss":3,"event_name":"Winding Halls","floor":48,"gold_loss":0}],"is_beta":false,"boss_relics":[{"not_picked":["Philosopher\u0027s Stone","Black Star"],"picked":"Pandora\u0027s Box"},{"not_picked":["Busted Crown","Cursed Key"],"picked":"SlaversCollar"}],"items_purged_floors":[2,44],"is_endless":false,"potions_floor_spawned":[3,10,14,21,22,25,27,30,37,41],"killed_by":"Donu and Deca","ascension_level":20,"potion_discard_per_floor":[[],[],[],[],[],[],[],[],[],[],[],[],[],[],[],[],[],[],[],[],[],[],[],[],[],[],[],[],[],[],[],[],[],[],[],[],[],[],[],[],[],[],[],[],[],[],[],[],[],[]]}