{"neow_bonuses_skipped_log":["REMOVE_CARD","ONE_RARE_RELIC","BOSS_RELIC"],"potions_obtained_entropic_brew":[[],[],[],[],[],[]],"neow_costs_skipped_log":["NONE","NO_GOLD","NONE"],"gold_per_floor":[109,129,129,129,129,129],"floor_reached":6,"playtime":132,"items_purged":[],"score":68,"play_id":"021b1e7c-85f6-4d38-b441-88ff510ee2d9","local_time":"20240821113455","score_breakdown":["Floors Climbed (6): 30","Enemies Slain (2): 4","Exordium Elites Killed (0): 0","Bosses Slain (0): 0","Ascension (20): 34"],"is_ascension_mode":true,"potions_obtained_alchemize":[[],[],[],[],[],[]],"campfire_choices":[],"lesson_learned_per_floor":[[],[],[],[],[],[]],"neow_cost":"NONE","improvable_cards":{},"seed_source_timestamp":385906181722900,"shop_contents":[],"circlet_count":0,"master_deck":["AscendersBane","Strike_P","Strike_P+1","Strike_P","Strike_P","Defend_P","Defend_P+1","Defend_P","Defend_P","Eruption","Vigilance","FollowUp","Consecrate"],"potion_use_per_floor":[[],[],[],[],[],["SpeedPotion"]],"relics":["PureWater","Oddly Smooth Stone","Golden Idol"],"potions_floor_usage":[6],"damage_taken":[{"damage":0,"enemies":"2 Louse","floor":1,"turns":3},{"damage":2,"enemies":"Small Slimes","floor":2,"turns":5},{"damage":55,"enemies":"Gremlin Nob","floor":6,"turns":3}],"seed_played":"1384147855763722898","neow_bonus_log":{"cardsObtained":[],"cardsUpgraded":[],"cardsRemoved":[],"cardsTransformed":[],"relicsObtained":["Oddly Smooth Stone"],"maxHpGained":0,"goldGained":0,"damageTaken":0,"goldLost":0,"maxHpLost":0},"potions_obtained":[{"floor":2,"key":"SpeedPotion"}],"is_trial":false,"path_per_floor":["M","M","?","?","?","E"],"character_chosen":"WATCHER","basemod:card_modifiers":[null,null,null,null,null,null,null,null,null,null,null,null,null],"items_purchased":[],"campfire_rested":0,"item_purchase_floors":[],"current_hp_per_floor":[61,59,59,59,40,0],"gold":129,"neow_bonus":"RANDOM_COMMON_RELIC","is_prod":false,"is_daily":false,"rewards_skipped":[],"chose_seed":false,"campfire_upgraded":0,"win_rate":0,"floor_exit_playtime":[54,93,98,102,106],"timestamp":1724254495,"path_taken":["M","M","?","?","?","E"],"build_version":"2022-12-18","purchased_purges":0,"victory":false,"max_hp_per_floor":[68,68,62,62,62,62],"relic_stats":{"counters":[3,11],"Golden Idol":0,"PureWater":[2],"obtain_stats":[{"Golden Idol":3,"Oddly Smooth Stone":0,"PureWater":0},{"Golden Idol":2,"Oddly Smooth Stone":0,"PureWater":0},{"Golden Idol":8,"Oddly Smooth Stone":0,"PureWater":0}]},"card_choices":[{"not_picked":["BowlingBash","Crescendo"],"picked":"FollowUp","floor":1},{"not_picked":["Crescendo","BowlingBash"],"picked":"Consecrate","floor":2}],"player_experience":2663251,"relics_obtained":[],"event_choices":[{"damage_healed":0,"gold_gain":0,"player_choice":"Lose Max HP","damage_taken":0,"relics_obtained":["Golden Idol"],"max_hp_gain":0,"max_hp_loss":6,"event_name":"Golden Idol","floor":3,"gold_loss":0},{"damage_healed":0,"gold_gain":0,"player_choice":"Ignored","damage_taken":0,"max_hp_gain":0,"max_hp_loss":0,"event_name":"Liars Game","floor":4,"gold_loss":0},{"damage_healed":0,"gold_gain":0,"player_choice":"Entered Light","damage_taken":19,"max_hp_gain":0,"max_hp_loss":0,"event_name":"Shining Light","floor":5,"gold_loss":0,"cards_upgraded":["Strike_P","Defend_P"]}],"is_beta":false,"boss_relics":[],"items_purged_floors":[],"is_endless":false,"potions_floor_spawned":[2],"killed_by":"Gremlin Nob","ascension_level":20,"potion_discard_per_floor":[[],[],[],[],[],[]]}