{"neow_bonuses_skipped_log":["RANDOM_COLORLESS","TEN_PERCENT_HP_BONUS","THREE_RARE_CARDS"],"potions_obtained_entropic_brew":[[],[],[],[],[],[],[],[],[],[],[],[],[],[],[],[],[],[],[],[],[],[],[],[],[],[],[],[],[],[],[],[],[],[],[],[],[],[],[],[],[],[],[],[],[],[],[],[],[],[],[]],"neow_costs_skipped_log":["NONE","NONE","CURSE"],"gold_per_floor":[119,135,3,18,30,30,41,56,134,134,162,181,207,225,225,302,302,313,325,325,340,340,340,358,391,415,85,85,85,99,133,133,204,204,218,236,253,253,63,63,90,126,126,152,202,228,238,261,261,261,261],"floor_reached":51,"playtime":2761,"items_purged":["Defend_P","Defend_P","Strike_P"],"score":1572,"play_id":"09576948-2bcf-4d7a-b3d4-45a3e982cbb7","local_time":"20240826021422","score_breakdown":["Floors Climbed (51): 255","Enemies Slain (18): 36","Exordium Elites Killed (2): 20","City Elites Killed (2): 40","Beyond Elites Killed (2): 60","Bosses Slain (3): 300","Champion (3): 75","Ascension (20): 786"],"is_ascension_mode":true,"potions_obtained_alchemize":[[],[],[],[],[],[],[],[],[],[],[],[],[],[],[],[],[],[],[],[],[],[],[],[],[],[],[],[],[],[],[],[],[],[],[],[],[],[],[],[],[],[],[],[],[],[],[],[],[],[],[]],"campfire_choices":[{"data":"FlyingSleeves","floor":6.0,"key":"SMITH"},{"data":"EmptyFist","floor":10.0,"key":"SMITH"},{"data":"CrushJoints","floor":15.0,"key":"SMITH"},{"data":"Scrawl","floor":23.0,"key":"SMITH"},{"floor":28.0,"key":"REST"},{"floor":32.0,"key":"REST"},{"data":"Crescendo","floor":40.0,"key":"SMITH"},{"floor":49,"key":"RECALL"}],"lesson_learned_per_floor":[[],[],[],[],[],[],[],[],[],[],[],[],[],[],[],[],[],[],[],[],[],[],[],[],[],[],[],[],[],[],[],[],[],[],["Strike_P"],[],["JustLucky"],[],[],[],[],[],[],[],[],["WreathOfFlame"],["Blind"],[],[],["FearNoEvil"],["EmptyBody"]],"neow_cost":"NONE","improvable_cards":{},"seed_source_timestamp":109844607532500,"shop_contents":[{"floor":3,"relics":["Molten Egg 2","Frozen Egg 2","TheAbacus"],"cards":["CutThroughFate","EmptyFist","Evaluate","Protect","Wireheading","Panacea","Apotheosis"],"potions":["StancePotion","Regen Potion"]},{"floor":27,"relics":["Omamori","Gremlin Horn"],"cards":["FollowUp","Conclude","DeceiveReality","LikeWater","Finesse","Mayhem"],"potions":["DuplicationPotion","BottledMiracle"]},{"floor":39,"relics":["Bag of Preparation","Happy Flower","Frozen Eye"],"cards":["FollowUp","CarveReality","Meditate","LikeWater","Dark Shackles","Panache"],"potions":["Regen Potion","Swift Potion","PowerPotion"]}],"circlet_count":0,"master_deck":["AscendersBane","Strike_P","Strike_P+1","Defend_P","Defend_P","Eruption","Vigilance","FlyingSleeves+1","EmptyBody+1","JustLucky+1","WreathOfFlame+1","EmptyFist+1","FearNoEvil+1","CrushJoints+1","EmptyMind","Scrawl+1","Evaluate+1","CarveReality","ThirdEye","Crescendo+1","LessonLearned","Blind+1","Bandage Up","Indignation","Prostrate+1","ThirdEye+1","Prostrate+1"],"special_seed":0,"potion_use_per_floor":[[],[],[],[],["AttackPotion"],[],[],[],[],[],["ColorlessPotion","SteroidPotion"],[],[],["Regen Potion","Energy Potion"],[],[],[],[],[],[],["GamblersBrew"],[],[],[],["Explosive Potion","PowerPotion"],[],[],[],[],[],[],[],["Swift Potion"],[],[],[],[],[],[],[],[],[],[],[],[],[],["BlessingOfTheForge"],[],[],["Swift Potion"],[]],"relics":["Busted Crown","Question Card","Centennial Puzzle","Ice Cream","SlaversCollar","Mercury Hourglass","Strawberry","Pantograph","CeramicFish","ClockworkSouvenir","Sundial","Runic Pyramid","Yang","HornCleat","Blood Vial"],"potions_floor_usage":[47,50],"damage_taken":[{"damage":2.0,"enemies":"Cultist","floor":1.0,"turns":3.0},{"damage":0.0,"enemies":"Small Slimes","floor":2.0,"turns":4.0},{"damage":0.0,"enemies":"Jaw Worm","floor":4.0,"turns":4.0},{"damage":18.0,"enemies":"Exordium Thugs","floor":5.0,"turns":5.0},{"damage":0.0,"enemies":"Looter","floor":7.0,"turns":2.0},{"damage":3.0,"enemies":"Blue Slaver","floor":8.0,"turns":3.0},{"damage":2.0,"enemies":"3 Sentries","floor":11.0,"turns":3.0},{"damage":0.0,"enemies":"Large Slime","floor":12.0,"turns":2.0},{"damage":0.0,"enemies":"Gremlin Nob","floor":13.0,"turns":2.0},{"damage":5.0,"enemies":"Gremlin Gang","floor":14.0,"turns":3.0},{"damage":20.0,"enemies":"Hexaghost","floor":16.0,"turns":7.0},{"damage":5.0,"enemies":"3 Byrds","floor":18.0,"turns":5.0},{"damage":9.0,"enemies":"2 Thieves","floor":19.0,"turns":4.0},{"damage":11.0,"enemies":"Centurion and Healer","floor":21.0,"turns":5.0},{"damage":18.0,"enemies":"Chosen and Byrds","floor":24.0,"turns":4.0},{"damage":0.0,"enemies":"Gremlin Leader","floor":25.0,"turns":3.0},{"damage":5.0,"enemies":"3 Cultists","floor":30.0,"turns":4.0},{"damage":11.0,"enemies":"Book of Stabbing","floor":31.0,"turns":3.0},{"damage":49.0,"enemies":"Champ","floor":33.0,"turns":9.0},{"damage":12.0,"enemies":"3 Darklings","floor":35.0,"turns":9.0},{"damage":11.0,"enemies":"3 Shapes","floor":37.0,"turns":5.0},{"damage":3.0,"enemies":"Reptomancer","floor":42.0,"turns":4.0},{"damage":0.0,"enemies":"Giant Head","floor":44.0,"turns":5.0},{"damage":0,"enemies":"Spire Growth","floor":46,"turns":3},{"damage":3,"enemies":"Jaw Worm Horde","floor":47,"turns":3},{"damage":0,"enemies":"Transient","floor":48,"turns":6},{"damage":46,"enemies":"Time Eater","floor":50,"turns":9},{"damage":52,"enemies":"Donu and Deca","floor":51,"turns":9}],"green_key_taken_log":44,"seed_played":"5579001585461845231","neow_bonus_log":{"cardsObtained":[],"cardsUpgraded":[],"cardsRemoved":[],"cardsTransformed":[],"relicsObtained":["Busted Crown"],"maxHpGained":0,"goldGained":0,"damageTaken":0,"goldLost":0,"maxHpLost":0},"potions_obtained":[{"floor":2.0,"key":"SteroidPotion"},{"floor":8.0,"key":"ColorlessPotion"},{"floor":11.0,"key":"Regen Potion"},{"floor":12.0,"key":"Energy Potion"},{"floor":19.0,"key":"GamblersBrew"},{"floor":21.0,"key":"PowerPotion"},{"floor":24.0,"key":"Explosive Potion"},{"floor":37.0,"key":"BlessingOfTheForge"},{"floor":44.0,"key":"SmokeBomb"},{"floor":46,"key":"Swift Potion"}],"is_trial":false,"path_per_floor":["M","M","$","M","M","R","M","M","T","R","E","M","E","M","R","B",null,"M","M","T","M","?","R","M","E","T","$","R","?","M","E","R","B",null,"M","?","M","?","$","R","T","E","T","E","?","M","M","M","R","B","B"],"character_chosen":"WATCHER","basemod:card_modifiers":[null,null,null,null,null,null,null,null,null,null,null,null,null,null,null,null,null,null,null,null,null,null,null,null,null,null,null],"items_purchased":["AttackPotion","ClockworkSouvenir","Swift Potion","Crescendo","Indignation"],"campfire_rested":2,"item_purchase_floors":[3,27,27,27,39],"current_hp_per_floor":[59,59,59,59,41,41,41,38,38,38,36,36,36,40,40,20,56,51,42,42,31,38,38,20,20,20,20,42,42,37,26,48,24,62,50,40,33,61,61,61,61,61,61,61,61,61,61,61,61,19,0],"gold":261,"neow_bonus":"BOSS_RELIC","is_prod":false,"is_daily":false,"rewards_skipped":[{"floor":13,"relics":[],"potions":["GamblersBrew"]}],"chose_seed":false,"campfire_upgraded":5,"win_rate":0,"floor_exit_playtime":[49,78,136,165,235,243,275,302,305,310,357,393,418,469,477,576,599,694,745,750,835,848,856,918,971,973,1015,1022,1027,1118,1174,1177,1402,1431,1701,1716,1824,1831,1864,1878,1881,1968,1970,2088,2094,2149,2218,2329,2331,2574],"timestamp":1724652862,"blue_key_relic_skipped_log":{"floor":41,"relicID":"Pen Nib"},"path_taken":["M","M","$","M","M","R","M","?","T","R","E","M","E","M","R","BOSS","M","M","?","M","?","R","?","E","T","$","R","?","M","E","R","BOSS","M","?","M","?","$","R","?","E","T","E","?","?","M","M","R","BOSS","BOSS"],"build_version":"2022-12-18","purchased_purges":3,"victory":false,"max_hp_per_floor":[68,68,68,68,68,68,68,68,68,68,68,68,68,68,68,68,68,68,68,68,68,75,75,75,75,75,75,75,75,75,75,75,75,75,75,75,75,61,61,61,61,61,61,61,61,61,61,61,61,61,61],"relic_stats":{"Ice Cream":[124],"Blood Vial":2,"Centennial Puzzle":[45],"Busted Crown":58,"counters":[28,127],"Sundial":[10],"Pantograph":50,"CeramicFish":72,"Yang":[101],"Question Card":23,"obtain_stats":[{"Ice Cream":13,"CeramicFish":26,"Yang":42,"Question Card":9,"Mercury Hourglass":20,"ClockworkSouvenir":27,"Blood Vial":44,"SlaversCollar":17,"Centennial Puzzle":11,"Busted Crown":0,"HornCleat":43,"Sundial":31,"Strawberry":22,"Pantograph":25,"PureWater":0,"Runic Pyramid":34},{"Ice Cream":9,"CeramicFish":16,"Yang":22,"Question Card":6,"Mercury Hourglass":13,"ClockworkSouvenir":16,"Blood Vial":23,"SlaversCollar":11,"Centennial Puzzle":7,"Busted Crown":0,"HornCleat":22,"Sundial":18,"Strawberry":14,"Pantograph":16,"PureWater":0,"Runic Pyramid":19},{"Ice Cream":28,"CeramicFish":58,"Yang":92,"Question Card":21,"Mercury Hourglass":47,"ClockworkSouvenir":58,"Blood Vial":97,"SlaversCollar":38,"Centennial Puzzle":24,"Busted Crown":0,"HornCleat":92,"Sundial":65,"Strawberry":52,"Pantograph":58,"PureWater":0,"Runic Pyramid":74}],"Mercury Hourglass":[292]},"card_choices":[{"not_picked":[],"picked":"FlyingSleeves","floor":1.0},{"not_picked":["Protect"],"picked":"SKIP","floor":2.0},{"not_picked":[],"picked":"EmptyBody","floor":4.0},{"not_picked":[],"picked":"JustLucky","floor":5.0},{"not_picked":[],"picked":"WreathOfFlame","floor":7.0},{"not_picked":[],"picked":"EmptyFist","floor":8.0},{"not_picked":["CutThroughFate"],"picked":"FearNoEvil","floor":11.0},{"not_picked":["CutThroughFate"],"picked":"CrushJoints","floor":12.0},{"not_picked":["DeceiveReality"],"picked":"EmptyMind","floor":13.0},{"not_picked":["SashWhip","WreathOfFlame"],"picked":"SKIP","floor":14.0},{"not_picked":["Judgement"],"picked":"Scrawl","floor":16.0},{"not_picked":["FollowUp","ClearTheMind"],"picked":"SKIP","floor":18.0},{"not_picked":["PathToVictory","Study"],"picked":"SKIP","floor":19.0},{"not_picked":["BowlingBash"],"picked":"Evaluate+1","floor":21.0},{"not_picked":["Weave"],"picked":"CarveReality","floor":24.0},{"not_picked":["PathToVictory"],"picked":"ThirdEye","floor":25.0},{"not_picked":["Protect+1","PathToVictory+1"],"picked":"SKIP","floor":30.0},{"not_picked":["BowlingBash"],"picked":"LessonLearned","floor":31.0},{"not_picked":["MasterReality","SpiritShield"],"picked":"SKIP","floor":33.0},{"not_picked":["WindmillStrike","Collect"],"picked":"SKIP","floor":35.0},{"not_picked":["Swift Strike"],"picked":"Blind","floor":36.0},{"not_picked":["Dramatic Entrance"],"picked":"Bandage Up","floor":36.0},{"not_picked":["Good Instincts","Chrysalis"],"picked":"SKIP","floor":36.0},{"not_picked":["JustLucky","SashWhip"],"picked":"SKIP","floor":37.0},{"not_picked":["Crescendo"],"picked":"Prostrate+1","floor":42.0},{"not_picked":["Crescendo","Alpha"],"picked":"SKIP","floor":44.0},{"not_picked":["FlyingSleeves+1"],"picked":"ThirdEye+1","floor":46},{"not_picked":["Evaluate+1","CrushJoints"],"picked":"SKIP","floor":47},{"not_picked":["JustLucky"],"picked":"Prostrate+1","floor":48}],"player_experience":2668616,"relics_obtained":[{"floor":9.0,"key":"Question Card"},{"floor":11.0,"key":"Centennial Puzzle"},{"floor":13.0,"key":"Ice Cream"},{"floor":20.0,"key":"Mercury Hourglass"},{"floor":22.0,"key":"Strawberry"},{"floor":25.0,"key":"Pantograph"},{"floor":26.0,"key":"CeramicFish"},{"floor":31.0,"key":"Sundial"},{"floor":42.0,"key":"Yang"},{"floor":43.0,"key":"HornCleat"},{"floor":44.0,"key":"Blood Vial"}],"event_choices":[{"damage_healed":0.0,"max_hp_gain":0.0,"max_hp_loss":0.0,"gold_gain":0.0,"event_name":"Wheel of Change","player_choice":"Relic","floor":22.0,"gold_loss":0.0,"damage_taken":0.0},{"cards_removed":["Strike_P"],"damage_healed":0.0,"max_hp_gain":0.0,"max_hp_loss":0.0,"gold_gain":0.0,"event_name":"Purifier","player_choice":"Purged","floor":29.0,"gold_loss":0.0,"damage_taken":0.0},{"damage_healed":0.0,"max_hp_gain":0.0,"max_hp_loss":0.0,"gold_gain":0.0,"event_name":"SensoryStone","player_choice":"Memory 3","floor":36.0,"gold_loss":0.0,"damage_taken":10.0},{"damage_healed":61.0,"max_hp_gain":0.0,"max_hp_loss":14.0,"gold_gain":0.0,"event_name":"The Moai Head","player_choice":"Heal","floor":38.0,"gold_loss":0.0,"damage_taken":0.0},{"damage_healed":0.0,"max_hp_gain":0.0,"max_hp_loss":0.0,"gold_gain":50.0,"event_name":"Golden Shrine","player_choice":"Pray","floor":45.0,"gold_loss":0.0,"damage_taken":0.0}],"is_beta":false,"boss_relics":[{"not_picked":["Philosopher\u0027s Stone","Fusion Hammer"],"picked":"SlaversCollar"},{"not_picked":["Sozu","Cursed Key"],"picked":"Runic Pyramid"}],"items_purged_floors":[3,27,39],"is_endless":false,"potions_floor_spawned":[2,8,11,12,13,19,21,24,37,44,46],"killed_by":"Donu and Deca","ascension_level":20,"potion_discard_per_floor":[[],[],[],[],[],[],[],[],[],[],[],[],[],[],[],[],[],[],[],[],[],[],[],[],[],[],[],[],[],[],[],[],[],[],[],[],[],[],[],[],[],[],[],[],[],["SmokeBomb"],[],[],[],[],[]]}