{"neow_bonuses_skipped_log":["RANDOM_COLORLESS","TEN_PERCENT_HP_BONUS","BOSS_RELIC"],"potions_obtained_entropic_brew":[[],[],[],[],[],[],[],[],[],[],[],[],[],[],[],[],[],[],[],[],[],[],[],[],[],[],[],[],[],[],[],[],[],[],[],[],[],[],[],[],[],[],[],[],[],[],[],[],[],[],[],[],[],[],[],[]],"neow_costs_skipped_log":["NONE","NONE","NONE"],"gold_per_floor":[368,443,453,15,15,47,47,47,71,71,86,86,98,123,123,198,198,209,235,252,87,87,87,11,41,41,72,87,101,1,17,17,95,95,109,134,46,56,56,90,90,109,109,109,127,155,165,191,191,191,191,191,191,12,37,37],"floor_reached":56,"playtime":3419,"items_purged":["Defend_P","Defend_P","Parasite"],"score":2141,"play_id":"f52cf83d-d31b-475e-91de-7c2a3826192b","local_time":"20240826045303","score_breakdown":["Floors Climbed (56): 280","Enemies Slain (14): 28","Exordium Elites Killed (2): 20","City Elites Killed (2): 40","Beyond Elites Killed (3): 90","Bosses Slain (4): 500","Money Money (1024): 25","Champion (4): 100","Ascension (20): 1058"],"is_ascension_mode":true,"potions_obtained_alchemize":[[],[],[],[],[],[],[],[],[],[],[],[],[],[],[],[],[],[],[],[],[],[],[],[],[],[],[],[],[],[],[],[],[],[],[],[],[],[],[],[],[],[],[],[],[],[],[],[],[],[],[],[],[],[],[],[]],"campfire_choices":[{"data":"Conclude","floor":8.0,"key":"SMITH"},{"data":"Eruption","floor":10.0,"key":"SMITH"},{"data":"Evaluate","floor":12.0,"key":"SMITH"},{"data":"Wallop","floor":15.0,"key":"SMITH"},{"data":"Vault","floor":23.0,"key":"SMITH"},{"floor":32.0,"key":"REST"},{"floor":41,"key":"RECALL"},{"floor":44,"key":"REST"},{"floor":49,"key":"REST"},{"floor":53,"key":"REST"}],"lesson_learned_per_floor":[[],[],[],[],[],[],[],[],[],[],[],[],[],[],[],[],[],[],[],[],[],[],[],[],["Strike_P"],[],["Crescendo"],["Defend_P"],["Defend_P"],[],["Strike_P"],[],[],[],["LessonLearned"],["WheelKick"],[],["InnerPeace"],[],["Strike_P"],[],["CutThroughFate"],[],[],["Strike_P"],[],["Vigilance"],[],[],[],[],[],[],[],[],[]],"neow_cost":"TEN_PERCENT_HP_LOSS","improvable_cards":{},"seed_source_timestamp":118680213696700,"shop_contents":[{"floor":4,"relics":["Strawberry","ClockworkSouvenir"],"cards":["SashWhip","Prostrate","ClearTheMind","MasterReality","Dramatic Entrance","Thinking Ahead"],"potions":["GamblersBrew","SmokeBomb","Ancient Potion"]},{"floor":7,"relics":["CaptainsWheel","Sundial","DollysMirror"],"cards":["ReachHeaven","FollowUp","PathToVictory","EmptyBody","MentalFortress","Good Instincts","Apotheosis"],"potions":["Fruit Juice","SkillPotion","PowerPotion"]},{"floor":21,"relics":["Vajra","Art of War"],"cards":["CarveReality","FlyingSleeves","Perseverance","WreathOfFlame","Nirvana+1","Finesse","Magnetism+1"],"potions":["SteroidPotion","EssenceOfSteel","FearPotion"]},{"floor":24,"relics":["Du-Vu Doll","Gambling Chip","Chemical X"],"cards":["SignatureMove","Consecrate","Sanctity","Meditate","Good Instincts","Panache+1"],"potions":["DistilledChaos","Weak Potion","Dexterity Potion"]},{"floor":30,"relics":["Juzu Bracelet","Toy Ornithopter","Frozen Eye"],"cards":["Conclude","CarveReality","Wish+1","Vengeance+1","Wireheading+1","Madness+1","Sadistic Nature+1"],"potions":["Weak Potion","Swift Potion","AttackPotion"]},{"floor":37,"relics":["Omamori","Pear","Melange"],"cards":["SashWhip","CrushJoints","Pray+1","EmptyBody+1","Forethought+1","Magnetism+1"],"potions":["StancePotion","GamblersBrew","Strength Potion"]},{"floor":54,"relics":["Whetstone","Centennial Puzzle","Sling"],"cards":["Ragnarok","CutThroughFate","Perseverance+1","Scrawl+1","Study+1","Finesse+1","HandOfGreed"],"potions":["EssenceOfSteel","Fire Potion"]}],"circlet_count":0,"master_deck":["AscendersBane","Strike_P+1","Strike_P+1","Strike_P+1","Strike_P+1","Defend_P+1","Defend_P+1","Eruption+1","Vigilance+1","Crescendo+1","CutThroughFate+1","Conclude+1","Wallop+1","Evaluate+1","WheelKick+1","Vault+1","MentalFortress+1","InnerPeace+1","LessonLearned+1","EmptyFist+1","MentalFortress+1","Halt+1","Halt+1","Adaptation+1","Vault+1","Meditate+1","Adaptation+1","Indignation+1","MentalFortress+1","ThirdEye+1"],"special_seed":0,"potion_use_per_floor":[[],[],[],[],[],["DuplicationPotion"],[],[],[],[],[],[],[],[],[],[],[],[],[],[],[],[],[],[],["StancePotion"],[],[],["Fruit Juice"],[],[],[],[],["ColorlessPotion","BottledMiracle"],[],[],[],[],[],[],[],[],[],[],[],[],[],[],[],[],[],["SteroidPotion"],[],[],[],["GamblersBrew"],[]],"relics":["PureWater","StrikeDummy","Ice Cream","PreservedInsect","Frozen Egg 2","Runic Pyramid","Red Mask","Orrery","Tiny Chest","Mango","Toxic Egg 2","SlaversCollar","Turnip","Orichalcum","Oddly Smooth Stone","HornCleat","TeardropLocket"],"potions_floor_usage":[33,33,51,55],"damage_taken":[{"damage":2.0,"enemies":"2 Louse","floor":1.0,"turns":4.0},{"damage":2.0,"enemies":"Jaw Worm","floor":3.0,"turns":3.0},{"damage":10.0,"enemies":"Lagavulin","floor":6.0,"turns":5.0},{"damage":0.0,"enemies":"Small Slimes","floor":11.0,"turns":1.0},{"damage":0.0,"enemies":"Blue Slaver","floor":13.0,"turns":2.0},{"damage":0.0,"enemies":"3 Sentries","floor":14.0,"turns":1.0},{"damage":24.0,"enemies":"The Guardian","floor":16.0,"turns":13.0},{"damage":0.0,"enemies":"Spheric Guardian","floor":18.0,"turns":4.0},{"damage":0.0,"enemies":"Masked Bandits","floor":19.0,"turns":3.0},{"damage":0.0,"enemies":"2 Thieves","floor":20.0,"turns":3.0},{"damage":24.0,"enemies":"Slavers","floor":25.0,"turns":5.0},{"damage":1.0,"enemies":"Gremlin Leader","floor":27.0,"turns":5.0},{"damage":14.0,"enemies":"Shelled Parasite and Fungi","floor":28.0,"turns":4.0},{"damage":2.0,"enemies":"Snake Plant","floor":29.0,"turns":4.0},{"damage":0.0,"enemies":"3 Cultists","floor":31.0,"turns":4.0},{"damage":12,"enemies":"Champ","floor":33,"turns":14},{"damage":19,"enemies":"3 Darklings","floor":35,"turns":5},{"damage":4,"enemies":"Mind Bloom Boss Battle","floor":36,"turns":8},{"damage":0,"enemies":"Orb Walker","floor":38,"turns":3},{"damage":0,"enemies":"Nemesis","floor":40,"turns":4},{"damage":0,"enemies":"Writhing Mass","floor":42,"turns":8},{"damage":0,"enemies":"4 Shapes","floor":45,"turns":7},{"damage":0,"enemies":"Giant Head","floor":46,"turns":10},{"damage":29,"enemies":"Sphere and 2 Shapes","floor":47,"turns":5},{"damage":0,"enemies":"Reptomancer","floor":48,"turns":6},{"damage":3,"enemies":"Donu and Deca","floor":50,"turns":13},{"damage":2,"enemies":"Time Eater","floor":51,"turns":8},{"damage":24,"enemies":"Shield and Spear","floor":55,"turns":7},{"damage":77,"enemies":"The Heart","floor":56,"turns":4}],"green_key_taken_log":46,"seed_played":"-4125884093502922560","neow_bonus_log":{"cardsObtained":[],"cardsUpgraded":[],"cardsRemoved":[],"cardsTransformed":[],"relicsObtained":[],"maxHpGained":0,"goldGained":250,"damageTaken":0,"goldLost":0,"maxHpLost":6},"potions_obtained":[{"floor":3.0,"key":"DuplicationPotion"},{"floor":11.0,"key":"StancePotion"},{"floor":16.0,"key":"DistilledChaos"},{"floor":18.0,"key":"Fruit Juice"},{"floor":25.0,"key":"Ancient Potion"},{"floor":29.0,"key":"ColorlessPotion"},{"floor":31.0,"key":"BottledMiracle"},{"floor":42,"key":"SteroidPotion"},{"floor":45,"key":"GamblersBrew"}],"is_trial":false,"path_per_floor":["M","?","M","$","?","E","$","R","T","R","M","R","M","E","R","B",null,"M","?","M","$","?","R","$","E","T","E","M","M","$","M","R","B",null,"M","?","$","M","?","E","R","M","T","R","M","E","M","E","R","B","B",null,"R","$","E","B"],"character_chosen":"WATCHER","basemod:card_modifiers":[null,null,null,null,null,null,null,null,null,null,null,null,null,null,null,null,null,null,null,null,null,null,null,null,null,null,null,null,null,null],"items_purchased":["Conclude","StrikeDummy","Orrery","MentalFortress+1","Adaptation+1","BottledMiracle"],"campfire_rested":4,"item_purchase_floors":[4,4,21,24,37,54],"current_hp_per_floor":[59,48,46,46,46,36,36,36,36,36,36,36,36,36,36,12,50,50,50,50,50,33,33,33,9,23,22,13,11,11,11,36,24,71,52,48,48,48,48,48,48,48,48,73,73,73,44,44,69,66,64,81,86,83,59,0],"gold":37,"neow_bonus":"TWO_FIFTY_GOLD","is_prod":false,"is_daily":false,"rewards_skipped":[{"floor":47,"relics":[],"potions":["SneckoOil"]},{"floor":48,"relics":[],"potions":["LiquidMemories"]}],"chose_seed":false,"campfire_upgraded":5,"win_rate":0,"floor_exit_playtime":[57,60,83,106,109,182,189,196,198,209,226,234,254,365,373,546,582,630,669,709,777,790,802,807,890,892,981,1055,1100,1127,1228,1229,1539,1554,1642,1751,1758,1806,1838,1885,1891,2002,2005,2007,2128,2337,2430,2539,2541,2909,3121,3132,3137,3150,3343],"timestamp":1724662383,"blue_key_relic_skipped_log":{"floor":43,"relicID":"Bronze Scales"},"path_taken":["M","?","M","$","?","E","?","R","T","R","M","R","M","E","R","BOSS","M","?","M","$","?","R","?","E","T","E","M","M","$","M","R","BOSS","M","?","$","M","?","E","R","M","T","R","M","E","?","E","R","BOSS","BOSS","R","$","E","BOSS"],"build_version":"2022-12-18","purchased_purges":3,"victory":false,"max_hp_per_floor":[62,62,62,62,62,62,62,62,62,62,62,62,62,62,62,62,62,62,62,62,62,67,67,67,67,81,81,86,86,86,86,86,86,86,86,86,86,86,86,86,86,86,86,86,86,86,86,86,86,86,86,86,86,83,83,83],"relic_stats":{"Ice Cream":[47],"counters":[29,163],"Tiny Chest":0,"PreservedInsect":474,"Turnip":[8],"PureWater":[27],"Orichalcum":[36],"obtain_stats":[{"Ice Cream":6,"Oddly Smooth Stone":46,"Mango":26,"PreservedInsect":9,"TeardropLocket":55,"Frozen Egg 2":14,"Orichalcum":40,"SlaversCollar":34,"HornCleat":48,"Orrery":21,"Tiny Chest":25,"Turnip":36,"Red Mask":19,"PureWater":0,"Toxic Egg 2":27,"StrikeDummy":4,"Runic Pyramid":17},{"Ice Cream":3,"Oddly Smooth Stone":23,"Mango":11,"PreservedInsect":3,"TeardropLocket":28,"Frozen Egg 2":6,"Orichalcum":20,"SlaversCollar":16,"HornCleat":25,"Orrery":10,"Tiny Chest":11,"Turnip":18,"Red Mask":9,"PureWater":0,"Toxic Egg 2":12,"StrikeDummy":2,"Runic Pyramid":7},{"Ice Cream":12,"Oddly Smooth Stone":120,"Mango":44,"PreservedInsect":12,"TeardropLocket":159,"Frozen Egg 2":16,"Orichalcum":95,"SlaversCollar":75,"HornCleat":131,"Orrery":39,"Tiny Chest":44,"Turnip":88,"Red Mask":36,"PureWater":0,"Toxic Egg 2":49,"StrikeDummy":7,"Runic Pyramid":29}]},"card_choices":[{"not_picked":["JustLucky","Vengeance"],"picked":"Crescendo","floor":1.0},{"not_picked":["JustLucky","EmptyBody"],"picked":"CutThroughFate","floor":3.0},{"not_picked":["Worship","EmptyBody"],"picked":"Wallop","floor":6.0},{"not_picked":["Prostrate","DevaForm"],"picked":"Evaluate","floor":11.0},{"not_picked":["PathToVictory","FlyingSleeves"],"picked":"WheelKick","floor":13.0},{"not_picked":["Conclude","Fasting2+1","Omniscience"],"picked":"SKIP","floor":14.0},{"not_picked":["Alpha","ConjureBlade"],"picked":"Vault","floor":16.0},{"not_picked":["FlyingSleeves","Halt"],"picked":"MentalFortress+1","floor":18.0},{"not_picked":["WindmillStrike","CutThroughFate","CrushJoints"],"picked":"SKIP","floor":19.0},{"not_picked":["LikeWater+1","Crescendo+1","Prostrate"],"picked":"SKIP","floor":20.0},{"not_picked":["Evaluate+1","Worship+1"],"picked":"InnerPeace","floor":21.0},{"not_picked":["ConjureBlade","JustLucky"],"picked":"LessonLearned","floor":21.0},{"not_picked":["Collect","Pray+1"],"picked":"EmptyFist+1","floor":21.0},{"not_picked":["Weave","Ragnarok","Wish"],"picked":"SKIP","floor":21.0},{"not_picked":["ConjureBlade","CrushJoints","WaveOfTheHand"],"picked":"SKIP","floor":21.0},{"not_picked":["Crescendo","JustLucky","ClearTheMind"],"picked":"SKIP","floor":25.0},{"not_picked":["JustLucky","Wish+1"],"picked":"Halt+1","floor":27.0},{"not_picked":["MentalFortress+1","FlyingSleeves","FollowUp"],"picked":"SKIP","floor":28.0},{"not_picked":["Protect+1","EmptyFist","Prostrate+1"],"picked":"SKIP","floor":29.0},{"not_picked":["SashWhip","CrushJoints","JustLucky"],"picked":"SKIP","floor":31.0},{"not_picked":["Wish+1","LessonLearned","Blasphemy+1"],"picked":"SKIP","floor":33},{"not_picked":["EmptyBody+1","ClearTheMind+1","WheelKick"],"picked":"SKIP","floor":35},{"not_picked":["PathToVictory+1","CarveReality"],"picked":"Halt+1","floor":36},{"not_picked":["Alpha+1","PathToVictory+1","FlyingSleeves+1"],"picked":"SKIP","floor":38},{"not_picked":["Halt+1","ClearTheMind+1"],"picked":"Meditate+1","floor":40},{"not_picked":["Halt+1","SignatureMove+1","JustLucky"],"picked":"SKIP","floor":42},{"not_picked":["Vengeance+1","Protect+1"],"picked":"Adaptation+1","floor":45},{"not_picked":["ClearTheMind+1","FearNoEvil"],"picked":"Indignation+1","floor":46},{"not_picked":["EmptyBody+1","InnerPeace+1"],"picked":"MentalFortress+1","floor":47},{"not_picked":["Nirvana+1","DeusExMachina+1"],"picked":"ThirdEye+1","floor":48},{"not_picked":["Vengeance+1","Nirvana+1","Prostrate+1"],"picked":"SKIP","floor":55}],"player_experience":2671377,"relics_obtained":[{"floor":6.0,"key":"Ice Cream"},{"floor":9.0,"key":"PreservedInsect"},{"floor":14.0,"key":"Frozen Egg 2"},{"floor":19.0,"key":"Red Mask"},{"floor":25.0,"key":"Tiny Chest"},{"floor":26.0,"key":"Mango"},{"floor":27.0,"key":"Toxic Egg 2"},{"floor":36,"key":"Turnip"},{"floor":40,"key":"Orichalcum"},{"floor":46,"key":"Oddly Smooth Stone"},{"floor":48,"key":"HornCleat"},{"floor":55,"key":"TeardropLocket"}],"event_choices":[{"damage_healed":0.0,"max_hp_gain":0.0,"max_hp_loss":0.0,"gold_gain":75.0,"event_name":"World of Goop","player_choice":"Gather Gold","floor":2.0,"gold_loss":0.0,"damage_taken":11.0},{"damage_healed":0.0,"max_hp_gain":0.0,"max_hp_loss":0.0,"gold_gain":0.0,"event_name":"Liars Game","player_choice":"Ignored","floor":5.0,"gold_loss":0.0,"damage_taken":0.0},{"damage_healed":0.0,"max_hp_gain":0.0,"max_hp_loss":0.0,"gold_gain":0.0,"event_name":"Masked Bandits","player_choice":"Fought Bandits","floor":19.0,"gold_loss":0.0,"damage_taken":0.0},{"damage_healed":0.0,"max_hp_gain":5.0,"max_hp_loss":0.0,"gold_gain":0.0,"event_name":"Forgotten Altar","player_choice":"Shed Blood","floor":22.0,"gold_loss":0.0,"damage_taken":22.0},{"damage_healed":0,"gold_gain":0,"player_choice":"Fight","damage_taken":0,"max_hp_gain":0,"max_hp_loss":0,"event_name":"MindBloom","floor":36,"gold_loss":0},{"damage_healed":0,"gold_gain":0,"player_choice":"Copied","damage_taken":0,"max_hp_gain":0,"max_hp_loss":0,"event_name":"Duplicator","floor":39,"gold_loss":0,"cards_obtained":["Vault"]}],"is_beta":false,"boss_relics":[{"not_picked":["Cursed Key","VioletLotus"],"picked":"Runic Pyramid"},{"not_picked":["Busted Crown","Pandora\u0027s Box"],"picked":"SlaversCollar"}],"items_purged_floors":[4,30,54],"is_endless":false,"potions_floor_spawned":[3,11,16,18,25,29,31,42,45,47,48],"killed_by":"The Heart","ascension_level":20,"potion_discard_per_floor":[[],[],[],[],[],[],[],[],[],[],[],[],[],[],[],[],[],["DistilledChaos"],[],[],[],[],[],[],[],[],[],[],[],[],["Ancient Potion"],[],[],[],[],[],[],[],[],[],[],[],[],[],[],[],[],[],[],[],[],[],[],[],[],[]]}