{"neow_bonuses_skipped_log":["TRANSFORM_CARD","THREE_SMALL_POTIONS","BOSS_RELIC"],"potions_obtained_entropic_brew":[[],[],[],[],[],[],[],[],[],[],[],[],[],[],[],[],[],[],[],[],[],[],[],[],[],[],[],[],[],[],[],[],[]],"neow_costs_skipped_log":["NONE","NONE","NONE"],"gold_per_floor":[17,17,27,38,57,57,85,100,100,135,56,56,71,86,86,158,158,173,193,118,138,151,151,178,178,178,90,90,90,100,115,115,115],"floor_reached":33,"playtime":3871,"items_purged":["Defend_P","Strike_P"],"score":612,"play_id":"84ad6f8e-4ff1-410a-830a-4eaa7ae5986b","local_time":"20240917151933","score_breakdown":["Floors Climbed (33): 165","Enemies Slain (13): 26","Exordium Elites Killed (2): 20","City Elites Killed (1): 20","Bosses Slain (1): 50","Champion (1): 25","Ascension (20): 306"],"is_ascension_mode":true,"potions_obtained_alchemize":[[],[],[],[],[],[],[],[],[],[],[],[],[],[],[],[],[],[],[],[],[],[],[],[],[],[],[],[],[],[],[],[],[]],"campfire_choices":[{"data":"Eruption","floor":6,"key":"SMITH"},{"data":"Adaptation","floor":12,"key":"SMITH"},{"floor":15,"key":"REST"},{"data":"Scrawl","floor":23,"key":"SMITH"},{"data":"InnerPeace","floor":25,"key":"SMITH"},{"data":"Wallop","floor":29,"key":"SMITH"},{"floor":32,"key":"REST"}],"lesson_learned_per_floor":[[],[],[],[],[],[],[],[],[],[],[],[],[],[],[],[],[],[],[],[],[],[],[],[],[],[],[],[],[],[],[],[],[]],"neow_cost":"NO_GOLD","improvable_cards":{},"seed_source_timestamp":465253783084300,"shop_contents":[{"floor":11,"relics":["White Beast Statue","PreservedInsect","PrismaticShard"],"cards":["SignatureMove","Weave","WreathOfFlame","LikeWater","Flash of Steel","Apotheosis"],"potions":["BottledMiracle","Energy Potion","Block Potion"]},{"floor":20,"relics":["Boot","Torii","Orrery"],"cards":["Consecrate","CutThroughFate","Worship","Crescendo","Study","Forethought","Sadistic Nature"],"potions":["FearPotion","Weak Potion","SmokeBomb"]},{"floor":27,"relics":["Molten Egg 2","StoneCalendar","Toolbox"],"cards":["CutThroughFate","SashWhip","Pray","Worship","Adaptation","Jack Of All Trades","HandOfGreed"],"potions":["Fruit Juice","FairyPotion","Energy Potion"]}],"circlet_count":0,"master_deck":["AscendersBane","Strike_P","Strike_P","Strike_P","Defend_P","Defend_P","Eruption+1","Vigilance","Metamorphosis","Wallop+1","Halt","Wallop","Adaptation+1","Halt","InnerPeace+1","Scrawl+1"],"potion_use_per_floor":[[],[],[],[],[],[],["Regen Potion"],[],[],[],[],[],[],[],[],[],[],[],[],[],[],[],[],["SteroidPotion"],[],[],[],[],[],[],["Swift Potion"],[],[]],"relics":["PureWater","HornCleat","InkBottle","Busted Crown","Pear","MawBank"],"potions_floor_usage":[7,24,31],"damage_taken":[{"damage":0,"enemies":"2 Louse","floor":1,"turns":3},{"damage":4,"enemies":"Small Slimes","floor":3,"turns":4},{"damage":0,"enemies":"Cultist","floor":4,"turns":3},{"damage":32,"enemies":"Exordium Wildlife","floor":5,"turns":7},{"damage":0,"enemies":"Lagavulin","floor":7,"turns":5},{"damage":0,"enemies":"Large Slime","floor":8,"turns":3},{"damage":20,"enemies":"3 Sentries","floor":10,"turns":8},{"damage":5,"enemies":"Blue Slaver","floor":13,"turns":5},{"damage":2,"enemies":"3 Louse","floor":14,"turns":5},{"damage":1,"enemies":"Hexaghost","floor":16,"turns":6},{"damage":0,"enemies":"Shell Parasite","floor":18,"turns":6},{"damage":0,"enemies":"Spheric Guardian","floor":19,"turns":2},{"damage":6,"enemies":"Centurion and Healer","floor":21,"turns":5},{"damage":0,"enemies":"3 Cultists","floor":22,"turns":4},{"damage":11,"enemies":"Slavers","floor":24,"turns":3},{"damage":1,"enemies":"Chosen and Byrds","floor":30,"turns":4},{"damage":22,"enemies":"Shelled Parasite and Fungi","floor":31,"turns":4},{"damage":139,"enemies":"Collector","floor":33,"turns":9}],"seed_played":"-2251505671262283616","neow_bonus_log":{"cardsObtained":[],"cardsUpgraded":[],"cardsRemoved":[],"cardsTransformed":[],"relicsObtained":[],"maxHpGained":0,"goldGained":0,"damageTaken":0,"goldLost":99,"maxHpLost":0},"potions_obtained":[{"floor":4,"key":"Regen Potion"},{"floor":8,"key":"SteroidPotion"},{"floor":10,"key":"Ambrosia"},{"floor":24,"key":"Swift Potion"}],"is_trial":false,"path_per_floor":["M","?","M","M","M","R","E","M","T","E","$","R","M","M","R","B",null,"M","M","$","M","M","R","E","R","T","$","?","R","M","M","R","B"],"character_chosen":"WATCHER","basemod:card_modifiers":[null,null,null,null,null,null,null,null,null,null,null,null,null,null,null,null],"items_purchased":["InnerPeace"],"campfire_rested":2,"item_purchase_floors":[11],"current_hp_per_floor":[61,61,57,57,25,25,39,39,39,19,19,19,14,12,32,31,59,59,59,59,53,53,53,52,52,52,52,52,52,51,29,52,0],"gold":115,"neow_bonus":"RANDOM_COLORLESS_2","is_prod":false,"is_daily":false,"rewards_skipped":[{"floor":14,"relics":[],"potions":["Fruit Juice"]},{"floor":19,"relics":[],"potions":["LiquidMemories"]},{"floor":22,"relics":[],"potions":["ColorlessPotion"]},{"floor":30,"relics":[],"potions":["BlessingOfTheForge"]}],"chose_seed":false,"campfire_upgraded":5,"win_rate":0,"floor_exit_playtime":[45,53,89,131,207,213,258,303,308,400,412,418,481,555,557,638,663,760,811,824,906,1006,2936,3008,3019,3021,3033,3039,3050,3117,3202,3204],"timestamp":1726600773,"blue_key_relic_skipped_log":{"floor":9,"relicID":"Darkstone Periapt"},"path_taken":["M","?","M","M","M","R","E","M","T","E","$","R","M","M","R","BOSS","M","M","$","M","M","R","E","R","T","$","?","R","?","M","R","BOSS"],"build_version":"2022-12-18","purchased_purges":2,"victory":false,"max_hp_per_floor":[68,68,68,68,68,68,68,68,68,68,68,68,68,68,68,68,68,68,68,68,68,68,68,78,78,78,78,78,78,78,78,78,78],"relic_stats":{"Busted Crown":14,"counters":[18,86],"PureWater":[16],"MawBank":12,"obtain_stats":[{"HornCleat":7,"Busted Crown":17,"Pear":24,"PureWater":0,"MawBank":26,"InkBottle":10},{"HornCleat":5,"Busted Crown":10,"Pear":15,"PureWater":0,"MawBank":15,"InkBottle":7},{"HornCleat":22,"Busted Crown":49,"Pear":69,"PureWater":0,"MawBank":69,"InkBottle":33}],"InkBottle":[27]},"card_choices":[{"not_picked":["Panache","Secret Weapon"],"picked":"Metamorphosis","floor":0},{"not_picked":["Consecrate","Prostrate"],"picked":"Wallop","floor":1},{"not_picked":["ClearTheMind","Protect"],"picked":"Halt","floor":3},{"not_picked":["Consecrate","FlyingSleeves"],"picked":"Wallop","floor":4},{"not_picked":["DevaForm","ClearTheMind"],"picked":"Adaptation","floor":5},{"not_picked":["Swivel","Establishment","Prostrate"],"picked":"SKIP","floor":7},{"not_picked":["CutThroughFate","CrushJoints","Protect"],"picked":"SKIP","floor":8},{"not_picked":["DeceiveReality","BowlingBash"],"picked":"Halt","floor":10},{"not_picked":["WaveOfTheHand","BowlingBash","ThirdEye"],"picked":"SKIP","floor":13},{"not_picked":["Swivel","Protect","WindmillStrike"],"picked":"SKIP","floor":14},{"not_picked":["LessonLearned","DevaForm"],"picked":"Scrawl","floor":16},{"not_picked":["JustLucky"],"picked":"SKIP","floor":18},{"not_picked":["FlyingSleeves"],"picked":"SKIP","floor":19},{"not_picked":["BowlingBash"],"picked":"SKIP","floor":21},{"not_picked":["Study"],"picked":"SKIP","floor":22},{"not_picked":["PathToVictory"],"picked":"SKIP","floor":24},{"not_picked":["PathToVictory"],"picked":"SKIP","floor":24},{"not_picked":["FlurryOfBlows"],"picked":"SKIP","floor":30},{"not_picked":["BowlingBash"],"picked":"SKIP","floor":31}],"player_experience":2711283,"relics_obtained":[{"floor":7,"key":"HornCleat"},{"floor":10,"key":"InkBottle"},{"floor":24,"key":"Pear"},{"floor":26,"key":"MawBank"}],"event_choices":[{"cards_removed":["Defend_P"],"damage_healed":0,"gold_gain":0,"player_choice":"Forget","damage_taken":0,"max_hp_gain":0,"max_hp_loss":0,"event_name":"Living Wall","floor":2,"gold_loss":0},{"damage_healed":0,"gold_gain":0,"player_choice":"Ignored","damage_taken":0,"max_hp_gain":0,"max_hp_loss":0,"event_name":"N\u0027loth","floor":28,"gold_loss":0}],"is_beta":false,"boss_relics":[{"not_picked":["Snecko Eye","Tiny House"],"picked":"Busted Crown"}],"items_purged_floors":[20,27],"is_endless":false,"potions_floor_spawned":[4,8,10,14,19,22,24,30],"killed_by":"Collector","ascension_level":20,"potion_discard_per_floor":[[],[],[],[],[],[],[],[],[],[],[],[],[],[],[],[],[],[],[],[],[],[],[],[],[],[],[],[],[],[],[],[],[]]}