{"neow_bonuses_skipped_log":["ONE_RANDOM_RARE_CARD","ONE_RARE_RELIC","BOSS_RELIC"],"neow_costs_skipped_log":["NONE","PERCENT_DAMAGE","NONE"],"potions_obtained_entropic_brew":[[],[],[],[],[],[],[],[],[],[],[],[],[],[],[],[],[],[],[],[],[],[],[],[],[],[],[],[],[],[],[],[],[],[],[],[],[],[],[],[],[],[],[],[],[],[],[],[],[],[]],"gold_per_floor":[114,133,133,133,58,92,92,136,159,173,194,61,85,103,103,196,196,211,231,252,152,171,205,205,244,244,280,280,280,117,130,130,226,226,242,40,63,88,103,142,142,182,209,240,240,240,264,34,34,34],"floor_reached":50,"playtime":2245,"items_purged":["Defend_P","Defend_P","Strike_P+1","Strike_P+1"],"score":1504,"play_id":"5a90cff1-8bdd-41ce-8a8c-182190841ae6","local_time":"20240912201914","score_breakdown":["Floors Climbed (50): 250","Enemies Slain (16): 32","Exordium Elites Killed (2): 20","City Elites Killed (3): 60","Beyond Elites Killed (3): 90","Bosses Slain (2): 150","Champion (4): 100","Perfect (1): 50","Ascension (20): 752"],"is_ascension_mode":true,"potions_obtained_alchemize":[[],[],[],[],[],[],[],[],[],[],[],[],[],[],[],[],[],[],[],[],[],[],[],[],[],[],[],[],[],[],[],[],[],[],[],[],[],[],[],[],[],[],[],[],[],[],[],[],[],[]],"campfire_choices":[{"data":"CrushJoints","floor":7.0,"key":"SMITH"},{"data":"CutThroughFate","floor":15,"key":"SMITH"},{"floor":24,"key":"REST"},{"data":"CutThroughFate","floor":32,"key":"SMITH"},{"data":"Adaptation","floor":41,"key":"SMITH"},{"data":"MentalFortress","floor":45,"key":"SMITH"},{"floor":49,"key":"RECALL"}],"lesson_learned_per_floor":[[],[],[],[],[],[],[],[],[],[],[],[],[],[],[],[],[],[],[],[],[],[],[],[],[],[],[],[],[],[],[],[],[],[],[],[],[],[],[],[],[],[],[],[],[],[],[],[],[],[]],"neow_cost":"NONE","improvable_cards":{},"seed_source_timestamp":52833935950300,"shop_contents":[{"floor":12,"relics":["Du-Vu Doll","Centennial Puzzle","HandDrill"],"cards":["Weave","EmptyBody","Evaluate","LikeWater","Bandage Up","HandOfGreed"],"potions":["ColorlessPotion","Dexterity Potion","Regen Potion"]},{"floor":21,"relics":["Boot","InkBottle","Melange"],"cards":["FlyingSleeves","FlurryOfBlows","Crescendo","Swivel","Wireheading","Blind","Metamorphosis"],"potions":["SpeedPotion","PowerPotion","PowerPotion"]},{"floor":30,"relics":["Molten Egg 2","Damaru"],"cards":["SashWhip","Consecrate","Swivel+1","Protect+1","BattleHymn","Dark Shackles+1","Apotheosis+1"],"potions":["SkillPotion","BottledMiracle","FairyPotion"]},{"floor":36,"relics":["StoneCalendar","Happy Flower","ClockworkSouvenir"],"cards":["Consecrate","BowlingBash","Judgement+1","Fasting2","Trip+1","Mayhem"],"potions":["Swift Potion","AttackPotion","LiquidBronze"]},{"floor":46,"relics":["Omamori","Art of War","Membership Card"],"cards":["FollowUp","Tantrum","Perseverance+1","Evaluate+1","Fasting2","Deep Breath+1","Mayhem"],"potions":["Fire Potion","LiquidMemories","PowerPotion"]},{"floor":48,"relics":["Dream Catcher","Anchor","PrismaticShard"],"cards":["EmptyFist","ClearTheMind+1","Crescendo+1","Nirvana","Discovery+1","Sadistic Nature"],"potions":["StancePotion","LiquidBronze","FairyPotion"]}],"circlet_count":0,"master_deck":["AscendersBane","Eruption+1","Vigilance","CrushJoints+1","ThirdEye","Halt","ReachHeaven","CutThroughFate+1","WheelKick+1","JustLucky","TalkToTheHand+1","Tantrum+1","Collect+1","MentalFortress+1","Sanctity","EmptyBody","MentalFortress+1","ClearTheMind+1","DeusExMachina+1","Sanctity+1","Vengeance+1","CutThroughFate+1","Scrawl+1","FearNoEvil","Meditate+1","Adaptation+1","Omniscience+1","Establishment","Wallop"],"special_seed":0,"potion_use_per_floor":[[],[],[],[],[],[],[],["BlessingOfTheForge"],[],[],[],[],[],[],[],[],[],[],[],["Fire Potion"],[],[],["Regen Potion","BottledMiracle","LiquidMemories"],[],["Weak Potion"],[],[],[],[],[],[],[],["Explosive Potion"],[],[],[],[],[],[],["AttackPotion"],[],[],[],[],[],[],[],[],[],["BottledMiracle"]],"relics":["PureWater","NeowsBlessing","Golden Idol","Bronze Scales","Akabeko","Potion Belt","Astrolabe","Whetstone","Toxic Egg 2","Vajra","Orrery","Coffee Dripper","Ancient Tea Set","Unceasing Top"],"potions_floor_usage":[8,20,23,23,23,25,33,40,50],"damage_taken":[{"damage":0.0,"enemies":"Small Slimes","floor":1.0,"turns":1.0},{"damage":0.0,"enemies":"Jaw Worm","floor":2.0,"turns":1.0},{"damage":0.0,"enemies":"Lagavulin","floor":6.0,"turns":1.0},{"damage":0,"enemies":"Gremlin Nob","floor":8,"turns":2},{"damage":0,"enemies":"Cultist","floor":10,"turns":1},{"damage":3,"enemies":"Red Slaver","floor":11,"turns":2},{"damage":1,"enemies":"Looter","floor":13,"turns":3},{"damage":0,"enemies":"Blue Slaver","floor":14,"turns":1},{"damage":0,"enemies":"Slime Boss","floor":16,"turns":4},{"damage":0,"enemies":"Spheric Guardian","floor":18,"turns":1},{"damage":2,"enemies":"3 Byrds","floor":19,"turns":3},{"damage":0,"enemies":"Centurion and Healer","floor":20,"turns":3},{"damage":8,"enemies":"Snake Plant","floor":22,"turns":3},{"damage":12,"enemies":"Gremlin Leader","floor":23,"turns":4},{"damage":11,"enemies":"Book of Stabbing","floor":25,"turns":4},{"damage":5,"enemies":"Gremlin Leader","floor":27,"turns":5},{"damage":0,"enemies":"Cultist and Chosen","floor":31,"turns":3},{"damage":9,"enemies":"Collector","floor":33,"turns":5},{"damage":11,"enemies":"3 Shapes","floor":35,"turns":3},{"damage":0,"enemies":"Orb Walker","floor":37,"turns":2},{"damage":19,"enemies":"Spire Growth","floor":38,"turns":3},{"damage":10,"enemies":"4 Shapes","floor":39,"turns":4},{"damage":0,"enemies":"Reptomancer","floor":40,"turns":3},{"damage":0,"enemies":"Giant Head","floor":42,"turns":4},{"damage":6,"enemies":"Reptomancer","floor":44,"turns":3},{"damage":0,"enemies":"Maw","floor":47,"turns":4},{"damage":16,"enemies":"Awakened One","floor":50,"turns":2}],"green_key_taken_log":27,"seed_played":"5668202187663911070","neow_bonus_log":{"cardsObtained":[],"cardsUpgraded":[],"cardsRemoved":[],"cardsTransformed":[],"relicsObtained":["NeowsBlessing"],"maxHpGained":0,"goldGained":0,"damageTaken":0,"goldLost":0,"maxHpLost":0},"potions_obtained":[{"floor":1.0,"key":"BlessingOfTheForge"},{"floor":8,"key":"SneckoOil"},{"floor":14,"key":"Fire Potion"},{"floor":16,"key":"BottledMiracle"},{"floor":18,"key":"Weak Potion"},{"floor":19,"key":"LiquidMemories"},{"floor":20,"key":"Regen Potion"},{"floor":25,"key":"Explosive Potion"},{"floor":31,"key":"AttackPotion"},{"floor":35,"key":"Fire Potion"},{"floor":38,"key":"Ancient Potion"},{"floor":40,"key":"PowerPotion"},{"floor":47,"key":"BottledMiracle"}],"is_trial":false,"path_per_floor":["M","M","?","?","?","E","R","E","T","M","M","$","M","M","R","B",null,"M","M","M","$","M","E","R","E","T","E","?","?","$","M","R","B",null,"M","$","M","M","M","E","R","E","T","E","R","$","M","$","R","B"],"character_chosen":"WATCHER","basemod:card_modifiers":[null,null,null,null,null,null,null,null,null,null,null,null,null,null,null,null,null,null,null,null,null,null,null,null,null,null,null,null,null],"items_purchased":["CutThroughFate","Orrery","Meditate+1","Wallop"],"campfire_rested":1,"item_purchase_floors":[12,30,36,48],"current_hp_per_floor":[61,61,61,42,42,42,42,42,42,42,39,39,38,38,38,38,56,56,54,54,54,46,46,62,51,51,46,46,46,46,46,46,37,56,45,45,45,26,16,16,16,16,16,10,10,10,10,10,10,0],"gold":34,"neow_bonus":"THREE_ENEMY_KILL","is_prod":false,"is_daily":false,"rewards_skipped":[{"floor":25,"relics":["Dead Branch"],"potions":[]},{"floor":44,"relics":["Bottled Flame"],"potions":[]}],"chose_seed":false,"campfire_upgraded":5,"win_rate":0,"floor_exit_playtime":[23,33,36,39,45,64,69,138,141,162,182,209,254,280,288,348,377,391,478,550,600,669,824,832,907,910,1019,1022,1027,1063,1126,1134,1267,1285,1374,1390,1425,1491,1618,1732,1739,1870,1877,1972,1979,1993,2107,2126,2128],"timestamp":1726186754,"blue_key_relic_skipped_log":{"floor":43,"relicID":"War Paint"},"path_taken":["M","M","?","?","?","E","R","E","T","?","?","?","M","?","R","BOSS","M","M","M","$","M","E","R","E","T","E","?","?","?","?","R","BOSS","M","$","M","?","M","E","R","E","T","E","R","$","M","$","R","BOSS"],"build_version":"2022-12-18","purchased_purges":4,"victory":false,"max_hp_per_floor":[68,68,62,62,62,62,62,62,62,62,62,62,62,62,62,62,62,62,62,62,62,62,62,62,62,62,62,62,62,62,62,62,62,62,62,62,62,62,62,62,62,62,62,62,62,62,62,62,62,62],"relic_stats":{"counters":[27,75],"Golden Idol":153,"Bronze Scales":[167],"Astrolabe":["TalkToTheHand","Tantrum","Collect"],"Whetstone":["WheelKick","Eruption"],"PureWater":[22],"Ancient Tea Set":[6],"obtain_stats":[{"Potion Belt":9,"NeowsBlessing":0,"Golden Idol":3,"Astrolabe":17,"Vajra":27,"Whetstone":23,"Ancient Tea Set":40,"Akabeko":8,"Bronze Scales":6,"Orrery":30,"Coffee Dripper":34,"PureWater":0,"Toxic Egg 2":26,"Unceasing Top":42},{"Potion Belt":4,"NeowsBlessing":0,"Golden Idol":2,"Astrolabe":9,"Vajra":16,"Whetstone":14,"Ancient Tea Set":23,"Akabeko":4,"Bronze Scales":3,"Orrery":16,"Coffee Dripper":18,"PureWater":0,"Toxic Egg 2":15,"Unceasing Top":24},{"Potion Belt":5,"NeowsBlessing":0,"Golden Idol":2,"Astrolabe":16,"Vajra":39,"Whetstone":30,"Ancient Tea Set":62,"Akabeko":5,"Bronze Scales":3,"Orrery":39,"Coffee Dripper":47,"PureWater":0,"Toxic Egg 2":34,"Unceasing Top":66}],"Unceasing Top":[0]},"card_choices":[{"not_picked":["ClearTheMind","EmptyBody"],"picked":"CrushJoints","floor":1.0},{"not_picked":["DeceiveReality","DevaForm"],"picked":"ThirdEye","floor":2.0},{"not_picked":["Prostrate","SpiritShield"],"picked":"Halt","floor":6.0},{"not_picked":["LessonLearned","EmptyMind"],"picked":"ReachHeaven","floor":8},{"not_picked":["ClearTheMind","Pray","TalkToTheHand"],"picked":"SKIP","floor":10},{"not_picked":["CrushJoints","DeceiveReality","Evaluate"],"picked":"SKIP","floor":11},{"not_picked":["Consecrate","Wish"],"picked":"WheelKick","floor":13},{"not_picked":["PathToVictory","SashWhip"],"picked":"JustLucky","floor":14},{"not_picked":["MasterReality","DeusExMachina","Devotion"],"picked":"SKIP","floor":16},{"not_picked":["Nirvana","FlyingSleeves"],"picked":"MentalFortress","floor":18},{"not_picked":["Evaluate","EmptyBody"],"picked":"Sanctity","floor":19},{"not_picked":["CrushJoints","ThirdEye","SashWhip"],"picked":"SKIP","floor":20},{"not_picked":["DeceiveReality","Prostrate"],"picked":"EmptyBody","floor":22},{"not_picked":["BowlingBash","Indignation","Prostrate"],"picked":"SKIP","floor":23},{"not_picked":["FollowUp","Blasphemy","FlurryOfBlows"],"picked":"SKIP","floor":25},{"not_picked":["Prostrate+1","ForeignInfluence+1"],"picked":"MentalFortress+1","floor":27},{"not_picked":["Vengeance+1","FlyingSleeves"],"picked":"ClearTheMind+1","floor":30},{"not_picked":["Worship+1","Halt+1"],"picked":"DeusExMachina+1","floor":30},{"not_picked":["PathToVictory+1","Ragnarok"],"picked":"Sanctity+1","floor":30},{"not_picked":["SashWhip","BattleHymn"],"picked":"Vengeance+1","floor":30},{"not_picked":["Conclude","Protect+1"],"picked":"CutThroughFate","floor":30},{"not_picked":["FollowUp","PathToVictory+1","CutThroughFate"],"picked":"SKIP","floor":31},{"not_picked":["Wish+1","Brilliance"],"picked":"Scrawl+1","floor":33},{"not_picked":["CrushJoints+1","Prostrate+1"],"picked":"FearNoEvil","floor":35},{"not_picked":["FollowUp","BowlingBash+1","Nirvana"],"picked":"SKIP","floor":37},{"not_picked":["WheelKick","BowlingBash","Protect+1"],"picked":"SKIP","floor":38},{"not_picked":["Consecrate","SandsOfTime"],"picked":"Adaptation","floor":39},{"not_picked":["EmptyBody+1","CutThroughFate"],"picked":"Omniscience+1","floor":40},{"not_picked":["SandsOfTime","Devotion","BattleHymn"],"picked":"SKIP","floor":42},{"not_picked":["PathToVictory+1","MentalFortress"],"picked":"Establishment","floor":44},{"not_picked":["CrushJoints","Swivel+1","ForeignInfluence+1"],"picked":"SKIP","floor":47}],"player_experience":2700945,"relics_obtained":[{"floor":6.0,"key":"Bronze Scales"},{"floor":8,"key":"Akabeko"},{"floor":9,"key":"Potion Belt"},{"floor":23,"key":"Whetstone"},{"floor":26,"key":"Toxic Egg 2"},{"floor":27,"key":"Vajra"},{"floor":40,"key":"Ancient Tea Set"},{"floor":42,"key":"Unceasing Top"}],"event_choices":[{"damage_healed":0.0,"max_hp_gain":0.0,"max_hp_loss":6.0,"gold_gain":0.0,"event_name":"Golden Idol","player_choice":"Lose Max HP","floor":3.0,"gold_loss":0.0,"damage_taken":0.0,"relics_obtained":["Golden Idol"]},{"damage_healed":0.0,"max_hp_gain":0.0,"max_hp_loss":0.0,"gold_gain":0.0,"event_name":"Shining Light","player_choice":"Entered Light","floor":4.0,"gold_loss":0.0,"damage_taken":19.0,"cards_upgraded":["Strike_P","Strike_P"]},{"cards_removed":["Defend_P"],"damage_healed":0.0,"max_hp_gain":0.0,"max_hp_loss":0.0,"gold_gain":0.0,"event_name":"The Cleric","player_choice":"Card Removal","floor":5.0,"gold_loss":75.0,"damage_taken":0.0},{"damage_healed":0,"gold_gain":0,"player_choice":"Ignored","damage_taken":0,"max_hp_gain":0,"max_hp_loss":0,"event_name":"Vampires","floor":28,"gold_loss":0},{"damage_healed":0,"gold_gain":0,"player_choice":"Ignored","damage_taken":0,"max_hp_gain":0,"max_hp_loss":0,"event_name":"Ghosts","floor":29,"gold_loss":0}],"is_beta":false,"boss_relics":[{"not_picked":["HolyWater","Snecko Eye"],"picked":"Astrolabe"},{"not_picked":["Philosopher\u0027s Stone","Calling Bell"],"picked":"Coffee Dripper"}],"items_purged_floors":[12,21,36,48],"is_endless":false,"potions_floor_spawned":[1,8,14,16,18,19,20,25,31,35,38,40,47],"killed_by":"Awakened One","ascension_level":20,"potion_discard_per_floor":[[],[],[],[],[],[],[],[],[],[],[],[],[],[],[],[],[],[],["SneckoOil"],[],[],[],[],[],[],[],[],[],[],[],[],[],[],[],[],[],[],[],[],[],[],[],[],[],[],[],[],[],[],[]]}