{"neow_bonuses_skipped_log":["UPGRADE_CARD","RANDOM_COMMON_RELIC","BOSS_RELIC"],"potions_obtained_entropic_brew":[[],[],[],[],[],[],[],[],[],[],[],[],[],[],[],[],[],[],[],[],[],[],[],[],[],[],[],[],[],[],[],[],[],[],[],[],[],[],[],[],[],[],[],[],[],[],[],[],[],[],[]],"neow_costs_skipped_log":["NONE","NONE","NONE"],"gold_per_floor":[116,127,127,151,151,187,237,268,268,284,284,327,342,361,361,457,457,478,498,139,159,182,182,215,215,215,231,231,281,304,335,335,425,425,439,160,175,190,206,239,262,50,123,179,179,179,198,242,242,242,242],"floor_reached":51,"playtime":3141,"items_purged":["Strike_P","Swivel","ForeignInfluence"],"score":1542,"play_id":"cfb817f6-ebc4-487b-9cb3-f295725c7c28","local_time":"20240913152448","score_breakdown":["Floors Climbed (51): 255","Enemies Slain (18): 36","Exordium Elites Killed (3): 30","City Elites Killed (2): 40","Beyond Elites Killed (2): 60","Bosses Slain (3): 300","Champion (2): 50","Ascension (20): 771"],"is_ascension_mode":true,"potions_obtained_alchemize":[[],[],[],[],[],[],[],[],[],[],[],[],[],[],[],[],[],[],[],[],[],[],[],[],[],[],[],[],[],[],[],[],[],[],[],[],[],[],[],[],[],[],[],[],[],[],[],[],[],[],[]],"campfire_choices":[{"floor":11.0,"key":"REST"},{"data":"Eruption","floor":15.0,"key":"SMITH"},{"data":"CutThroughFate","floor":23,"key":"SMITH"},{"data":"Scrawl","floor":25,"key":"SMITH"},{"data":"FlurryOfBlows","floor":28,"key":"SMITH"},{"floor":32,"key":"REST"},{"data":"TalkToTheHand","floor":45,"key":"SMITH"},{"floor":49,"key":"RECALL"}],"lesson_learned_per_floor":[[],[],[],[],[],[],[],[],[],[],[],[],[],[],[],[],[],[],[],[],[],[],[],[],[],[],[],[],[],[],[],[],[],[],["SpiritShield"],[],["WheelKick"],[],["CrushJoints"],["Adaptation"],["Consecrate"],[],[],["Vault"],[],[],["MentalFortress"],["LessonLearned"],[],["Vault"],[]],"neow_cost":"PERCENT_DAMAGE","improvable_cards":{},"seed_source_timestamp":120620511387000,"shop_contents":[{"floor":20,"relics":["Damaru","TheAbacus"],"cards":["SashWhip","TalkToTheHand","Crescendo","Prostrate","Study","Good Instincts","Chrysalis"],"potions":["Block Potion","SteroidPotion","Strength Potion"]},{"floor":36,"relics":["Strawberry","MealTicket","Cauldron"],"cards":["JustLucky","FlyingSleeves","Protect","Indignation","Panache"],"potions":["Explosive Potion","DuplicationPotion","StancePotion"]},{"floor":42,"relics":["White Beast Statue","Du-Vu Doll","Frozen Eye"],"cards":["WheelKick","FlurryOfBlows","ClearTheMind","Perseverance","Finesse","Secret Technique"],"potions":["StancePotion","BlessingOfTheForge","Fruit Juice"]}],"circlet_count":0,"master_deck":["AscendersBane","Eruption+1","Vigilance","CrushJoints+1","Consecrate+1","FollowUp","CutThroughFate+1","InnerPeace","ThirdEye","FlurryOfBlows+1","WheelKick+1","Scrawl+1","Tantrum+1","Vault+1","SpiritShield+1","LessonLearned+1","JustLucky","Adaptation+1","Dark Shackles","ThirdEye+1","TalkToTheHand+1","MentalFortress+1","Vault+1"],"special_seed":0,"potion_use_per_floor":[[],[],[],[],[],[],[],[],[],["GamblersBrew"],[],[],["Swift Potion"],[],[],["BlessingOfTheForge","Explosive Potion"],[],[],[],[],[],[],[],["FearPotion"],[],[],[],[],[],[],[],[],["PowerPotion"],[],[],[],[],[],[],["Fruit Juice"],[],[],[],[],[],[],[],[],[],["Dexterity Potion"],[]],"relics":["PureWater","Golden Idol","Darkstone Periapt","Bronze Scales","Yang","Blood Vial","Runic Pyramid","Meat on the Bone","Mummified Hand","Letter Opener","Boot","Pandora\u0027s Box","Centennial Puzzle","Pocketwatch","Gambling Chip"],"potions_floor_usage":[24,33,40,50],"damage_taken":[{"damage":0.0,"enemies":"2 Louse","floor":1.0,"turns":3.0},{"damage":0.0,"enemies":"Small Slimes","floor":2.0,"turns":2.0},{"damage":2.0,"enemies":"Jaw Worm","floor":4.0,"turns":2.0},{"damage":19.0,"enemies":"Lagavulin","floor":6.0,"turns":5.0},{"damage":37.0,"enemies":"3 Sentries","floor":8.0,"turns":5.0},{"damage":0.0,"enemies":"Lots of Slimes","floor":10.0,"turns":1.0},{"damage":0.0,"enemies":"Gremlin Nob","floor":12.0,"turns":2.0},{"damage":0.0,"enemies":"Gremlin Gang","floor":13.0,"turns":3.0},{"damage":0.0,"enemies":"Large Slime","floor":14.0,"turns":2.0},{"damage":13.0,"enemies":"Slime Boss","floor":16.0,"turns":6.0},{"damage":17,"enemies":"Shell Parasite","floor":18,"turns":3},{"damage":0,"enemies":"Chosen","floor":19,"turns":3},{"damage":12,"enemies":"Snake Plant","floor":21,"turns":3},{"damage":0,"enemies":"3 Cultists","floor":22,"turns":3},{"damage":22,"enemies":"Slavers","floor":24,"turns":3},{"damage":3,"enemies":"Centurion and Healer","floor":27,"turns":3},{"damage":0,"enemies":"Snecko","floor":30,"turns":1},{"damage":23,"enemies":"Book of Stabbing","floor":31,"turns":3},{"damage":12,"enemies":"Champ","floor":33,"turns":5},{"damage":3,"enemies":"3 Darklings","floor":35,"turns":4},{"damage":3,"enemies":"Orb Walker","floor":37,"turns":4},{"damage":0,"enemies":"Transient","floor":38,"turns":6},{"damage":0,"enemies":"Jaw Worm Horde","floor":39,"turns":2},{"damage":0,"enemies":"Giant Head","floor":40,"turns":4},{"damage":0,"enemies":"Writhing Mass","floor":41,"turns":4},{"damage":3,"enemies":"2 Orb Walkers","floor":44,"turns":3},{"damage":1,"enemies":"4 Shapes","floor":47,"turns":4},{"damage":16,"enemies":"Reptomancer","floor":48,"turns":4},{"damage":11,"enemies":"Awakened One","floor":50,"turns":12},{"damage":57,"enemies":"Time Eater","floor":51,"turns":7}],"green_key_taken_log":40,"seed_played":"-6179452814402000215","neow_bonus_log":{"cardsObtained":[],"cardsUpgraded":[],"cardsRemoved":["Defend_P","Defend_P"],"cardsTransformed":[],"relicsObtained":[],"maxHpGained":0,"goldGained":0,"damageTaken":18,"goldLost":0,"maxHpLost":0},"potions_obtained":[{"floor":4.0,"key":"GamblersBrew"},{"floor":8.0,"key":"Swift Potion"},{"floor":10.0,"key":"BlessingOfTheForge"},{"floor":14.0,"key":"Explosive Potion"},{"floor":18,"key":"FearPotion"},{"floor":19,"key":"PowerPotion"},{"floor":31,"key":"ColorlessPotion"},{"floor":33,"key":"BlessingOfTheForge"},{"floor":39,"key":"Fruit Juice"},{"floor":40,"key":"Dexterity Potion"},{"floor":48,"key":"Dexterity Potion"}],"is_trial":false,"path_per_floor":["M","M","?","M","?","E","?","E","T","M","R","E","M","M","R","B",null,"M","M","$","M","M","R","E","R","T","M","R","?","M","E","R","B",null,"M","$","M","M","M","E","M","$","T","?","R","?","M","E","R","B","B"],"character_chosen":"WATCHER","basemod:card_modifiers":[null,null,null,null,null,null,null,null,null,null,null,null,null,null,null,null,null,null,null,null,null,null,null],"items_purchased":["Meat on the Bone","Adaptation","Dark Shackles","MentalFortress"],"campfire_rested":2,"item_purchase_floors":[20,36,36,42],"current_hp_per_floor":[43,43,43,41,61,42,42,5,5,5,23,23,25,27,27,16,51,36,38,38,40,42,42,34,34,34,33,33,33,35,26,44,34,55,54,54,53,55,57,64,66,66,66,64,64,64,65,51,51,42,0],"gold":242,"neow_bonus":"REMOVE_TWO","is_prod":false,"is_daily":false,"rewards_skipped":[{"floor":44,"relics":[],"potions":["SmokeBomb"]}],"chose_seed":false,"campfire_upgraded":5,"win_rate":0,"floor_exit_playtime":[85,99,103,124,130,182,185,259,262,296,299,320,417,446,453,584,599,653,695,771,856,911,931,1028,1035,1038,1120,1130,1134,1156,1209,1212,1393,1415,1522,1569,1641,1816,1898,2034,2200,2214,2216,2314,2321,2325,2415,2520,2522,2863],"timestamp":1726255488,"blue_key_relic_skipped_log":{"floor":43,"relicID":"Singing Bowl"},"path_taken":["M","M","?","M","?","E","?","E","T","?","R","E","M","M","R","BOSS","M","?","$","M","?","R","E","R","T","?","R","?","M","E","R","BOSS","M","$","M","M","M","E","M","$","T","?","R","?","?","E","R","BOSS","BOSS"],"build_version":"2022-12-18","purchased_purges":3,"victory":false,"max_hp_per_floor":[68,68,62,62,62,62,62,62,62,62,62,62,62,62,62,62,62,62,62,62,62,62,62,62,62,62,62,62,62,62,62,62,62,62,62,62,62,62,62,67,67,67,67,67,67,67,67,67,67,67,67],"relic_stats":{"Darkstone Periapt":0,"counters":[30,112],"Golden Idol":184,"Yang":[372],"Letter Opener":[152],"Boot":[179],"Blood Vial":45,"Centennial Puzzle":[12],"Mummified Hand":[22],"Bronze Scales":[210],"Gambling Chip":[7],"Pandora\u0027s Box":["Vault","SpiritShield","Swivel","LessonLearned","ForeignInfluence"],"PureWater":[31],"obtain_stats":[{"Darkstone Periapt":6,"Golden Idol":3,"Yang":9,"Letter Opener":26,"Boot":31,"Blood Vial":12,"Centennial Puzzle":40,"Mummified Hand":24,"Bronze Scales":8,"Gambling Chip":48,"Pandora\u0027s Box":34,"PureWater":0,"Runic Pyramid":17,"Meat on the Bone":20,"Pocketwatch":44},{"Darkstone Periapt":4,"Golden Idol":2,"Yang":5,"Letter Opener":15,"Boot":18,"Blood Vial":7,"Centennial Puzzle":24,"Mummified Hand":15,"Bronze Scales":5,"Gambling Chip":28,"Pandora\u0027s Box":19,"PureWater":0,"Runic Pyramid":10,"Meat on the Bone":12,"Pocketwatch":26},{"Darkstone Periapt":12,"Golden Idol":5,"Yang":17,"Letter Opener":46,"Boot":53,"Blood Vial":20,"Centennial Puzzle":78,"Mummified Hand":46,"Bronze Scales":17,"Gambling Chip":93,"Pandora\u0027s Box":58,"PureWater":0,"Runic Pyramid":31,"Meat on the Bone":37,"Pocketwatch":85}],"Meat on the Bone":36,"Pocketwatch":[3]},"card_choices":[{"not_picked":["FlyingSleeves","JustLucky"],"picked":"CrushJoints","floor":1.0},{"not_picked":["Prostrate","Collect"],"picked":"Consecrate","floor":2.0},{"not_picked":["WindmillStrike","EmptyMind","Protect"],"picked":"SKIP","floor":4.0},{"not_picked":["ConjureBlade","ClearTheMind","WindmillStrike"],"picked":"SKIP","floor":6.0},{"not_picked":["SashWhip","Swivel"],"picked":"FollowUp","floor":8.0},{"not_picked":["PathToVictory","WreathOfFlame"],"picked":"CutThroughFate","floor":10.0},{"not_picked":["EmptyBody","EmptyFist"],"picked":"InnerPeace","floor":12.0},{"not_picked":["FearNoEvil","Sanctity","Collect"],"picked":"SKIP","floor":13.0},{"not_picked":["EmptyFist","FlyingSleeves"],"picked":"ThirdEye","floor":14.0},{"not_picked":["Omniscience","Wish","Brilliance"],"picked":"SKIP","floor":16.0},{"not_picked":["ThirdEye","SashWhip+1","FlyingSleeves+1"],"picked":"SKIP","floor":18},{"not_picked":["Protect","FlyingSleeves"],"picked":"FlurryOfBlows","floor":19},{"not_picked":["WindmillStrike","DeusExMachina"],"picked":"WheelKick","floor":21},{"not_picked":["Wireheading","FlurryOfBlows","ThirdEye"],"picked":"SKIP","floor":22},{"not_picked":["BowlingBash","EmptyBody"],"picked":"Scrawl","floor":24},{"not_picked":["PathToVictory","Protect+1","LikeWater"],"picked":"SKIP","floor":27},{"not_picked":["FlurryOfBlows","ThirdEye"],"picked":"Tantrum+1","floor":30},{"not_picked":["Study","Protect","FlurryOfBlows"],"picked":"SKIP","floor":31},{"not_picked":["LessonLearned","Ragnarok","MasterReality"],"picked":"SKIP","floor":33},{"not_picked":["ReachHeaven","FlurryOfBlows"],"picked":"JustLucky","floor":35},{"not_picked":["Conclude","Swivel"],"picked":"ThirdEye+1","floor":37},{"not_picked":["Fasting2+1","ThirdEye","FollowUp"],"picked":"SKIP","floor":38},{"not_picked":["EmptyFist","CutThroughFate","BowlingBash"],"picked":"SKIP","floor":39},{"not_picked":["ThirdEye","Indignation","Protect+1"],"picked":"SKIP","floor":40},{"not_picked":["SashWhip+1","ClearTheMind"],"picked":"TalkToTheHand","floor":41},{"not_picked":["CrushJoints","Prostrate","BowlingBash"],"picked":"SKIP","floor":44},{"not_picked":["Crescendo","BowlingBash"],"picked":"Vault","floor":47},{"not_picked":["EmptyBody","Consecrate","Pray"],"picked":"SKIP","floor":48}],"player_experience":2703190,"relics_obtained":[{"floor":6.0,"key":"Darkstone Periapt"},{"floor":8.0,"key":"Bronze Scales"},{"floor":9.0,"key":"Yang"},{"floor":12.0,"key":"Blood Vial"},{"floor":24,"key":"Mummified Hand"},{"floor":26,"key":"Letter Opener"},{"floor":31,"key":"Boot"},{"floor":40,"key":"Centennial Puzzle"},{"floor":44,"key":"Pocketwatch"},{"floor":48,"key":"Gambling Chip"}],"event_choices":[{"damage_healed":0.0,"max_hp_gain":0.0,"max_hp_loss":6.0,"gold_gain":0.0,"event_name":"Golden Idol","player_choice":"Lose Max HP","floor":3.0,"gold_loss":0.0,"damage_taken":0.0,"relics_obtained":["Golden Idol"]},{"damage_healed":20.0,"max_hp_gain":0.0,"max_hp_loss":0.0,"gold_gain":0.0,"event_name":"Big Fish","player_choice":"Banana","floor":5.0,"gold_loss":0.0,"damage_taken":0.0},{"damage_healed":0.0,"max_hp_gain":0.0,"max_hp_loss":0.0,"gold_gain":50.0,"event_name":"Golden Shrine","player_choice":"Pray","floor":7.0,"gold_loss":0.0,"damage_taken":0.0},{"damage_healed":0,"gold_gain":50,"player_choice":"Stole From Cult","damage_taken":0,"max_hp_gain":0,"max_hp_loss":0,"event_name":"Nest","floor":29,"gold_loss":0},{"damage_healed":0,"gold_gain":0,"player_choice":"Fight","damage_taken":0,"max_hp_gain":0,"max_hp_loss":0,"event_name":"Mysterious Sphere","floor":44,"gold_loss":0},{"damage_healed":0,"gold_gain":0,"player_choice":"Ignored","damage_taken":0,"max_hp_gain":0,"max_hp_loss":0,"event_name":"SecretPortal","floor":46,"gold_loss":0}],"is_beta":false,"boss_relics":[{"not_picked":["Snecko Eye","SacredBark"],"picked":"Runic Pyramid"},{"not_picked":["Fusion Hammer","Runic Dome"],"picked":"Pandora\u0027s Box"}],"items_purged_floors":[20,36,42],"is_endless":false,"potions_floor_spawned":[4,8,10,14,18,19,31,33,39,40,44,48],"killed_by":"Time Eater","ascension_level":20,"potion_discard_per_floor":[[],[],[],[],[],[],[],[],[],[],[],[],[],[],[],[],[],[],[],[],[],[],[],[],[],[],[],[],[],[],[],[],[],[],[],[],[],[],["ColorlessPotion"],[],[],[],[],[],[],[],[],["BlessingOfTheForge"],[],[],[]]}