{"neow_bonuses_skipped_log":["THREE_ENEMY_KILL","RANDOM_COLORLESS_2","BOSS_RELIC"],"potions_obtained_entropic_brew":[[],[],[],[],[],[],[],[],[],[],[],[],[],[],[],[],[],[],[],[],[],[],[],[]],"neow_costs_skipped_log":["NONE","NO_GOLD","NONE"],"gold_per_floor":[119,129,140,140,151,151,176,176,247,247,282,300,319,319,319,396,396,413,413,205,205,205,205,205],"floor_reached":24,"playtime":558,"items_purged":["Worship"],"score":508,"play_id":"81fe7b04-5ac5-4822-b2a8-7c18cac5f56b","local_time":"20240917141452","score_breakdown":["Floors Climbed (24): 120","Enemies Slain (7): 14","Exordium Elites Killed (2): 20","City Elites Killed (0): 0","Bosses Slain (1): 50","Perfect (1): 50","Ascension (20): 254"],"is_ascension_mode":true,"potions_obtained_alchemize":[[],[],[],[],[],[],[],[],[],[],[],[],[],[],[],[],[],[],[],[],[],[],[],[]],"campfire_choices":[{"floor":6,"key":"REST"},{"data":"EmptyFist","floor":8,"key":"SMITH"},{"floor":10,"key":"REST"},{"data":"Tantrum","floor":15,"key":"SMITH"},{"floor":23,"key":"REST"}],"lesson_learned_per_floor":[[],[],[],[],[],[],[],[],[],[],[],[],[],[],[],[],[],[],[],[],[],[],[],[]],"neow_cost":"NONE","improvable_cards":{},"seed_source_timestamp":464688397517300,"shop_contents":[{"floor":20,"relics":["Yang","FossilizedHelix","Chemical X"],"cards":["FollowUp","CrushJoints","Halt","Blasphemy","Jack Of All Trades","Metamorphosis"],"potions":["LiquidBronze","EssenceOfSteel"]}],"circlet_count":0,"master_deck":["AscendersBane","Eruption+1","Vigilance","FlyingSleeves","EmptyFist+1","InnerPeace","FlurryOfBlows","CutThroughFate","Halt","Tantrum+1","Swivel","Wish","Sanctity","ClearTheMind","ThirdEye","SandsOfTime","MentalFortress"],"potion_use_per_floor":[[],[],[],[],[],[],["SneckoOil"],[],[],[],[],[],[],[],[],["Regen Potion","SteroidPotion"],[],["Weak Potion"],[],[],[],[],[],["PowerPotion"]],"relics":["PureWater","Bird Faced Urn","HornCleat","Tiny Chest","Pandora\u0027s Box","Toxic Egg 2"],"potions_floor_usage":[7,16,16,18,24],"damage_taken":[{"damage":7,"enemies":"Jaw Worm","floor":1,"turns":3},{"damage":7,"enemies":"Small Slimes","floor":2,"turns":3},{"damage":4,"enemies":"2 Louse","floor":3,"turns":3},{"damage":4,"enemies":"Exordium Thugs","floor":5,"turns":5},{"damage":16,"enemies":"Gremlin Nob","floor":7,"turns":3},{"damage":9,"enemies":"Lagavulin","floor":11,"turns":5},{"damage":0,"enemies":"Exordium Wildlife","floor":12,"turns":2},{"damage":0,"enemies":"Blue Slaver","floor":13,"turns":1},{"damage":0,"enemies":"Slime Boss","floor":16,"turns":5},{"damage":15,"enemies":"Shell Parasite","floor":18,"turns":2},{"damage":58,"enemies":"Gremlin Leader","floor":24,"turns":2}],"seed_played":"4280796974693736655","neow_bonus_log":{"cardsObtained":[],"cardsUpgraded":[],"cardsRemoved":[],"cardsTransformed":[],"relicsObtained":[],"maxHpGained":0,"goldGained":0,"damageTaken":0,"goldLost":0,"maxHpLost":0},"potions_obtained":[{"floor":5,"key":"SneckoOil"},{"floor":11,"key":"SpeedPotion"},{"floor":12,"key":"SteroidPotion"},{"floor":13,"key":"Regen Potion"},{"floor":16,"key":"Weak Potion"}],"is_trial":false,"path_per_floor":["M","M","M","?","M","R","E","R","T","R","E","M","M","?","R","B",null,"M","?","$","?","T","R","E"],"character_chosen":"WATCHER","basemod:card_modifiers":[null,null,null,null,null,null,null,null,null,null,null,null,null,null,null,null,null],"items_purchased":["MentalFortress","PowerPotion"],"campfire_rested":3,"item_purchase_floors":[20,20],"current_hp_per_floor":[54,47,43,23,19,39,23,23,23,43,34,34,34,27,27,41,61,46,27,27,27,27,48,0],"gold":205,"neow_bonus":"THREE_CARDS","is_prod":false,"is_daily":false,"rewards_skipped":[],"chose_seed":false,"campfire_upgraded":2,"win_rate":0,"floor_exit_playtime":[53,78,103,106,154,157,194,201,204,206,251,288,321,328,335,392,415,463,466,503,506,508,511],"timestamp":1726596892,"path_taken":["M","M","M","?","M","R","E","R","T","R","E","M","M","?","R","BOSS","M","?","$","?","?","R","E"],"build_version":"2022-12-18","purchased_purges":1,"victory":false,"max_hp_per_floor":[68,68,68,68,68,68,68,68,68,68,68,68,68,68,68,68,68,68,73,73,73,73,73,73],"relic_stats":{"counters":[11,34],"Bird Faced Urn":[4],"Tiny Chest":1,"Pandora\u0027s Box":["Swivel","Worship","Wish","Sanctity","ClearTheMind","ThirdEye","SandsOfTime"],"PureWater":[5],"obtain_stats":[{"HornCleat":9,"Bird Faced Urn":7,"Tiny Chest":11,"Pandora\u0027s Box":17,"PureWater":0,"Toxic Egg 2":22},{"HornCleat":5,"Bird Faced Urn":5,"Tiny Chest":6,"Pandora\u0027s Box":9,"PureWater":0,"Toxic Egg 2":10},{"HornCleat":17,"Bird Faced Urn":17,"Tiny Chest":22,"Pandora\u0027s Box":30,"PureWater":0,"Toxic Egg 2":32}]},"card_choices":[{"not_picked":["Wireheading","SashWhip"],"picked":"FlyingSleeves","floor":0},{"not_picked":["FollowUp","Evaluate"],"picked":"EmptyFist","floor":1},{"not_picked":["SashWhip","JustLucky","PathToVictory"],"picked":"SKIP","floor":2},{"not_picked":["EmptyBody","BattleHymn"],"picked":"InnerPeace","floor":3},{"not_picked":["Meditate","Nirvana"],"picked":"FlurryOfBlows","floor":5},{"not_picked":["Prostrate","Fasting2","SashWhip"],"picked":"SKIP","floor":7},{"not_picked":["Alpha","EmptyFist"],"picked":"CutThroughFate","floor":11},{"not_picked":["Pray","Crescendo"],"picked":"Halt","floor":12},{"not_picked":["Prostrate","Crescendo"],"picked":"Tantrum","floor":13},{"not_picked":["Judgement","DevaForm","Alpha"],"picked":"SKIP","floor":16},{"not_picked":["Sanctity","Perseverance","ClearTheMind"],"picked":"SKIP","floor":18}],"player_experience":2710725,"relics_obtained":[{"floor":7,"key":"Bird Faced Urn"},{"floor":9,"key":"HornCleat"},{"floor":11,"key":"Tiny Chest"},{"floor":22,"key":"Toxic Egg 2"}],"event_choices":[{"damage_healed":0,"gold_gain":0,"player_choice":"Entered Light","damage_taken":20,"max_hp_gain":0,"max_hp_loss":0,"event_name":"Shining Light","floor":4,"gold_loss":0,"cards_upgraded":["Eruption","Defend_P"]},{"cards_removed":["Defend_P"],"damage_healed":0,"gold_gain":0,"player_choice":"Card Removal","damage_taken":7,"max_hp_gain":0,"max_hp_loss":0,"event_name":"Golden Wing","floor":14,"gold_loss":0},{"damage_healed":0,"gold_gain":0,"player_choice":"Shed Blood","damage_taken":24,"max_hp_gain":5,"max_hp_loss":0,"event_name":"Forgotten Altar","floor":19,"gold_loss":0},{"damage_healed":0,"gold_gain":0,"player_choice":"Ignored","damage_taken":0,"max_hp_gain":0,"max_hp_loss":0,"event_name":"Vampires","floor":21,"gold_loss":0}],"is_beta":false,"boss_relics":[{"not_picked":["Fusion Hammer","Calling Bell"],"picked":"Pandora\u0027s Box"}],"items_purged_floors":[20],"is_endless":false,"potions_floor_spawned":[5,11,12,13,16],"killed_by":"Gremlin Leader","ascension_level":20,"potion_discard_per_floor":[[],[],[],[],[],[],[],[],[],[],[],[],["SpeedPotion"],[],[],[],[],[],[],[],[],[],[],[]]}