{"neow_bonuses_skipped_log":["THREE_ENEMY_KILL","RANDOM_COLORLESS_2","BOSS_RELIC"],"neow_costs_skipped_log":["NONE","PERCENT_DAMAGE","NONE"],"potions_obtained_entropic_brew":[[],[],[],[],[],[],[],[],[],[],[],[],[],[],[],[],[],[],[],[],[],[],[],[]],"gold_per_floor":[117,132,145,164,179,179,210,210,210,228,245,245,245,285,285,374,374,399,423,135,135,135,135,135],"floor_reached":24,"playtime":675,"items_purged":["Defend_P"],"score":466,"play_id":"4d388702-f577-4230-a532-6d6756935e74","local_time":"20240912194109","score_breakdown":["Floors Climbed (24): 120","Enemies Slain (9): 18","Exordium Elites Killed (2): 20","City Elites Killed (0): 0","Bosses Slain (1): 50","Champion (1): 25","Ascension (20): 233"],"is_ascension_mode":true,"potions_obtained_alchemize":[[],[],[],[],[],[],[],[],[],[],[],[],[],[],[],[],[],[],[],[],[],[],[],[]],"campfire_choices":[{"data":"WheelKick","floor":6,"key":"SMITH"},{"data":"Consecrate","floor":8,"key":"SMITH"},{"data":"Crescendo","floor":12,"key":"SMITH"},{"data":"Eruption","floor":15,"key":"SMITH"},{"data":"WheelKick","floor":23,"key":"SMITH"}],"lesson_learned_per_floor":[[],[],[],[],[],[],[],[],[],[],[],[],[],[],[],[],[],["Strike_P"],[],[],[],[],[],[]],"neow_cost":"NONE","improvable_cards":{},"seed_source_timestamp":52149603106700,"shop_contents":[{"floor":20,"relics":["Oddly Smooth Stone","Ornamental Fan"],"cards":["ReachHeaven","TalkToTheHand","ThirdEye","ForeignInfluence","BattleHymn","Forethought","The Bomb"],"potions":["Energy Potion","SkillPotion"]}],"circlet_count":0,"master_deck":["AscendersBane","Strike_P","Strike_P+1","Strike_P","Strike_P","Defend_P","Defend_P","Defend_P","Eruption+1","Vigilance","FollowUp","Crescendo+1","WheelKick+1","Halt","Consecrate+1","MentalFortress","Protect","LessonLearned","WheelKick+1","MentalFortress"],"potion_use_per_floor":[[],[],[],[],[],[],["SteroidPotion","Fire Potion"],[],[],[],[],[],[],["Fire Potion"],[],[],[],[],[],[],[],[],[],["FearPotion"]],"relics":["PureWater","Thread and Needle","Bloody Idol","Letter Opener","SlaversCollar","TheAbacus"],"potions_floor_usage":[7,7,14,24],"damage_taken":[{"damage":0,"enemies":"Small Slimes","floor":1,"turns":2},{"damage":4,"enemies":"2 Louse","floor":2,"turns":2},{"damage":0,"enemies":"Jaw Worm","floor":3,"turns":2},{"damage":4,"enemies":"Exordium Thugs","floor":4,"turns":4},{"damage":10,"enemies":"Large Slime","floor":5,"turns":3},{"damage":0,"enemies":"Lagavulin","floor":7,"turns":2},{"damage":0,"enemies":"Red Slaver","floor":10,"turns":4},{"damage":0,"enemies":"2 Fungi Beasts","floor":11,"turns":2},{"damage":2,"enemies":"3 Sentries","floor":14,"turns":4},{"damage":9,"enemies":"The Guardian","floor":16,"turns":13},{"damage":0,"enemies":"Spheric Guardian","floor":18,"turns":3},{"damage":6,"enemies":"2 Thieves","floor":19,"turns":4},{"damage":51,"enemies":"Book of Stabbing","floor":24,"turns":3}],"seed_played":"-4180531643845606453","neow_bonus_log":{"cardsObtained":[],"cardsUpgraded":[],"cardsRemoved":[],"cardsTransformed":[],"relicsObtained":[],"maxHpGained":0,"goldGained":0,"damageTaken":0,"goldLost":0,"maxHpLost":0},"potions_obtained":[{"floor":3,"key":"SteroidPotion"},{"floor":5,"key":"Fire Potion"},{"floor":10,"key":"Fire Potion"},{"floor":19,"key":"FearPotion"}],"is_trial":false,"path_per_floor":["M","M","M","M","M","R","E","R","T","M","M","R","?","E","R","B",null,"M","M","$","?","?","R","E"],"character_chosen":"WATCHER","basemod:card_modifiers":[null,null,null,null,null,null,null,null,null,null,null,null,null,null,null,null,null,null,null,null],"items_purchased":["SteroidPotion","TheAbacus"],"campfire_rested":0,"item_purchase_floors":[20,20],"current_hp_per_floor":[61,57,57,53,43,43,43,43,43,43,43,43,43,41,41,32,55,55,49,49,49,49,49,0],"gold":135,"neow_bonus":"THREE_CARDS","is_prod":false,"is_daily":false,"rewards_skipped":[],"chose_seed":false,"campfire_upgraded":5,"win_rate":0,"floor_exit_playtime":[35,60,85,133,164,172,207,215,219,262,293,304,308,363,370,496,507,538,588,618,621,629,636],"timestamp":1726184469,"blue_key_relic_skipped_log":{"floor":9,"relicID":"Darkstone Periapt"},"path_taken":["M","M","M","M","M","R","E","R","T","M","M","R","?","E","R","BOSS","M","M","$","?","?","R","E"],"build_version":"2022-12-18","purchased_purges":1,"victory":false,"max_hp_per_floor":[68,68,68,68,68,68,68,68,68,68,68,68,62,62,62,62,62,62,62,62,62,62,62,62],"relic_stats":{"TheAbacus":[0],"counters":[13,48],"Bloody Idol":0,"Letter Opener":[20],"PureWater":[6],"obtain_stats":[{"SlaversCollar":17,"TheAbacus":20,"Golden Idol":13,"Bloody Idol":22,"Thread and Needle":7,"Letter Opener":14,"PureWater":0},{"SlaversCollar":10,"TheAbacus":12,"Golden Idol":8,"Bloody Idol":12,"Thread and Needle":6,"Letter Opener":9,"PureWater":0},{"SlaversCollar":38,"TheAbacus":45,"Golden Idol":21,"Bloody Idol":45,"Thread and Needle":15,"Letter Opener":25,"PureWater":0}]},"card_choices":[{"not_picked":["ThirdEye","Perseverance"],"picked":"FollowUp","floor":0},{"not_picked":["FollowUp","ClearTheMind"],"picked":"Crescendo","floor":1},{"not_picked":["Indignation","Crescendo"],"picked":"WheelKick","floor":2},{"not_picked":["WindmillStrike","Indignation"],"picked":"Halt","floor":3},{"not_picked":["WreathOfFlame","Wish"],"picked":"Consecrate","floor":4},{"not_picked":["FlurryOfBlows","PathToVictory","JustLucky"],"picked":"SKIP","floor":5},{"not_picked":["CutThroughFate","CrushJoints","PathToVictory"],"picked":"SKIP","floor":7},{"not_picked":["Crescendo","BowlingBash","PathToVictory"],"picked":"SKIP","floor":10},{"not_picked":["Nirvana","ConjureBlade"],"picked":"MentalFortress","floor":11},{"not_picked":["Conclude","ForeignInfluence"],"picked":"Protect","floor":14},{"not_picked":["Devotion","MasterReality"],"picked":"LessonLearned","floor":16},{"not_picked":["Protect","Consecrate"],"picked":"WheelKick","floor":18},{"not_picked":["ClearTheMind","ThirdEye"],"picked":"MentalFortress","floor":19}],"player_experience":2700270,"relics_obtained":[{"floor":7,"key":"Thread and Needle"},{"floor":14,"key":"Letter Opener"}],"event_choices":[{"damage_healed":0,"gold_gain":0,"player_choice":"Lose Max HP","damage_taken":0,"relics_obtained":["Golden Idol"],"max_hp_gain":0,"max_hp_loss":6,"event_name":"Golden Idol","floor":13,"gold_loss":0},{"damage_healed":0,"gold_gain":0,"player_choice":"Ignored","damage_taken":0,"max_hp_gain":0,"max_hp_loss":0,"event_name":"The Mausoleum","floor":21,"gold_loss":0},{"damage_healed":0,"gold_gain":0,"player_choice":"Gave Idol","damage_taken":0,"relics_obtained":["Bloody Idol"],"max_hp_gain":0,"max_hp_loss":0,"event_name":"Forgotten Altar","floor":22,"relics_lost":["Golden Idol"],"gold_loss":0}],"is_beta":false,"boss_relics":[{"not_picked":["Philosopher\u0027s Stone","Velvet Choker"],"picked":"SlaversCollar"}],"items_purged_floors":[20],"is_endless":false,"potions_floor_spawned":[3,5,10,19],"killed_by":"Book of Stabbing","ascension_level":20,"potion_discard_per_floor":[[],[],[],[],[],[],[],[],[],[],[],[],[],[],[],[],[],[],[],[],[],[],[],[]]}