{"neow_bonuses_skipped_log":["TRANSFORM_CARD","TEN_PERCENT_HP_BONUS","BOSS_RELIC"],"neow_costs_skipped_log":["NONE","NONE","NONE"],"potions_obtained_entropic_brew":[[],[],[],[],[],[],[],[],[],[],[],[],[],[],[],[],[],[],[],[],[],[],[],[],[],[],[],[],[],[],[],[],[]],"gold_per_floor":[138,138,181,197,197,197,272,306,306,144,144,201,248,248,248,353,416,448,500,425,282,307,307,340,356,410,423,83,83,123,142,142,142],"floor_reached":33,"playtime":1292,"items_purged":["Defend_P","Wireheading","CrushJoints"],"score":674,"play_id":"a8175d54-a866-4df1-8c50-d5c9106ee078","local_time":"20240920184825","score_breakdown":["Floors Climbed (33): 165","Enemies Slain (11): 22","Exordium Elites Killed (1): 10","City Elites Killed (2): 40","Bosses Slain (1): 50","Perfect (1): 50","Ascension (20): 337"],"is_ascension_mode":true,"potions_obtained_alchemize":[[],[],[],[],[],[],[],[],[],[],[],[],[],[],[],[],[],[],[],[],[],[],[],[],[],[],[],[],[],[],[],[],[]],"campfire_choices":[{"floor":6,"key":"REST"},{"floor":11,"key":"REST"},{"data":"BattleHymn","floor":15,"key":"SMITH"},{"floor":23,"key":"REST"},{"floor":32,"key":"REST"}],"lesson_learned_per_floor":[[],[],[],[],[],[],[],[],[],[],[],[],[],[],[],[],[],[],[],[],[],[],[],["WheelKick"],["Study"],[],[],[],[],[],["LikeWater"],[],[]],"neow_cost":"TEN_PERCENT_HP_LOSS","improvable_cards":{},"seed_source_timestamp":739564478668400,"shop_contents":[{"floor":10,"relics":["Mummified Hand","Yang","Melange"],"cards":["Weave","FollowUp","WreathOfFlame","Panacea","Thinking Ahead"],"potions":["Swift Potion","PowerPotion","FearPotion"]},{"floor":21,"relics":["CloakClasp","StrikeDummy","Cauldron"],"cards":["Brilliance","Crescendo","Swivel","Fasting2","Impatience","Transmutation"],"potions":["Ambrosia","Explosive Potion","BottledMiracle"]},{"floor":28,"relics":["Calipers","Nunchaku"],"cards":["BowlingBash","SashWhip","Prostrate","Collect","MentalFortress","Swift Strike","Metamorphosis"],"potions":["FearPotion","Energy Potion"]}],"circlet_count":0,"master_deck":["AscendersBane","Eruption","Vigilance","BowlingBash","LikeWater+1","DeceiveReality","Tantrum","BattleHymn+1","ThirdEye","FlurryOfBlows","Crescendo","LessonLearned","WheelKick+1","Study+1","Halt","Halt","MentalFortress","EmptyFist","Sanctity","ClearTheMind"],"potion_use_per_floor":[[],[],[],[],[],[],["SteroidPotion"],[],[],[],[],["Block Potion"],[],[],[],[],[],["Fire Potion"],[],[],[],[],[],["Strength Potion","FearPotion"],[],[],[],[],[],["BottledMiracle"],[],[],[]],"relics":["PureWater","Golden Idol","CeramicFish","Akabeko","TeardropLocket","Pandora\u0027s Box","Orichalcum","Bag of Preparation","Strawberry","Sling","Question Card"],"potions_floor_usage":[7,12,18,24,24,30],"damage_taken":[{"damage":21,"enemies":"Small Slimes","floor":1,"turns":6},{"damage":12,"enemies":"Cultist","floor":3,"turns":3},{"damage":7,"enemies":"Jaw Worm","floor":4,"turns":4},{"damage":16,"enemies":"3 Sentries","floor":7,"turns":18},{"damage":5,"enemies":"3 Louse","floor":8,"turns":4},{"damage":8,"enemies":"Looter","floor":12,"turns":4},{"damage":3,"enemies":"Lots of Slimes","floor":13,"turns":8},{"damage":0,"enemies":"Slime Boss","floor":16,"turns":4},{"damage":14,"enemies":"Shell Parasite","floor":18,"turns":3},{"damage":16,"enemies":"2 Thieves","floor":22,"turns":2},{"damage":17,"enemies":"Slavers","floor":24,"turns":3},{"damage":0,"enemies":"Snecko","floor":25,"turns":2},{"damage":12,"enemies":"Snake Plant","floor":27,"turns":4},{"damage":8,"enemies":"Book of Stabbing","floor":30,"turns":4},{"damage":0,"enemies":"Chosen and Byrds","floor":31,"turns":5},{"damage":29,"enemies":"Collector","floor":33,"turns":5}],"seed_played":"5170573102069667083","neow_bonus_log":{"cardsObtained":[],"cardsUpgraded":[],"cardsRemoved":[],"cardsTransformed":[],"relicsObtained":[],"maxHpGained":0,"goldGained":0,"damageTaken":0,"goldLost":0,"maxHpLost":6},"potions_obtained":[{"floor":3,"key":"LiquidBronze"},{"floor":4,"key":"GamblersBrew"},{"floor":5,"key":"Strength Potion"},{"floor":5,"key":"SteroidPotion"},{"floor":7,"key":"Block Potion"},{"floor":13,"key":"Fire Potion"},{"floor":18,"key":"SpeedPotion"},{"floor":22,"key":"FearPotion"},{"floor":25,"key":"BottledMiracle"}],"is_trial":false,"path_per_floor":["M","?","M","M","?","R","E","M","T","$","R","M","M","?","R","B",null,"M","T","?","$","M","R","E","M","T","M","$","?","E","M","R","B"],"character_chosen":"WATCHER","basemod:card_modifiers":[null,null,null,null,null,null,null,null,null,null,null,null,null,null,null,null,null,null,null,null],"items_purchased":["BattleHymn","ThirdEye","EmptyFist","Sling","Fire Potion"],"campfire_rested":4,"item_purchase_floors":[10,10,21,28,28],"current_hp_per_floor":[40,40,28,21,21,37,21,16,16,16,32,24,21,21,21,21,47,33,33,33,33,17,33,16,16,23,11,11,11,3,3,21,0],"gold":142,"neow_bonus":"THREE_RARE_CARDS","is_prod":false,"is_daily":false,"rewards_skipped":[],"chose_seed":false,"campfire_upgraded":1,"win_rate":0,"floor_exit_playtime":[76,79,111,145,153,156,334,388,391,415,418,463,541,547,556,595,622,661,664,672,709,742,744,819,852,857,936,968,994,1120,1181,1183],"timestamp":1726872505,"path_taken":["M","?","M","M","?","R","E","M","T","$","R","M","?","?","R","BOSS","M","?","?","$","M","R","E","M","T","M","$","?","E","M","R","BOSS"],"build_version":"2022-12-18","purchased_purges":3,"victory":false,"max_hp_per_floor":[62,56,56,56,56,56,56,56,56,56,56,56,56,56,56,56,56,56,56,56,56,56,56,56,56,63,63,63,63,63,63,63,63],"relic_stats":{"counters":[16,79],"Golden Idol":78,"CeramicFish":162,"Pandora\u0027s Box":["WheelKick","Wireheading","CrushJoints","Study","Halt","Wireheading","Halt"],"Bag of Preparation":[10],"PureWater":[14],"Orichalcum":[12],"Question Card":1,"obtain_stats":[{"Golden Idol":2,"CeramicFish":7,"Strawberry":26,"Pandora\u0027s Box":17,"Bag of Preparation":24,"TeardropLocket":14,"PureWater":0,"Orichalcum":19,"Sling":28,"Question Card":30,"Akabeko":9},{"Golden Idol":1,"CeramicFish":4,"Strawberry":12,"Pandora\u0027s Box":8,"Bag of Preparation":11,"TeardropLocket":7,"PureWater":0,"Orichalcum":9,"Sling":13,"Question Card":14,"Akabeko":5},{"Golden Idol":6,"CeramicFish":31,"Strawberry":61,"Pandora\u0027s Box":51,"Bag of Preparation":59,"TeardropLocket":47,"PureWater":0,"Orichalcum":54,"Sling":65,"Question Card":69,"Akabeko":35}]},"card_choices":[{"not_picked":["Devotion","SpiritShield"],"picked":"Wish","floor":0},{"not_picked":["Protect","EmptyBody"],"picked":"BowlingBash","floor":1},{"not_picked":["Fasting2","Pray"],"picked":"LikeWater","floor":3},{"not_picked":["Study","Sanctity"],"picked":"DeceiveReality","floor":4},{"not_picked":["ReachHeaven","ConjureBlade"],"picked":"CarveReality","floor":7},{"not_picked":["ClearTheMind","LikeWater"],"picked":"Tantrum","floor":8},{"not_picked":["BowlingBash","Nirvana"],"picked":"FlurryOfBlows","floor":12},{"not_picked":["FlyingSleeves","Meditate"],"picked":"Crescendo","floor":13},{"not_picked":["Establishment","Devotion"],"picked":"LessonLearned","floor":16},{"not_picked":["Vengeance","CutThroughFate+1"],"picked":"MentalFortress","floor":18},{"not_picked":["FollowUp","Worship"],"picked":"Sanctity","floor":22},{"not_picked":["SignatureMove+1","SpiritShield","PathToVictory"],"picked":"SKIP","floor":24},{"not_picked":["Evaluate","PathToVictory","FlyingSleeves"],"picked":"SKIP","floor":25},{"not_picked":["Blasphemy","PathToVictory","SignatureMove+1"],"picked":"SKIP","floor":27},{"not_picked":["WindmillStrike","JustLucky"],"picked":"ClearTheMind","floor":30},{"not_picked":["JustLucky","WaveOfTheHand","Fasting2","FlyingSleeves"],"picked":"SKIP","floor":31}],"player_experience":2725803,"relics_obtained":[{"floor":7,"key":"CeramicFish"},{"floor":9,"key":"Akabeko"},{"floor":19,"key":"Orichalcum"},{"floor":24,"key":"Bag of Preparation"},{"floor":26,"key":"Strawberry"},{"floor":30,"key":"Question Card"}],"event_choices":[{"damage_healed":0,"gold_gain":0,"player_choice":"Lose Max HP","damage_taken":0,"relics_obtained":["Golden Idol"],"max_hp_gain":0,"max_hp_loss":6,"event_name":"Golden Idol","floor":2,"gold_loss":0},{"damage_healed":0,"gold_gain":0,"player_choice":"Got Potions","damage_taken":0,"max_hp_gain":0,"max_hp_loss":0,"event_name":"Lab","floor":5,"gold_loss":0},{"cards_removed":["Wish"],"damage_healed":0,"gold_gain":0,"player_choice":"Gave Card","damage_taken":0,"relics_obtained":["TeardropLocket"],"max_hp_gain":0,"max_hp_loss":0,"event_name":"WeMeetAgain","floor":14,"gold_loss":0},{"cards_removed":["Wireheading"],"damage_healed":0,"gold_gain":0,"player_choice":"Gave Gold","damage_taken":0,"max_hp_gain":0,"max_hp_loss":0,"event_name":"Beggar","floor":20,"gold_loss":75},{"cards_removed":["CarveReality"],"damage_healed":0,"gold_gain":0,"player_choice":"Elegance","damage_taken":0,"max_hp_gain":0,"max_hp_loss":0,"event_name":"Back to Basics","floor":29,"gold_loss":0}],"is_beta":false,"boss_relics":[{"not_picked":["Calling Bell","Cursed Key"],"picked":"Pandora\u0027s Box"}],"items_purged_floors":[10,21,28],"is_endless":false,"potions_floor_spawned":[3,4,7,13,18,22,25],"killed_by":"Collector","ascension_level":20,"potion_discard_per_floor":[[],[],[],[],["LiquidBronze","GamblersBrew"],[],[],[],[],[],[],[],[],[],[],[],[],[],[],[],[],["SpeedPotion"],[],[],[],[],[],[],[],[],[],[],[]]}