{"neow_bonuses_skipped_log":["RANDOM_COMMON_RELIC","THREE_RARE_CARDS","BOSS_RELIC"],"neow_costs_skipped_log":["NONE","PERCENT_DAMAGE","NONE"],"potions_obtained_entropic_brew":[[],[],[],[],[],[],[],[],[],[],[],[],[],[],[],[],[],[],[],[],[],[]],"gold_per_floor":[115,115,128,0,12,47,58,58,82,117,117,82,119,134,134,211,265,291,291,291,326,326],"floor_reached":22,"playtime":859,"items_purged":["Defend_P"],"score":508,"play_id":"5a914adc-1057-4383-b342-fdd5cae09392","local_time":"20241006203016","score_breakdown":["Floors Climbed (22): 110","Enemies Slain (7): 14","Exordium Elites Killed (3): 30","City Elites Killed (0): 0","Bosses Slain (1): 50","Perfect (1): 50","Ascension (20): 254"],"is_ascension_mode":true,"potions_obtained_alchemize":[[],[],[],[],[],[],[],[],[],[],[],[],[],[],[],[],[],[],[],[],[],[]],"campfire_choices":[{"data":"Eruption","floor":8,"key":"SMITH"},{"data":"Conclude","floor":11,"key":"SMITH"},{"data":"FlurryOfBlows","floor":15,"key":"SMITH"}],"lesson_learned_per_floor":[[],[],[],[],[],[],[],[],[],[],[],[],[],[],[],[],[],[],[],[],[],[]],"neow_cost":"NONE","improvable_cards":{},"seed_source_timestamp":2128508297310700,"shop_contents":[{"floor":4,"relics":["HornCleat","Shovel","Chemical X"],"cards":["FlyingSleeves","Prostrate","EmptyBody","Wireheading","Panacea","Thinking Ahead"],"potions":["FairyPotion","PowerPotion","SneckoOil"]}],"circlet_count":0,"master_deck":["AscendersBane","Eruption+1","Vigilance","Consecrate","Crescendo","Conclude+1","FlurryOfBlows+1","FearNoEvil","Adaptation+1","ForeignInfluence","DeceiveReality","BowlingBash","WheelKick","Ragnarok","TalkToTheHand","Halt"],"potion_use_per_floor":[[],[],[],[],[],[],[],[],[],["GamblersBrew"],[],[],[],[],[],[],[],["Weak Potion"],[],[],[],["BottledMiracle","Fire Potion"]],"relics":["PureWater","Dream Catcher","CeramicFish","Boot","Frozen Egg 2","Pandora\u0027s Box"],"potions_floor_usage":[10,18,22,22],"damage_taken":[{"damage":2,"enemies":"Jaw Worm","floor":1,"turns":3},{"damage":0,"enemies":"Cultist","floor":3,"turns":2},{"damage":0,"enemies":"Small Slimes","floor":5,"turns":2},{"damage":6,"enemies":"Gremlin Nob","floor":6,"turns":3},{"damage":11,"enemies":"Looter","floor":7,"turns":2},{"damage":15,"enemies":"Lagavulin","floor":10,"turns":4},{"damage":7,"enemies":"3 Sentries","floor":13,"turns":3},{"damage":1,"enemies":"2 Fungi Beasts","floor":14,"turns":2},{"damage":0,"enemies":"Slime Boss","floor":16,"turns":4},{"damage":11,"enemies":"2 Thieves","floor":18,"turns":2},{"damage":1,"enemies":"Shell Parasite","floor":21,"turns":3},{"damage":54,"enemies":"Snecko","floor":22,"turns":3}],"seed_played":"6820313251245113131","neow_bonus_log":{"cardsObtained":[],"cardsUpgraded":[],"cardsRemoved":[],"cardsTransformed":[],"relicsObtained":[],"maxHpGained":0,"goldGained":0,"damageTaken":0,"goldLost":0,"maxHpLost":0},"potions_obtained":[{"floor":3,"key":"Weak Potion"},{"floor":6,"key":"GamblersBrew"},{"floor":16,"key":"BottledMiracle"},{"floor":21,"key":"Fire Potion"}],"is_trial":false,"path_per_floor":["M","?","M","$","M","E","M","R","T","E","R","?","E","M","R","B",null,"M","?","?","M","M"],"character_chosen":"WATCHER","basemod:card_modifiers":[null,null,null,null,null,null,null,null,null,null,null,null,null,null,null,null],"items_purchased":["FlurryOfBlows"],"campfire_rested":0,"item_purchase_floors":[4],"current_hp_per_floor":[59,59,59,59,59,53,42,42,42,27,27,44,37,36,36,36,60,49,49,30,29,0],"gold":326,"neow_bonus":"THREE_CARDS","is_prod":false,"is_daily":false,"rewards_skipped":[],"chose_seed":false,"campfire_upgraded":3,"win_rate":0,"floor_exit_playtime":[49,54,76,104,122,165,186,192,194,250,259,264,364,396,405,538,566,664,668,676,763],"timestamp":1728261016,"path_taken":["M","?","M","?","M","E","M","R","T","E","R","?","E","M","R","BOSS","M","?","?","M","M"],"build_version":"2022-12-18","purchased_purges":1,"victory":false,"max_hp_per_floor":[68,68,68,68,68,68,68,68,68,68,68,68,68,68,68,68,68,68,68,73,73,73],"relic_stats":{"Dream Catcher":0,"counters":[12,33],"CeramicFish":72,"Pandora\u0027s Box":["ForeignInfluence","DeceiveReality","BowlingBash","WheelKick","Ragnarok","TalkToTheHand"],"PureWater":[8],"Boot":[9],"obtain_stats":[{"Dream Catcher":6,"CeramicFish":9,"Pandora\u0027s Box":17,"PureWater":0,"Frozen Egg 2":13,"Boot":10},{"Dream Catcher":4,"CeramicFish":5,"Pandora\u0027s Box":9,"PureWater":0,"Frozen Egg 2":7,"Boot":6},{"Dream Catcher":10,"CeramicFish":12,"Pandora\u0027s Box":25,"PureWater":0,"Frozen Egg 2":19,"Boot":16}]},"card_choices":[{"not_picked":["SashWhip","ThirdEye"],"picked":"Consecrate","floor":0},{"not_picked":["Evaluate","FollowUp"],"picked":"Crescendo","floor":1},{"not_picked":["Protect","TalkToTheHand"],"picked":"Conclude","floor":3},{"not_picked":["FlyingSleeves","CutThroughFate"],"picked":"FearNoEvil","floor":5},{"not_picked":["Worship","Fasting2","Swivel"],"picked":"SKIP","floor":6},{"not_picked":["Consecrate","PathToVictory","FollowUp"],"picked":"SKIP","floor":7},{"not_picked":["PathToVictory","Pray","Collect"],"picked":"SKIP","floor":10},{"not_picked":["FollowUp","LessonLearned"],"picked":"Adaptation+1","floor":13},{"not_picked":["Evaluate","WindmillStrike","EmptyBody"],"picked":"SKIP","floor":14},{"not_picked":["Brilliance","Wish","LessonLearned"],"picked":"SKIP","floor":16},{"not_picked":["EmptyFist","Evaluate"],"picked":"Halt","floor":18},{"not_picked":["CutThroughFate","Prostrate","FlurryOfBlows"],"picked":"SKIP","floor":21},{"not_picked":["CutThroughFate","Prostrate","FlurryOfBlows"],"picked":"SKIP","floor":21},{"not_picked":["CutThroughFate","Prostrate","FlurryOfBlows"],"picked":"SKIP","floor":21}],"player_experience":2731477,"relics_obtained":[{"floor":6,"key":"Dream Catcher"},{"floor":9,"key":"CeramicFish"},{"floor":10,"key":"Boot"},{"floor":13,"key":"Frozen Egg 2"}],"event_choices":[{"cards_removed":["Defend_P"],"damage_healed":0,"gold_gain":0,"player_choice":"Purged","damage_taken":0,"max_hp_gain":0,"max_hp_loss":0,"event_name":"Purifier","floor":2,"gold_loss":0},{"damage_healed":17,"gold_gain":0,"player_choice":"Healed","damage_taken":0,"max_hp_gain":0,"max_hp_loss":0,"event_name":"The Cleric","floor":12,"gold_loss":35},{"damage_healed":0,"gold_gain":0,"player_choice":"Ignored","damage_taken":0,"max_hp_gain":0,"max_hp_loss":0,"event_name":"Ghosts","floor":19,"gold_loss":0},{"damage_healed":0,"gold_gain":0,"player_choice":"Shed Blood","damage_taken":24,"max_hp_gain":5,"max_hp_loss":0,"event_name":"Forgotten Altar","floor":20,"gold_loss":0}],"is_beta":false,"boss_relics":[{"not_picked":["Tiny House","Cursed Key"],"picked":"Pandora\u0027s Box"}],"items_purged_floors":[4],"is_endless":false,"potions_floor_spawned":[3,6,16,21],"killed_by":"Snecko","ascension_level":20,"potion_discard_per_floor":[[],[],[],[],[],[],[],[],[],[],[],[],[],[],[],[],[],[],[],[],[],[]]}