{"neow_bonuses_skipped_log":["RANDOM_COMMON_RELIC","TWENTY_PERCENT_HP_BONUS","BOSS_RELIC"],"neow_costs_skipped_log":["NONE","NO_GOLD","NONE"],"potions_obtained_entropic_brew":[[],[],[],[],[],[],[],[],[],[],[],[],[],[],[],[],[],[],[],[],[],[]],"gold_per_floor":[118,43,60,70,145,176,176,201,201,212,40,40,66,76,76,150,150,163,163,181,181,181],"floor_reached":22,"playtime":2131,"items_purged":[],"score":408,"play_id":"c399e365-0b04-46c3-90d2-5efdb55bc3fa","local_time":"20241019020534","score_breakdown":["Floors Climbed (22): 110","Enemies Slain (7): 14","Exordium Elites Killed (3): 30","City Elites Killed (0): 0","Bosses Slain (1): 50","Ascension (20): 204"],"is_ascension_mode":true,"potions_obtained_alchemize":[[],[],[],[],[],[],[],[],[],[],[],[],[],[],[],[],[],[],[],[],[],[]],"campfire_choices":[{"data":"Eruption","floor":7,"key":"SMITH"},{"data":"CrushJoints","floor":12,"key":"SMITH"},{"floor":15,"key":"REST"}],"lesson_learned_per_floor":[[],[],[],[],[],[],[],[],[],[],[],[],[],[],[],[],[],[],[],[],[],[]],"neow_cost":"NONE","improvable_cards":{},"seed_source_timestamp":692880118681800,"shop_contents":[{"floor":11,"relics":["Letter Opener","StoneCalendar"],"cards":["SashWhip+1","FollowUp+1","Evaluate","EmptyBody","Nirvana","Purity","Secret Technique"],"potions":["BlessingOfTheForge","Ambrosia","StancePotion"]}],"circlet_count":0,"master_deck":["AscendersBane","Strike_P+1","Strike_P+1","Strike_P+1","Strike_P+1","Defend_P+1","Defend_P+1","Defend_P+1","Eruption+1","Vigilance","Wallop","CutThroughFate","Halt","CrushJoints+1","ClearTheMind","CutThroughFate+1","JustLucky+1","SandsOfTime+1","LessonLearned+1","InnerPeace","Adaptation"],"potion_use_per_floor":[[],[],[],[],[],["LiquidMemories"],[],[],[],[],[],[],["FairyPotion"],[],[],[],[],[],[],["EssenceOfSteel","ColorlessPotion"],[],[]],"relics":["PureWater","Molten Egg 2","Art of War","Bottled Flame","Toolbox","Shovel","VioletLotus"],"potions_floor_usage":[6,20,20],"damage_taken":[{"damage":0,"enemies":"Small Slimes","floor":1,"turns":2},{"damage":0,"enemies":"Jaw Worm","floor":3,"turns":4},{"damage":0,"enemies":"Cultist","floor":4,"turns":3},{"damage":12,"enemies":"Lagavulin","floor":6,"turns":6},{"damage":26,"enemies":"3 Sentries","floor":8,"turns":8},{"damage":1,"enemies":"2 Fungi Beasts","floor":10,"turns":2},{"damage":24,"enemies":"Lagavulin","floor":13,"turns":6},{"damage":1,"enemies":"3 Louse","floor":14,"turns":2},{"damage":3,"enemies":"Hexaghost","floor":16,"turns":7},{"damage":20,"enemies":"Spheric Guardian","floor":18,"turns":5},{"damage":18,"enemies":"Shell Parasite","floor":20,"turns":4},{"damage":4,"enemies":"Chosen and Byrds","floor":22,"turns":2}],"seed_played":"6989535302871407956","neow_bonus_log":{"cardsObtained":[],"cardsUpgraded":[],"cardsRemoved":[],"cardsTransformed":[],"relicsObtained":[],"maxHpGained":0,"goldGained":0,"damageTaken":0,"goldLost":0,"maxHpLost":0},"potions_obtained":[{"floor":3,"key":"LiquidMemories"},{"floor":8,"key":"FairyPotion"},{"floor":13,"key":"EssenceOfSteel"},{"floor":18,"key":"ColorlessPotion"}],"is_trial":false,"path_per_floor":["M","?","M","M","?","E","R","E","T","M","$","R","E","M","R","B",null,"M","?","M","?","M"],"character_chosen":"WATCHER","basemod:card_modifiers":[null,null,null,null,null,null,null,null,null,null,null,null,null,null,null,null,null,null,null,null,null],"items_purchased":["Toolbox"],"campfire_rested":1,"item_purchase_floors":[11],"current_hp_per_floor":[61,61,61,61,50,38,38,12,12,11,11,11,20,19,39,36,60,40,21,3,3,0],"gold":181,"neow_bonus":"THREE_CARDS","is_prod":false,"is_daily":false,"rewards_skipped":[],"chose_seed":false,"campfire_upgraded":2,"win_rate":0,"floor_exit_playtime":[46,53,93,131,134,222,231,351,360,411,432,440,529,566,572,1100,1117,1219,1222,1308,1315],"timestamp":1729317934,"path_taken":["M","?","M","M","?","E","R","E","T","M","$","R","E","M","R","BOSS","M","?","M","?","?"],"build_version":"2022-12-18","purchased_purges":0,"victory":false,"max_hp_per_floor":[68,68,68,68,68,68,68,68,68,68,68,68,68,68,68,68,68,68,73,73,73,73],"relic_stats":{"Bottled Flame":"CutThroughFate","Shovel":0,"counters":[12,51],"VioletLotus":[3],"Art of War":[4],"PureWater":[8],"obtain_stats":[{"Bottled Flame":9,"Shovel":13,"Toolbox":11,"Molten Egg 2":6,"VioletLotus":17,"Art of War":8,"PureWater":0},{"Bottled Flame":5,"Shovel":7,"Toolbox":6,"Molten Egg 2":4,"VioletLotus":9,"Art of War":5,"PureWater":0},{"Bottled Flame":23,"Shovel":31,"Toolbox":25,"Molten Egg 2":15,"VioletLotus":40,"Art of War":23,"PureWater":0}]},"card_choices":[{"not_picked":["PathToVictory","FlurryOfBlows"],"picked":"Wallop","floor":0},{"not_picked":["CrushJoints","ThirdEye"],"picked":"CutThroughFate","floor":1},{"not_picked":["DeceiveReality","JustLucky"],"picked":"Halt","floor":3},{"not_picked":["SignatureMove","WaveOfTheHand"],"picked":"CrushJoints","floor":4},{"not_picked":["Study","DeceiveReality"],"picked":"ClearTheMind","floor":6},{"not_picked":["ConjureBlade","Evaluate"],"picked":"CutThroughFate+1","floor":8},{"not_picked":["PathToVictory","Prostrate"],"picked":"JustLucky+1","floor":10},{"not_picked":["ClearTheMind","EmptyFist+1"],"picked":"SandsOfTime+1","floor":13},{"not_picked":["FlurryOfBlows+1","SashWhip+1","ForeignInfluence"],"picked":"SKIP","floor":14},{"not_picked":["Judgement","SpiritShield"],"picked":"LessonLearned+1","floor":16},{"not_picked":["Swivel","ClearTheMind+1"],"picked":"InnerPeace","floor":18},{"not_picked":["Consecrate+1","Indignation"],"picked":"Adaptation","floor":20}],"player_experience":2765334,"relics_obtained":[{"floor":6,"key":"Molten Egg 2"},{"floor":8,"key":"Art of War"},{"floor":9,"key":"Bottled Flame"},{"floor":13,"key":"Shovel"}],"event_choices":[{"cards_removed":["Defend_P"],"damage_healed":0,"gold_gain":0,"player_choice":"Card Removal","damage_taken":0,"max_hp_gain":0,"max_hp_loss":0,"event_name":"The Cleric","floor":2,"gold_loss":75},{"damage_healed":0,"gold_gain":75,"player_choice":"Gather Gold","damage_taken":11,"max_hp_gain":0,"max_hp_loss":0,"event_name":"World of Goop","floor":5,"gold_loss":0},{"damage_healed":0,"gold_gain":0,"player_choice":"Shed Blood","damage_taken":24,"max_hp_gain":5,"max_hp_loss":0,"event_name":"Forgotten Altar","floor":19,"gold_loss":0},{"damage_healed":0,"gold_gain":0,"player_choice":"Simplicity","damage_taken":0,"max_hp_gain":0,"max_hp_loss":0,"event_name":"Back to Basics","floor":21,"gold_loss":0,"cards_upgraded":["Strike_P","Strike_P","Strike_P","Strike_P","Defend_P","Defend_P","Defend_P"]}],"is_beta":false,"boss_relics":[{"not_picked":["Calling Bell","Ectoplasm"],"picked":"VioletLotus"}],"items_purged_floors":[],"is_endless":false,"potions_floor_spawned":[3,8,13,18],"killed_by":"Chosen and Byrds","ascension_level":20,"potion_discard_per_floor":[[],[],[],[],[],[],[],[],[],[],[],[],[],[],[],[],[],[],[],[],[],[]]}