{"neow_bonuses_skipped_log":["ONE_RANDOM_RARE_CARD","THREE_ENEMY_KILL","ONE_RARE_RELIC"],"neow_costs_skipped_log":["NONE","NONE","PERCENT_DAMAGE"],"potions_obtained_entropic_brew":[[],[],[],[],[],[],[],[],[],[],[],[],[],[],[],[],[],[],[],[],[],[],[],[],[],[],[],[],[],[],[],[],[]],"gold_per_floor":[164,174,20,95,95,124,134,134,180,210,210,227,254,274,274,347,347,364,364,127,162,87,87,99,131,155,155,165,190,201,233,233,233],"floor_reached":33,"playtime":1782,"items_purged":["Defend_P","Pain"],"score":696,"play_id":"810b5c4d-2c6b-43a6-a9b1-fdb3da2b8772","local_time":"20241022222542","score_breakdown":["Floors Climbed (33): 165","Enemies Slain (9): 18","Exordium Elites Killed (3): 30","City Elites Killed (3): 60","Bosses Slain (1): 50","Champion (1): 25","Ascension (20): 348"],"is_ascension_mode":true,"potions_obtained_alchemize":[[],[],[],[],[],[],[],[],[],[],[],[],[],[],[],[],[],[],[],[],[],[],[],[],[],[],[],[],[],[],[],[],[]],"campfire_choices":[{"data":"Eruption","floor":8,"key":"SMITH"},{"floor":11,"key":"REST"},{"data":"Crescendo","floor":15,"key":"SMITH"},{"floor":23,"key":"REST"},{"floor":27,"key":"REST"},{"floor":32,"key":"REST"}],"lesson_learned_per_floor":[[],[],[],[],[],[],[],[],[],[],[],[],[],[],[],[],[],[],[],[],[],[],[],[],[],[],[],[],[],[],[],[],[]],"neow_cost":"NONE","improvable_cards":{},"seed_source_timestamp":1025640630608400,"shop_contents":[{"floor":3,"relics":["Ginger","Peace Pipe","Toolbox"],"cards":["EmptyFist","ThirdEye","Wish","Study","Swift Strike","Chrysalis"],"potions":["Fire Potion","BlessingOfTheForge","Fire Potion"]},{"floor":20,"relics":["Dead Branch","Bag of Marbles","TheAbacus"],"cards":["WindmillStrike","Crescendo","ClearTheMind","Fasting2","Enlightenment","Panache"],"potions":["Block Potion","BlessingOfTheForge"]}],"circlet_count":0,"master_deck":["AscendersBane","Strike_P","Strike_P","Strike_P+1","Defend_P","Defend_P","Eruption+1","Vigilance","BowlingBash","EmptyFist","CutThroughFate","WheelKick","ThirdEye","CutThroughFate","ClearTheMind","Sanctity","Crescendo+1","Crescendo+1","FearNoEvil","ThirdEye","MasterReality","CutThroughFate+1","FlurryOfBlows","SpiritShield","MentalFortress","MentalFortress"],"potion_use_per_floor":[[],[],[],[],[],["BottledMiracle","LiquidMemories"],[],[],[],["BlessingOfTheForge"],[],[],["EssenceOfSteel"],[],[],[],[],["StancePotion"],[],[],["FearPotion"],[],[],["Block Potion"],[],[],[],[],[],["StancePotion"],[],[],[]],"relics":["Tiny House","WarpedTongs","Centennial Puzzle","Regal Pillow","Darkstone Periapt","PreservedInsect","SlaversCollar","Red Mask","Prayer Wheel","Art of War","Juzu Bracelet","CaptainsWheel"],"potions_floor_usage":[6,6,10,13,18,21,24,30],"damage_taken":[{"damage":0,"enemies":"2 Louse","floor":1,"turns":2},{"damage":2,"enemies":"Jaw Worm","floor":2,"turns":3},{"damage":3,"enemies":"3 Sentries","floor":6,"turns":4},{"damage":1,"enemies":"Cultist","floor":7,"turns":2},{"damage":20,"enemies":"Gremlin Nob","floor":10,"turns":3},{"damage":10,"enemies":"Large Slime","floor":12,"turns":3},{"damage":6,"enemies":"Lagavulin","floor":13,"turns":4},{"damage":15,"enemies":"Lots of Slimes","floor":14,"turns":4},{"damage":10,"enemies":"Slime Boss","floor":16,"turns":6},{"damage":17,"enemies":"Shell Parasite","floor":18,"turns":6},{"damage":7,"enemies":"Masked Bandits","floor":21,"turns":3},{"damage":10,"enemies":"Spheric Guardian","floor":24,"turns":3},{"damage":30,"enemies":"Book of Stabbing","floor":25,"turns":4},{"damage":10,"enemies":"Centurion and Healer","floor":28,"turns":3},{"damage":5,"enemies":"Slavers","floor":29,"turns":2},{"damage":15,"enemies":"Cultist and Chosen","floor":30,"turns":5},{"damage":28,"enemies":"Book of Stabbing","floor":31,"turns":6},{"damage":80,"enemies":"Collector","floor":33,"turns":8}],"green_key_taken_log":10,"seed_played":"-3709569044527682306","neow_bonus_log":{"cardsObtained":[],"cardsUpgraded":[],"cardsRemoved":[],"cardsTransformed":[],"relicsObtained":["Tiny House"],"maxHpGained":0,"goldGained":0,"damageTaken":0,"goldLost":0,"maxHpLost":0},"potions_obtained":[{"floor":0,"key":"LiquidMemories"},{"floor":1,"key":"BottledMiracle"},{"floor":6,"key":"BlessingOfTheForge"},{"floor":12,"key":"EssenceOfSteel"},{"floor":13,"key":"StancePotion"},{"floor":18,"key":"FearPotion"},{"floor":25,"key":"StancePotion"}],"is_trial":false,"path_per_floor":["M","M","$","?","?","E","M","R","T","E","R","M","E","M","R","B",null,"M","?","$","?","?","R","M","E","T","R","M","E","M","E","R","B"],"character_chosen":"WATCHER","basemod:card_modifiers":[null,null,null,null,null,null,null,null,null,null,null,null,null,null,null,null,null,null,null,null,null,null,null,null,null,null],"items_purchased":["WheelKick","FearNoEvil","Block Potion"],"campfire_rested":4,"item_purchase_floors":[3,20,20],"current_hp_per_floor":[66,64,64,53,53,50,49,49,49,29,65,55,49,34,34,24,61,44,44,44,37,37,73,63,33,33,69,59,54,39,11,47,0],"gold":233,"neow_bonus":"BOSS_RELIC","is_prod":false,"is_daily":false,"rewards_skipped":[],"chose_seed":false,"campfire_upgraded":2,"win_rate":0,"floor_exit_playtime":[55,99,129,133,141,233,287,293,295,347,352,415,487,560,578,683,702,816,820,843,965,987,991,1065,1171,1173,1176,1222,1318,1428,1580,1583],"timestamp":1729650342,"path_taken":["M","M","$","?","?","E","?","R","T","E","R","M","E","M","R","BOSS","M","?","$","?","?","R","M","E","T","R","?","E","M","E","R","BOSS"],"build_version":"2022-12-18","purchased_purges":2,"victory":false,"max_hp_per_floor":[73,73,73,73,73,73,73,73,73,73,73,73,73,73,73,73,73,73,73,73,73,73,73,73,73,73,73,73,73,73,73,73,73],"relic_stats":{"Darkstone Periapt":0,"Centennial Puzzle":[45],"Regal Pillow":60,"counters":[18,71],"Prayer Wheel":2,"PreservedInsect":127,"Art of War":[0],"Juzu Bracelet":0,"obtain_stats":[{"Darkstone Periapt":10,"Regal Pillow":9,"Tiny House":0,"PreservedInsect":13,"Juzu Bracelet":29,"WarpedTongs":5,"SlaversCollar":17,"Centennial Puzzle":6,"CaptainsWheel":31,"Prayer Wheel":25,"Red Mask":21,"Art of War":26,"PureWater":0},{"Darkstone Periapt":5,"Regal Pillow":4,"Tiny House":0,"PreservedInsect":7,"Juzu Bracelet":15,"WarpedTongs":2,"SlaversCollar":9,"Centennial Puzzle":3,"CaptainsWheel":17,"Prayer Wheel":13,"Red Mask":11,"Art of War":13,"PureWater":0},{"Darkstone Periapt":14,"Regal Pillow":11,"Tiny House":0,"PreservedInsect":21,"Juzu Bracelet":52,"WarpedTongs":5,"SlaversCollar":31,"Centennial Puzzle":9,"CaptainsWheel":63,"Prayer Wheel":47,"Red Mask":40,"Art of War":47,"PureWater":0}],"WarpedTongs":[66]},"card_choices":[{"not_picked":["Sanctity","Wireheading"],"picked":"BowlingBash","floor":0},{"not_picked":["Consecrate","Weave"],"picked":"EmptyFist","floor":1},{"not_picked":["FlurryOfBlows","CrushJoints"],"picked":"CutThroughFate","floor":2},{"not_picked":["SignatureMove","PathToVictory"],"picked":"ThirdEye","floor":6},{"not_picked":["Prostrate","FlurryOfBlows"],"picked":"CutThroughFate","floor":7},{"not_picked":["PathToVictory","FollowUp"],"picked":"ClearTheMind","floor":10},{"not_picked":["ThirdEye","FlyingSleeves"],"picked":"Sanctity","floor":12},{"not_picked":["CutThroughFate","LessonLearned"],"picked":"Crescendo","floor":13},{"not_picked":["Study","BowlingBash","EmptyFist"],"picked":"SKIP","floor":14},{"not_picked":["Ragnarok","ConjureBlade","Establishment"],"picked":"SKIP","floor":16},{"not_picked":["SashWhip","PathToVictory"],"picked":"Crescendo+1","floor":18},{"not_picked":["Crescendo","Blasphemy","WindmillStrike"],"picked":"SKIP","floor":21},{"not_picked":["Evaluate","CrushJoints","SashWhip"],"picked":"SKIP","floor":24},{"not_picked":["Protect+1","Consecrate","PathToVictory"],"picked":"SKIP","floor":25},{"not_picked":["Study","Wish"],"picked":"CutThroughFate+1","floor":28},{"not_picked":["CutThroughFate","Collect"],"picked":"FlurryOfBlows","floor":28},{"not_picked":["Worship","WreathOfFlame"],"picked":"SpiritShield","floor":29},{"not_picked":["SashWhip","Prostrate"],"picked":"MentalFortress","floor":30},{"not_picked":["ThirdEye","Halt"],"picked":"MentalFortress","floor":30},{"not_picked":["Halt","Evaluate","Crescendo+1"],"picked":"SKIP","floor":31}],"player_experience":2775203,"relics_obtained":[{"floor":6,"key":"Centennial Puzzle"},{"floor":9,"key":"Regal Pillow"},{"floor":10,"key":"Darkstone Periapt"},{"floor":13,"key":"PreservedInsect"},{"floor":21,"key":"Red Mask"},{"floor":25,"key":"Prayer Wheel"},{"floor":26,"key":"Art of War"},{"floor":29,"key":"Juzu Bracelet"},{"floor":31,"key":"CaptainsWheel"}],"event_choices":[{"damage_healed":0,"gold_gain":75,"player_choice":"Gather Gold","damage_taken":11,"max_hp_gain":0,"max_hp_loss":0,"event_name":"World of Goop","floor":4,"gold_loss":0},{"damage_healed":0,"gold_gain":0,"player_choice":"Rummage","damage_taken":0,"relics_obtained":["WarpedTongs"],"max_hp_gain":0,"max_hp_loss":0,"event_name":"Accursed Blacksmith","floor":5,"gold_loss":0,"cards_obtained":["Pain"]},{"damage_healed":0,"gold_gain":0,"player_choice":"Ignored","damage_taken":0,"max_hp_gain":0,"max_hp_loss":0,"event_name":"The Mausoleum","floor":19,"gold_loss":0},{"damage_healed":0,"gold_gain":0,"player_choice":"Fought Bandits","damage_taken":0,"max_hp_gain":0,"max_hp_loss":0,"event_name":"Masked Bandits","floor":21,"gold_loss":0},{"damage_healed":0,"gold_gain":0,"cards_transformed":["Strike_P","Defend_P"],"player_choice":"Transformed Cards","damage_taken":0,"max_hp_gain":0,"max_hp_loss":0,"event_name":"Designer","floor":22,"gold_loss":75,"cards_obtained":["ThirdEye","MasterReality"]}],"is_beta":false,"boss_relics":[{"not_picked":["Black Star","Busted Crown"],"picked":"SlaversCollar"}],"items_purged_floors":[3,20],"is_endless":false,"potions_floor_spawned":[1,6,12,13,18,25],"killed_by":"Collector","ascension_level":20,"potion_discard_per_floor":[[],[],[],[],[],[],[],[],[],[],[],[],[],[],[],[],[],[],[],[],[],[],[],[],[],[],[],[],[],[],[],[],[]]}