{"neow_bonuses_skipped_log":["RANDOM_COLORLESS","THREE_SMALL_POTIONS","BOSS_RELIC"],"neow_costs_skipped_log":["NONE","NONE","NONE"],"potions_obtained_entropic_brew":[[],[],[],[],[],[],[],[],[],[],[],[],[],[],[],[],[],[],[],[],[],[],[]],"gold_per_floor":[111,124,143,153,163,163,163,163,163,175,200,229,244,278,278,351,351,365,365,385,397,397,397],"floor_reached":23,"playtime":1564,"items_purged":[],"score":410,"play_id":"e0a47750-3ab0-471c-9a42-ef252584d182","local_time":"20250108171050","score_breakdown":["Floors Climbed (23): 115","Enemies Slain (10): 20","Exordium Elites Killed (2): 20","City Elites Killed (0): 0","Bosses Slain (1): 50","Ascension (20): 205"],"is_ascension_mode":true,"potions_obtained_alchemize":[[],[],[],[],[],[],[],[],[],[],[],[],[],[],[],[],[],[],[],[],[],[],[]],"campfire_choices":[{"data":"Eruption","floor":6,"key":"SMITH"},{"data":"EmptyFist","floor":8,"key":"SMITH"},{"data":"Adaptation","floor":15,"key":"SMITH"}],"lesson_learned_per_floor":[[],[],[],[],[],[],[],[],[],[],[],[],[],[],[],[],[],[],[],[],[],[],[]],"neow_cost":"TEN_PERCENT_HP_LOSS","improvable_cards":{},"seed_source_timestamp":2291073824454000,"shop_contents":[],"circlet_count":0,"master_deck":["AscendersBane","Strike_P","Strike_P","Strike_P","Defend_P","Eruption+1","Vigilance","DeusExMachina","CutThroughFate","FlyingSleeves","ClearTheMind","EmptyFist+1","Indignation","SpiritShield","ThirdEye","Adaptation+1","BowlingBash"],"potion_use_per_floor":[[],[],[],[],[],[],[],[],[],[],[],["FearPotion"],[],[],[],["CultistPotion"],[],[],[],[],["ColorlessPotion"],[],["GamblersBrew"]],"relics":["PureWater","Eternal Feather","Odd Mushroom","Pear","Toy Ornithopter","Empty Cage"],"potions_floor_usage":[12,16,21,23],"damage_taken":[{"damage":1,"enemies":"Cultist","floor":1,"turns":4},{"damage":2,"enemies":"Jaw Worm","floor":2,"turns":4},{"damage":0,"enemies":"2 Louse","floor":3,"turns":3},{"damage":9,"enemies":"2 Fungi Beasts","floor":4,"turns":4},{"damage":10,"enemies":"Gremlin Gang","floor":5,"turns":4},{"damage":7,"enemies":"Looter","floor":10,"turns":3},{"damage":0,"enemies":"The Mushroom Lair","floor":11,"turns":2},{"damage":12,"enemies":"Gremlin Nob","floor":12,"turns":3},{"damage":2,"enemies":"Blue Slaver","floor":13,"turns":3},{"damage":15,"enemies":"3 Sentries","floor":14,"turns":7},{"damage":17,"enemies":"Hexaghost","floor":16,"turns":6},{"damage":19,"enemies":"Shell Parasite","floor":18,"turns":6},{"damage":20,"enemies":"3 Byrds","floor":20,"turns":6},{"damage":11,"enemies":"Centurion and Healer","floor":21,"turns":3},{"damage":23,"enemies":"Book of Stabbing","floor":23,"turns":3}],"seed_played":"8323204287592441091","neow_bonus_log":{"cardsObtained":[],"cardsUpgraded":[],"cardsRemoved":[],"cardsTransformed":[],"relicsObtained":[],"maxHpGained":0,"goldGained":0,"damageTaken":0,"goldLost":0,"maxHpLost":6},"potions_obtained":[{"floor":2,"key":"FairyPotion"},{"floor":3,"key":"CultistPotion"},{"floor":4,"key":"FearPotion"},{"floor":12,"key":"GamblersBrew"},{"floor":20,"key":"ColorlessPotion"}],"is_trial":false,"path_per_floor":["M","M","M","M","M","R","?","R","T","M","?","E","M","E","R","B",null,"M","?","M","M","?","E"],"character_chosen":"WATCHER","basemod:card_modifiers":[null,null,null,null,null,null,null,null,null,null,null,null,null,null,null,null,null],"items_purchased":[],"campfire_rested":0,"item_purchase_floors":[],"current_hp_per_floor":[60,58,58,49,39,39,39,39,39,32,32,30,28,13,22,10,57,38,38,18,12,12,0],"gold":397,"neow_bonus":"THREE_RARE_CARDS","is_prod":false,"is_daily":false,"rewards_skipped":[{"floor":13,"relics":[],"potions":["Ancient Potion"]},{"floor":14,"relics":[],"potions":["Regen Potion"]}],"chose_seed":false,"campfire_upgraded":3,"win_rate":0,"floor_exit_playtime":[110,188,222,325,433,439,444,457,461,502,558,633,689,897,905,1007,1055,1148,1161,1368,1443,1446],"timestamp":1736374250,"path_taken":["M","M","?","M","M","R","?","R","T","?","?","E","M","E","R","BOSS","M","?","M","?","?","E"],"build_version":"2022-12-18","purchased_purges":0,"victory":false,"max_hp_per_floor":[62,62,62,62,62,62,62,62,62,62,62,72,72,72,72,72,72,72,72,72,72,72,72],"relic_stats":{"counters":[15,61],"Eternal Feather":9,"PureWater":[9],"obtain_stats":[{"Pear":12,"Eternal Feather":9,"PureWater":0,"Odd Mushroom":11,"Empty Cage":17,"Toy Ornithopter":14},{"Pear":8,"Eternal Feather":5,"PureWater":0,"Odd Mushroom":7,"Empty Cage":11,"Toy Ornithopter":10},{"Pear":27,"Eternal Feather":19,"PureWater":0,"Odd Mushroom":24,"Empty Cage":43,"Toy Ornithopter":37}],"Toy Ornithopter":15},"card_choices":[{"not_picked":["Omniscience","Alpha"],"picked":"DeusExMachina","floor":0},{"not_picked":["SashWhip","Halt"],"picked":"CutThroughFate","floor":1},{"not_picked":["Fasting2","BowlingBash"],"picked":"FlyingSleeves","floor":2},{"not_picked":["BowlingBash","EmptyBody","PathToVictory"],"picked":"SKIP","floor":3},{"not_picked":["Protect","DevaForm"],"picked":"ClearTheMind","floor":4},{"not_picked":["PathToVictory","ClearTheMind"],"picked":"EmptyFist","floor":5},{"not_picked":["ReachHeaven","Vengeance"],"picked":"Indignation","floor":10},{"not_picked":["Crescendo","Evaluate","Protect"],"picked":"SKIP","floor":11},{"not_picked":["CrushJoints","WheelKick"],"picked":"SpiritShield","floor":12},{"not_picked":["ForeignInfluence","WindmillStrike"],"picked":"ThirdEye","floor":13},{"not_picked":["Prostrate","EmptyMind"],"picked":"Adaptation","floor":14},{"not_picked":["DevaForm","Devotion","Ragnarok"],"picked":"SKIP","floor":16},{"not_picked":["FlyingSleeves+1","WreathOfFlame","EmptyMind"],"picked":"SKIP","floor":18},{"not_picked":["SandsOfTime","Halt"],"picked":"BowlingBash","floor":20},{"not_picked":["FlurryOfBlows","Protect","FollowUp"],"picked":"SKIP","floor":21}],"player_experience":2791643,"relics_obtained":[{"floor":9,"key":"Eternal Feather"},{"floor":11,"key":"Odd Mushroom"},{"floor":12,"key":"Pear"},{"floor":14,"key":"Toy Ornithopter"}],"event_choices":[{"cards_removed":["Defend_P"],"damage_healed":0,"gold_gain":0,"player_choice":"Purged","damage_taken":0,"max_hp_gain":0,"max_hp_loss":0,"event_name":"Purifier","floor":7,"gold_loss":0},{"damage_healed":0,"gold_gain":0,"player_choice":"Fought Mushrooms","damage_taken":0,"max_hp_gain":0,"max_hp_loss":0,"event_name":"Mushrooms","floor":11,"gold_loss":0},{"cards_removed":["Defend_P"],"damage_healed":0,"gold_gain":0,"player_choice":"Purged","damage_taken":0,"max_hp_gain":0,"max_hp_loss":0,"event_name":"Purifier","floor":19,"gold_loss":0},{"damage_healed":0,"gold_gain":0,"player_choice":"Ignored","damage_taken":0,"max_hp_gain":0,"max_hp_loss":0,"event_name":"The Mausoleum","floor":22,"gold_loss":0}],"is_beta":false,"boss_relics":[{"not_picked":["SlaversCollar","Calling Bell"],"picked":"Empty Cage"}],"items_purged_floors":[],"is_endless":false,"potions_floor_spawned":[2,3,4,12,13,14,20],"killed_by":"Book of Stabbing","ascension_level":20,"potion_discard_per_floor":[[],[],[],["FairyPotion"],[],[],[],[],[],[],[],[],[],[],[],[],[],[],[],[],[],[],[]]}