{"gold_per_floor":[111,111,111,122,135,135,151,172,172,137,137,150,150,150,150,251,251,226,240,13,51,51],"floor_reached":22,"playtime":1815,"items_purged":[],"score":176,"play_id":"6a238ee4-5908-4cb1-b64a-bac64bc68dfc","local_time":"20210406214617","is_ascension_mode":false,"campfire_choices":[{"data":"Defend_B","floor":6,"key":"SMITH"},{"data":"Fusion","floor":11,"key":"SMITH"},{"floor":15,"key":"REST"}],"neow_cost":"NONE","seed_source_timestamp":28777641543200,"circlet_count":0,"master_deck":["Strike_B","Strike_B","Strike_B","Defend_B","Defend_B","Defend_B","Defend_B+1","Zap+1","Dualcast+1","Steam+1","Conserve Battery","Cold Snap","Fusion+1","Coolheaded","Redo","Multi-Cast","Gash","Hologram+1","Loop","Compile Driver"],"relics":["Cracked Core","Question Card","Odd Mushroom","Centennial Puzzle","Nunchaku","Inserter","Toolbox"],"potions_floor_usage":[16,16,16,21,22],"damage_taken":[{"damage":5,"enemies":"Small Slimes","floor":1,"turns":2},{"damage":0,"enemies":"Jaw Worm","floor":4,"turns":2},{"damage":0,"enemies":"2 Louse","floor":5,"turns":3},{"damage":0,"enemies":"Blue Slaver","floor":7,"turns":3},{"damage":15,"enemies":"The Mushroom Lair","floor":8,"turns":5},{"damage":3,"enemies":"2 Fungi Beasts","floor":12,"turns":4},{"damage":28,"enemies":"Slime Boss","floor":16,"turns":22},{"damage":11,"enemies":"2 Thieves","floor":18,"turns":5},{"damage":16,"enemies":"Spheric Guardian","floor":19,"turns":6},{"damage":14,"enemies":"Snake Plant","floor":21,"turns":5},{"damage":42,"enemies":"Sentry and Sphere","floor":22,"turns":7}],"seed_played":"4539032455992927661","potions_obtained":[{"floor":1,"key":"SpeedPotion"},{"floor":8,"key":"LiquidBronze"},{"floor":12,"key":"DistilledChaos"},{"floor":16,"key":"FearPotion"},{"floor":18,"key":"Ancient Potion"},{"floor":19,"key":"Explosive Potion"}],"is_trial":false,"path_per_floor":["M","?","?","M","M","R","M","?","T","?","R","M","?","T","R","B",null,"M","M","$","M","M"],"character_chosen":"DEFECT","items_purchased":["Loop","Toolbox"],"campfire_rested":1,"item_purchase_floors":[20,20],"current_hp_per_floor":[70,52,37,37,37,37,37,22,22,40,40,37,30,30,52,24,75,64,48,48,34,0],"gold":51,"neow_bonus":"UPGRADE_CARD","is_prod":false,"is_daily":false,"chose_seed":false,"campfire_upgraded":2,"win_rate":0.0,"timestamp":1617759977,"path_taken":["M","?","?","M","M","R","M","?","T","?","R","?","?","?","R","BOSS","M","M","$","M","M"],"build_version":"2020-12-22","purchased_purges":0,"victory":false,"max_hp_per_floor":[75,75,75,75,75,75,75,75,75,75,75,75,75,75,75,75,75,75,75,75,75,75],"card_choices":[{"not_picked":["Force Field","Hologram"],"picked":"Steam","floor":1},{"not_picked":["Auto Shields","Scrape","Genetic Algorithm"],"picked":"Conserve Battery","floor":4},{"not_picked":["Streamline","Ball Lightning","Gash"],"picked":"Cold Snap","floor":5},{"not_picked":["Leap","Ball Lightning","Multi-Cast"],"picked":"Fusion","floor":7},{"not_picked":["Go for the Eyes","Tempest","Sunder"],"picked":"Coolheaded","floor":8},{"not_picked":["Undo","Turbo","Ball Lightning"],"picked":"Redo","floor":12},{"not_picked":["Machine Learning","Creative AI","Hyperbeam"],"picked":"Multi-Cast","floor":16},{"not_picked":["BootSequence","Go for the Eyes","Sweeping Beam"],"picked":"Gash","floor":18},{"not_picked":["Leap","Cold Snap+1","Stack+1"],"picked":"Hologram+1","floor":19},{"not_picked":["Capacitor","Storm","Rebound"],"picked":"Compile Driver","floor":21}],"player_experience":53639,"relics_obtained":[{"floor":8,"key":"Odd Mushroom"},{"floor":9,"key":"Centennial Puzzle"},{"floor":14,"key":"Nunchaku"}],"event_choices":[{"damage_healed":0,"gold_gain":0,"player_choice":"Success","damage_taken":18,"relics_obtained":["Question Card"],"max_hp_gain":0,"max_hp_loss":0,"event_name":"Scrap Ooze","floor":2,"gold_loss":0},{"damage_healed":0,"gold_gain":0,"player_choice":"Entered Light","damage_taken":15,"max_hp_gain":0,"max_hp_loss":0,"event_name":"Shining Light","floor":3,"gold_loss":0,"cards_upgraded":["Steam","Dualcast"]},{"damage_healed":0,"gold_gain":0,"player_choice":"Fought Mushrooms","damage_taken":0,"max_hp_gain":0,"max_hp_loss":0,"event_name":"Mushrooms","floor":8,"gold_loss":0},{"damage_healed":18,"gold_gain":0,"player_choice":"Healed","damage_taken":0,"max_hp_gain":0,"max_hp_loss":0,"event_name":"The Cleric","floor":10,"gold_loss":35},{"cards_removed":["Strike_B"],"damage_healed":0,"gold_gain":0,"player_choice":"Card Removal","damage_taken":7,"max_hp_gain":0,"max_hp_loss":0,"event_name":"Golden Wing","floor":13,"gold_loss":0}],"is_beta":false,"boss_relics":[{"not_picked":["Coffee Dripper","Runic Pyramid"],"picked":"Inserter"}],"items_purged_floors":[],"is_endless":false,"potions_floor_spawned":[1,8,12,16,18,19],"killed_by":"Sentry and Sphere","ascension_level":0}