{"gold_per_floor":[115,115,130,48,48,48,104,120,120,120,151,165,181,194,194,292,342,355,236,151,101,81,112,112,112,157,157,187,201,201,217,217,319,319,338,338,35,35,35,68,85,85,110,162,201,201],"floor_reached":46,"playtime":4757,"items_purged":["Static Discharge"],"score":591,"play_id":"74bd1d33-c3f3-46d9-9c9a-d2c15f2d9dbf","local_time":"20210405225044","is_ascension_mode":false,"campfire_choices":[{"floor":10,"key":"REST"},{"data":"Auto Shields","floor":15,"key":"SMITH"},{"floor":24,"key":"REST"},{"data":"Barrage","floor":30,"key":"SMITH"},{"floor":32,"key":"REST"}],"neow_cost":"NONE","seed_source_timestamp":1395749848775800,"circlet_count":0,"master_deck":["Defend_B","Defend_B+1","Defend_B","Defend_B","Zap","Dualcast","Sweeping Beam","Consume","Self Repair","Gash","Auto Shields+1","Redo+1","Conserve Battery+1","Barrage+1","Coolheaded+1","Coolheaded+1","Capacitor","Hologram+1","Self Repair","White Noise+1","Storm","Fission+1","Ball Lightning","Tempest+1","Doom and Gloom","Fusion+1","All For One","Stack+1","Madness+1","Madness+1","HandOfGreed","Gash","Loop+1","Darkness+1","Stack+1","Redo+1"],"relics":["Cracked Core","Sundial","Toxic Egg 2","HornCleat","Tiny House","Letter Opener","Ancient Tea Set","Dream Catcher","Incense Burner","Black Star","Nunchaku","Blood Vial","Bag of Preparation","Ornamental Fan","Lantern"],"potions_floor_usage":[16,23,33,33],"damage_taken":[{"damage":0,"enemies":"2 Louse","floor":1,"turns":3},{"damage":6,"enemies":"Jaw Worm","floor":3,"turns":3},{"damage":39,"enemies":"Lagavulin Event","floor":7,"turns":6},{"damage":3,"enemies":"Small Slimes","floor":8,"turns":3},{"damage":31,"enemies":"3 Sentries","floor":11,"turns":6},{"damage":2,"enemies":"2 Fungi Beasts","floor":12,"turns":3},{"damage":0,"enemies":"Looter","floor":13,"turns":3},{"damage":10,"enemies":"Exordium Thugs","floor":14,"turns":5},{"damage":54,"enemies":"The Guardian","floor":16,"turns":10},{"damage":2,"enemies":"Chosen","floor":18,"turns":4},{"damage":27,"enemies":"2 Thieves","floor":22,"turns":5},{"damage":55,"enemies":"Slavers","floor":23,"turns":6},{"damage":35,"enemies":"Book of Stabbing","floor":28,"turns":6},{"damage":19,"enemies":"3 Cultists","floor":29,"turns":6},{"damage":31,"enemies":"Snake Plant","floor":31,"turns":4},{"damage":50,"enemies":"Automaton","floor":33,"turns":10},{"damage":1,"enemies":"Orb Walker","floor":35,"turns":3},{"damage":44,"enemies":"Nemesis","floor":40,"turns":11},{"damage":36,"enemies":"3 Darklings","floor":41,"turns":6},{"damage":22,"enemies":"Reptomancer","floor":44,"turns":6},{"damage":5,"enemies":"4 Shapes","floor":45,"turns":4},{"damage":17,"enemies":"Sphere and 2 Shapes","floor":46,"turns":4}],"seed_played":"-5562755228702859826","potions_obtained":[{"floor":3,"key":"Block Potion"},{"floor":7,"key":"Ancient Potion"},{"floor":8,"key":"Ancient Potion"},{"floor":12,"key":"PotionOfCapacity"},{"floor":17,"key":"Strength Potion"},{"floor":23,"key":"Energy Potion"},{"floor":29,"key":"SkillPotion"},{"floor":33,"key":"EssenceOfSteel"},{"floor":40,"key":"Energy Potion"}],"is_trial":false,"path_per_floor":["M","?","M","$","?","?","?","M","T","R","E","M","M","M","R","B",null,"M","$","?","?","M","E","R","?","T","?","E","M","R","M","R","B",null,"M","?","$","?","$","E","M","?","T","E","M","M"],"character_chosen":"DEFECT","items_purchased":["Self Repair","Capacitor","Hologram+1","HandOfGreed","Gash"],"campfire_rested":3,"item_purchase_floors":[4,19,19,37,37],"current_hp_per_floor":[82,82,76,76,81,81,49,53,53,79,55,60,67,64,64,17,92,92,92,92,92,72,17,44,44,44,102,81,76,76,52,82,46,102,101,88,88,88,88,58,24,24,24,11,15,0],"gold":201,"neow_bonus":"TEN_PERCENT_HP_BONUS","is_prod":false,"is_daily":false,"chose_seed":false,"campfire_upgraded":2,"win_rate":0.0,"timestamp":1617677444,"path_taken":["M","?","M","$","?","?","?","M","T","R","E","M","M","M","R","BOSS","M","$","?","?","?","E","R","?","T","?","E","M","R","?","R","BOSS","M","?","$","?","?","E","M","?","T","E","M","?"],"build_version":"2020-12-22","purchased_purges":1,"victory":false,"max_hp_per_floor":[82,82,82,82,87,87,87,87,87,87,87,87,87,87,87,87,92,92,92,92,92,92,92,92,92,92,102,102,102,102,102,102,102,102,102,102,102,102,102,102,102,102,102,102,102,102],"card_choices":[{"not_picked":["Beam Cell","Scrape"],"picked":"Sweeping Beam","floor":1},{"not_picked":["Sweeping Beam","Steam Power"],"picked":"FTL","floor":3},{"not_picked":["Stack","Conserve Battery"],"picked":"Gash","floor":7},{"not_picked":["Compile Driver","Steam"],"picked":"Auto Shields","floor":8},{"not_picked":["Conserve Battery+1","Hello World"],"picked":"Static Discharge","floor":11},{"not_picked":["Chill+1","Force Field+1"],"picked":"Redo+1","floor":12},{"not_picked":["Sweeping Beam","Barrage"],"picked":"Conserve Battery+1","floor":13},{"not_picked":["Blizzard","Scrape"],"picked":"Barrage","floor":14},{"not_picked":["Electrodynamics","Multi-Cast+1"],"picked":"Machine Learning","floor":16},{"not_picked":["Heatsinks","Gash"],"picked":"Coolheaded+1","floor":17},{"not_picked":["BootSequence+1","Barrage+1"],"picked":"Coolheaded+1","floor":18},{"not_picked":["Steam+1","Beam Cell"],"picked":"Self Repair","floor":22},{"not_picked":["Storm","Steam+1"],"picked":"White Noise+1","floor":23},{"not_picked":["Coolheaded+1","Sweeping Beam"],"picked":"Ball Lightning","floor":28},{"not_picked":["Glacier+1","BootSequence+1"],"picked":"Tempest+1","floor":29},{"not_picked":["Conserve Battery+1","Stack+1"],"picked":"Doom and Gloom","floor":31},{"not_picked":["Reinforced Body+1","Hologram+1"],"picked":"Fusion+1","floor":32},{"not_picked":["Biased Cognition","Buffer"],"picked":"All For One","floor":33},{"not_picked":["Barrage","Ball Lightning"],"picked":"Stack+1","floor":35},{"not_picked":["Defragment+1","Reprogram+1"],"picked":"Loop+1","floor":40},{"not_picked":["Auto Shields+1","Reboot+1"],"picked":"Darkness+1","floor":41},{"not_picked":["Beam Cell+1","Cold Snap+1"],"picked":"Stack+1","floor":44},{"not_picked":["Cold Snap","Streamline"],"picked":"Redo+1","floor":45}],"player_experience":9420,"relics_obtained":[{"floor":7,"key":"Sundial"},{"floor":9,"key":"Toxic Egg 2"},{"floor":11,"key":"HornCleat"},{"floor":23,"key":"Ancient Tea Set"},{"floor":26,"key":"Dream Catcher"},{"floor":28,"key":"Incense Burner"},{"floor":40,"key":"Nunchaku"},{"floor":40,"key":"Blood Vial"},{"floor":43,"key":"Bag of Preparation"},{"floor":44,"key":"Ornamental Fan"},{"floor":44,"key":"Lantern"}],"event_choices":[{"damage_healed":0,"gold_gain":0,"cards_transformed":["Strike_B"],"player_choice":"Change","damage_taken":0,"max_hp_gain":0,"max_hp_loss":0,"event_name":"Living Wall","floor":2,"gold_loss":0,"cards_obtained":["Consume"]},{"damage_healed":0,"gold_gain":0,"player_choice":"Donut","damage_taken":0,"max_hp_gain":5,"max_hp_loss":0,"event_name":"Big Fish","floor":5,"gold_loss":0},{"damage_healed":0,"gold_gain":0,"player_choice":"Ignored","damage_taken":0,"max_hp_gain":0,"max_hp_loss":0,"event_name":"Golden Wing","floor":6,"gold_loss":0},{"damage_healed":0,"gold_gain":0,"player_choice":"Searched \u00271\u0027 times","damage_taken":0,"max_hp_gain":0,"max_hp_loss":0,"event_name":"Dead Adventurer","floor":7,"gold_loss":0},{"damage_healed":0,"gold_gain":0,"player_choice":"Obtained Relic","damage_taken":0,"relics_obtained":["Letter Opener"],"max_hp_gain":0,"max_hp_loss":0,"event_name":"Addict","floor":20,"gold_loss":85},{"damage_healed":0,"gold_gain":0,"player_choice":"Bet on Murderer","damage_taken":0,"max_hp_gain":0,"max_hp_loss":0,"event_name":"The Joust","floor":21,"gold_loss":50},{"damage_healed":0,"gold_gain":0,"cards_transformed":["Strike_B","Strike_B"],"player_choice":"Became Test Subject","damage_taken":0,"max_hp_gain":0,"max_hp_loss":0,"event_name":"Drug Dealer","floor":25,"gold_loss":0,"cards_obtained":["Storm","Fission"]},{"cards_removed":["Machine Learning"],"damage_healed":48,"gold_gain":0,"player_choice":"Offered Rare","damage_taken":0,"max_hp_gain":10,"max_hp_loss":0,"event_name":"Bonfire Elementals","floor":27,"gold_loss":0},{"damage_healed":0,"gold_gain":0,"player_choice":"Embrace Madness","damage_taken":13,"max_hp_gain":0,"max_hp_loss":0,"event_name":"Winding Halls","floor":36,"gold_loss":0,"cards_obtained":["Madness","Madness"]},{"cards_removed":["FTL"],"damage_healed":0,"gold_gain":0,"player_choice":"Removed Attack","damage_taken":0,"max_hp_gain":0,"max_hp_loss":0,"event_name":"Falling","floor":38,"gold_loss":0},{"cards_removed":["Strike_B"],"damage_healed":0,"gold_gain":0,"player_choice":"Purged","damage_taken":0,"max_hp_gain":0,"max_hp_loss":0,"event_name":"Purifier","floor":42,"gold_loss":0}],"is_beta":false,"boss_relics":[{"not_picked":["Snecko Eye","Runic Pyramid"],"picked":"Tiny House"},{"not_picked":["Coffee Dripper","SacredBark"],"picked":"Black Star"}],"items_purged_floors":[37],"is_endless":false,"potions_floor_spawned":[3,7,8,12,23,28,29,33,40,44,45],"killed_by":"Sphere and 2 Shapes","ascension_level":0}