{"gold_per_floor":[115,132,147,147,147,147,162,180,180,197,212,177,203,213,213,311,311,326,339,355,186,186],"floor_reached":22,"playtime":1923,"items_purged":["Strike_B"],"score":192,"play_id":"5beccc2d-c05d-4fe5-a688-7c257a016b17","local_time":"20210407041536","is_ascension_mode":false,"campfire_choices":[{"data":"Zap","floor":6,"key":"SMITH"},{"floor":15,"key":"REST"}],"neow_cost":"NONE","seed_source_timestamp":52028878362100,"circlet_count":0,"master_deck":["Strike_B","Strike_B","Strike_B","Defend_B","Defend_B","Defend_B","Defend_B","Zap+1","Dualcast","Cold Snap","Loop","Ball Lightning","Fusion","Glacier","Chaos","Leap","Capacitor","Tempest","Redo+1","Discovery"],"relics":["Cracked Core","Blood Vial"],"potions_floor_usage":[16,16],"damage_taken":[{"damage":1,"enemies":"Jaw Worm","floor":1,"turns":4},{"damage":2,"enemies":"Small Slimes","floor":2,"turns":3},{"damage":4,"enemies":"2 Louse","floor":3,"turns":3},{"damage":14,"enemies":"Lots of Slimes","floor":7,"turns":4},{"damage":0,"enemies":"Exordium Wildlife","floor":8,"turns":3},{"damage":8,"enemies":"Looter","floor":10,"turns":3},{"damage":9,"enemies":"Large Slime","floor":11,"turns":6},{"damage":25,"enemies":"Lagavulin","floor":13,"turns":6},{"damage":14,"enemies":"Gremlin Gang","floor":14,"turns":5},{"damage":51,"enemies":"Hexaghost","floor":16,"turns":12},{"damage":10,"enemies":"Shell Parasite","floor":18,"turns":8},{"damage":9,"enemies":"Chosen","floor":19,"turns":6},{"damage":41,"enemies":"Shelled Parasite and Fungi","floor":20,"turns":15},{"damage":24,"enemies":"Centurion and Healer","floor":22,"turns":9}],"seed_played":"7726474255028760402","potions_obtained":[{"floor":1,"key":"Energy Potion"},{"floor":7,"key":"Energy Potion"},{"floor":8,"key":"Energy Potion"},{"floor":11,"key":"Regen Potion"},{"floor":18,"key":"Energy Potion"}],"is_trial":false,"path_per_floor":["M","M","M","?","?","R","M","M","T","M","M","?","E","M","R","B",null,"M","M","M","$","M"],"character_chosen":"DEFECT","items_purchased":["Discovery"],"campfire_rested":1,"item_purchase_floors":[21],"current_hp_per_floor":[81,79,75,75,80,80,66,66,66,58,49,70,45,33,59,25,87,77,70,31,31,9],"gold":186,"neow_bonus":"TEN_PERCENT_HP_BONUS","is_prod":false,"is_daily":false,"chose_seed":false,"campfire_upgraded":1,"win_rate":0.0,"timestamp":1617783336,"path_taken":["M","M","M","?","?","R","M","M","T","M","M","?","E","M","R","BOSS","M","M","M","$","M"],"build_version":"2020-12-22","purchased_purges":1,"victory":false,"max_hp_per_floor":[82,82,82,82,87,87,87,87,87,87,87,87,87,87,87,87,87,87,87,87,87,87],"card_choices":[{"not_picked":["Auto Shields","Hologram"],"picked":"Cold Snap","floor":1},{"not_picked":["Beam Cell","Reprogram"],"picked":"Loop","floor":2},{"not_picked":["Compile Driver","Beam Cell","White Noise"],"picked":"SKIP","floor":3},{"not_picked":["Redo","Go for the Eyes"],"picked":"Ball Lightning","floor":7},{"not_picked":["Reboot","Aggregate"],"picked":"Fusion","floor":8},{"not_picked":["Hologram","Coolheaded"],"picked":"Glacier","floor":10},{"not_picked":["Rebound","Beam Cell"],"picked":"Chaos","floor":11},{"not_picked":["Steam Power","Consume"],"picked":"Leap","floor":13},{"not_picked":["Steam","Genetic Algorithm"],"picked":"Capacitor","floor":14},{"not_picked":["Sunder","Rip and Tear"],"picked":"Tempest","floor":18},{"not_picked":["Storm","Reprogram","Turbo"],"picked":"SKIP","floor":19},{"not_picked":["FTL","Blizzard"],"picked":"Redo+1","floor":20}],"player_experience":74039,"relics_obtained":[{"floor":13,"key":"Blood Vial"}],"event_choices":[{"damage_healed":0,"gold_gain":0,"player_choice":"Ignored","damage_taken":0,"max_hp_gain":0,"max_hp_loss":0,"event_name":"Liars Game","floor":4,"gold_loss":0},{"damage_healed":0,"gold_gain":0,"player_choice":"Donut","damage_taken":0,"max_hp_gain":5,"max_hp_loss":0,"event_name":"Big Fish","floor":5,"gold_loss":0},{"damage_healed":21,"gold_gain":0,"player_choice":"Healed","damage_taken":0,"max_hp_gain":0,"max_hp_loss":0,"event_name":"The Cleric","floor":12,"gold_loss":35}],"is_beta":false,"boss_relics":[{"not_picked":["Snecko Eye","Cursed Key","Velvet Choker"]}],"items_purged_floors":[21],"is_endless":false,"potions_floor_spawned":[1,7,8,11,18],"killed_by":"Centurion and Healer","ascension_level":0}