{"gold_per_floor":[111,122,222,232,244,244,269,295,295,309,323,342,342,411,411,510,510,525,538,555,655,667,667,698,698,745,762,781,793,793,793],"floor_reached":31,"playtime":1726,"items_purged":[],"score":263,"play_id":"6d021a68-d4b4-486d-93d9-956305b9f5a7","local_time":"20210406225727","is_ascension_mode":false,"campfire_choices":[{"data":"Streamline","floor":6,"key":"SMITH"},{"data":"Streamline","floor":13,"key":"SMITH"},{"floor":15,"key":"REST"},{"floor":23,"key":"REST"},{"data":"Rip and Tear","floor":25,"key":"SMITH"}],"neow_cost":"NONE","seed_source_timestamp":33137836371600,"circlet_count":0,"master_deck":["Strike_B","Strike_B","Strike_B+1","Defend_B","Defend_B","Defend_B","Zap","Dualcast","Streamline+1","Conserve Battery","Coolheaded","Rebound+1","Glacier","Stack","Beam Cell","Streamline+1","Echo Form","Beam Cell","Sunder","Barrage","Rip and Tear+1","Loop+1","Rebound","Sweeping Beam","Storm","Reboot"],"relics":["Cracked Core","Happy Flower","Nunchaku","HornCleat","Black Star","Tiny Chest","Whetstone","Boot"],"potions_floor_usage":[16,24,27,28,28,28,29,31],"damage_taken":[{"damage":0,"enemies":"Small Slimes","floor":1,"turns":2},{"damage":6,"enemies":"Cultist","floor":2,"turns":3},{"damage":5,"enemies":"2 Louse","floor":4,"turns":3},{"damage":1,"enemies":"Red Slaver","floor":5,"turns":4},{"damage":3,"enemies":"Gremlin Nob","floor":8,"turns":3},{"damage":7,"enemies":"Blue Slaver","floor":10,"turns":3},{"damage":14,"enemies":"Gremlin Gang","floor":11,"turns":5},{"damage":1,"enemies":"Looter","floor":12,"turns":2},{"damage":11,"enemies":"Slime Boss","floor":16,"turns":9},{"damage":4,"enemies":"Spheric Guardian","floor":18,"turns":4},{"damage":8,"enemies":"Chosen","floor":19,"turns":3},{"damage":28,"enemies":"3 Cultists","floor":20,"turns":7},{"damage":13,"enemies":"Centurion and Healer","floor":22,"turns":5},{"damage":9,"enemies":"Slavers","floor":24,"turns":5},{"damage":0,"enemies":"Snecko","floor":27,"turns":3},{"damage":25,"enemies":"Chosen and Byrds","floor":28,"turns":5},{"damage":8,"enemies":"Cultist and Chosen","floor":29,"turns":8},{"damage":6,"enemies":"3 Cultists","floor":31,"turns":3}],"seed_played":"3406592398126349383","potions_obtained":[{"floor":2,"key":"SneckoOil"},{"floor":4,"key":"BlessingOfTheForge"},{"floor":12,"key":"BlessingOfTheForge"},{"floor":16,"key":"Ancient Potion"},{"floor":22,"key":"EntropicBrew"},{"floor":24,"key":"Ancient Potion"},{"floor":29,"key":"PowerPotion"}],"is_trial":false,"path_per_floor":["M","M","?","M","M","R","T","E","T","M","M","M","R","?","R","B",null,"M","M","M","?","M","R","E","R","T","M","M","M","?","M"],"character_chosen":"DEFECT","items_purchased":[],"campfire_rested":2,"item_purchase_floors":[],"current_hp_per_floor":[75,69,69,64,63,63,63,60,60,53,39,38,38,38,60,49,75,71,63,35,35,22,44,35,35,35,35,10,2,2,0],"gold":793,"neow_bonus":"REMOVE_CARD","is_prod":false,"is_daily":false,"chose_seed":false,"campfire_upgraded":3,"win_rate":0.0,"timestamp":1617764247,"path_taken":["M","M","?","?","M","R","?","E","T","M","M","M","R","?","R","BOSS","M","M","M","?","M","R","E","R","T","?","M","M","?","M"],"build_version":"2020-12-22","purchased_purges":0,"victory":false,"max_hp_per_floor":[75,75,75,75,75,75,75,75,75,75,75,75,75,75,75,75,75,75,75,75,75,75,75,75,75,75,75,75,75,75,75],"card_choices":[{"not_picked":["Stack","Force Field"],"picked":"Streamline","floor":1},{"not_picked":["Leap","Coolheaded"],"picked":"Conserve Battery","floor":2},{"not_picked":["Turbo","Go for the Eyes"],"picked":"Coolheaded","floor":4},{"not_picked":["Coolheaded","Storm"],"picked":"Rebound","floor":5},{"not_picked":["Heatsinks","Barrage"],"picked":"Glacier","floor":8},{"not_picked":["Cold Snap","Redo"],"picked":"Stack","floor":10},{"not_picked":["Hyperbeam","Barrage"],"picked":"Beam Cell","floor":11},{"not_picked":["Static Discharge","Defragment"],"picked":"Streamline","floor":12},{"not_picked":["Meteor Strike","Hyperbeam"],"picked":"Echo Form","floor":16},{"not_picked":["Coolheaded","Scrape"],"picked":"Beam Cell","floor":18},{"not_picked":["Coolheaded","Steam"],"picked":"Sunder","floor":19},{"not_picked":["Steam","Storm+1"],"picked":"Barrage","floor":20},{"not_picked":["Beam Cell","Cold Snap"],"picked":"Rip and Tear","floor":22},{"not_picked":["Fusion","White Noise"],"picked":"Loop+1","floor":24},{"not_picked":["Gash+1","Steam+1"],"picked":"Rebound","floor":27},{"not_picked":["Conserve Battery","Gash"],"picked":"Sweeping Beam","floor":28},{"not_picked":["Compile Driver+1","Lockon"],"picked":"Storm","floor":29}],"player_experience":57960,"relics_obtained":[{"floor":7,"key":"Happy Flower"},{"floor":8,"key":"Nunchaku"},{"floor":9,"key":"HornCleat"},{"floor":24,"key":"Tiny Chest"},{"floor":24,"key":"Whetstone"},{"floor":26,"key":"Boot"}],"event_choices":[{"damage_healed":0,"gold_gain":100,"player_choice":"Pray","damage_taken":0,"max_hp_gain":0,"max_hp_loss":0,"event_name":"Golden Shrine","floor":3,"gold_loss":0},{"damage_healed":0,"gold_gain":69,"player_choice":"Gained Gold","damage_taken":0,"max_hp_gain":0,"max_hp_loss":0,"event_name":"Golden Wing","floor":14,"gold_loss":0},{"damage_healed":0,"gold_gain":100,"player_choice":"Pray","damage_taken":0,"max_hp_gain":0,"max_hp_loss":0,"event_name":"Golden Shrine","floor":21,"gold_loss":0},{"damage_healed":0,"gold_gain":0,"cards_transformed":["Strike_B"],"player_choice":"Transformed","damage_taken":0,"max_hp_gain":0,"max_hp_loss":0,"event_name":"Transmorgrifier","floor":30,"gold_loss":0,"cards_obtained":["Reboot"]}],"is_beta":false,"boss_relics":[{"not_picked":["Calling Bell","Runic Pyramid"],"picked":"Black Star"}],"items_purged_floors":[],"is_endless":false,"potions_floor_spawned":[2,4,12,16,22,24,29],"killed_by":"3 Cultists","ascension_level":0}