{"gold_per_floor":[109,126,146,56,71,71,71,71,71,83,97,172,172,272,272,370,420,433,446,446,371,387,420,420,335,335,346,167,177,177,177,177,274,274,285,285,299,152,202,202],"floor_reached":40,"playtime":2528,"items_purged":[],"score":421,"play_id":"043ed254-fa59-4235-b1f8-0ee8f18324b4","local_time":"20210407021711","is_ascension_mode":false,"campfire_choices":[{"data":"Bandage Up","floor":6,"key":"SMITH"},{"data":"Fusion","floor":8,"key":"SMITH"},{"data":"Electrodynamics","floor":13,"key":"SMITH"},{"data":"Hologram","floor":15,"key":"SMITH"},{"floor":24,"key":"REST"},{"floor":30,"key":"REST"},{"floor":32,"key":"REST"}],"neow_cost":"NONE","seed_source_timestamp":44317919085500,"circlet_count":0,"master_deck":["Strike_B+1","Strike_B+1","Strike_B+1","Strike_B+1","Defend_B+1","Defend_B+1","Defend_B+1","Zap+1","Dualcast","Lockon","Fusion+1","Conserve Battery","Bandage Up+1","Hologram+1","Conserve Battery","Electrodynamics+1","Thunder Strike","Rebound","Static Discharge","Ball Lightning","Leap+1","Rip and Tear+1","Apotheosis","Seek","Good Instincts","Mayhem","Defragment+1"],"relics":["Cracked Core","InkBottle","Tiny House","Sundial","Gambling Chip","Bottled Lightning","Inserter","Strawberry","TungstenRod"],"potions_floor_usage":[16,16,16,16,16,16,23,23,33,33,39],"damage_taken":[{"damage":1,"enemies":"Cultist","floor":1,"turns":3},{"damage":2,"enemies":"2 Louse","floor":2,"turns":2},{"damage":0,"enemies":"Small Slimes","floor":3,"turns":2},{"damage":4,"enemies":"Red Slaver","floor":5,"turns":4},{"damage":4,"enemies":"Blue Slaver","floor":10,"turns":4},{"damage":7,"enemies":"Looter","floor":11,"turns":3},{"damage":7,"enemies":"Hexaghost","floor":16,"turns":6},{"damage":31,"enemies":"2 Thieves","floor":18,"turns":4},{"damage":16,"enemies":"Chosen","floor":19,"turns":5},{"damage":3,"enemies":"Snecko","floor":22,"turns":3},{"damage":35,"enemies":"Book of Stabbing","floor":23,"turns":5},{"damage":12,"enemies":"Centurion and Healer","floor":27,"turns":5},{"damage":21,"enemies":"Shelled Parasite and Fungi","floor":29,"turns":5},{"damage":64,"enemies":"Champ","floor":33,"turns":12},{"damage":16,"enemies":"3 Shapes","floor":35,"turns":4},{"damage":37,"enemies":"3 Darklings","floor":37,"turns":3},{"damage":16,"enemies":"Mind Bloom Boss Battle","floor":39,"turns":6},{"damage":40,"enemies":"Reptomancer","floor":40,"turns":3}],"seed_played":"-2067493497601999197","potions_obtained":[{"floor":1,"key":"EntropicBrew"},{"floor":5,"key":"CultistPotion"},{"floor":10,"key":"Explosive Potion"},{"floor":17,"key":"Strength Potion"},{"floor":19,"key":"SpeedPotion"},{"floor":23,"key":"Fruit Juice"},{"floor":29,"key":"Fire Potion"},{"floor":37,"key":"EssenceOfSteel"}],"is_trial":false,"path_per_floor":["M","M","M","$","M","R","$","R","T","M","M","?","R","?","R","B",null,"M","M","?","?","M","E","R","?","T","M","$","M","R","?","R","B",null,"M","?","M","$","?","E"],"character_chosen":"DEFECT","items_purchased":["Bandage Up","Apotheosis","Strawberry"],"campfire_rested":3,"item_purchase_floors":[4,28,38],"current_hp_per_floor":[74,72,72,72,71,71,71,71,71,67,66,55,55,55,55,54,80,49,39,39,39,42,18,43,43,43,37,37,22,47,47,72,14,85,69,64,33,40,30,0],"gold":202,"neow_bonus":"UPGRADE_CARD","is_prod":false,"is_daily":false,"chose_seed":false,"campfire_upgraded":4,"win_rate":0.0,"timestamp":1617776231,"path_taken":["M","M","M","$","M","R","?","R","T","M","M","?","R","?","R","BOSS","M","M","?","?","M","E","R","?","T","M","$","M","R","?","R","BOSS","M","?","M","$","?","E"],"build_version":"2020-12-22","purchased_purges":0,"victory":false,"max_hp_per_floor":[75,75,75,75,75,75,75,75,75,75,75,75,75,75,75,75,80,80,80,80,80,80,85,85,85,85,85,85,85,85,85,85,85,85,85,85,85,92,92,92],"card_choices":[{"not_picked":["Ball Lightning","Cold Snap"],"picked":"Lockon","floor":1},{"not_picked":["Ball Lightning","Compile Driver"],"picked":"Fusion","floor":2},{"not_picked":["Capacitor","Redo"],"picked":"Conserve Battery","floor":3},{"not_picked":["Beam Cell","Capacitor"],"picked":"Hologram","floor":5},{"not_picked":["Stack","Redo"],"picked":"Conserve Battery","floor":10},{"not_picked":["Ball Lightning","Fusion"],"picked":"Electrodynamics","floor":11},{"not_picked":["Electrodynamics","Core Surge"],"picked":"Thunder Strike","floor":16},{"not_picked":["Coolheaded","Turbo"],"picked":"Rebound","floor":17},{"not_picked":["Cold Snap+1","Scrape+1","Gash"],"picked":"SKIP","floor":18},{"not_picked":["Streamline","Compile Driver"],"picked":"Static Discharge","floor":19},{"not_picked":["Chaos","Melter"],"picked":"Ball Lightning","floor":22},{"not_picked":["Lockon","Steam"],"picked":"Leap+1","floor":23},{"not_picked":["Redo","Coolheaded"],"picked":"Rip and Tear+1","floor":27},{"not_picked":["Melter","Blizzard","Turbo"],"picked":"SKIP","floor":29},{"not_picked":["Multi-Cast","Hyperbeam"],"picked":"Seek","floor":33},{"not_picked":["Chaos+1","Coolheaded+1","Storm"],"picked":"SKIP","floor":35},{"not_picked":["Thinking Ahead","Purity"],"picked":"Good Instincts","floor":36},{"not_picked":["Apotheosis","Dramatic Entrance"],"picked":"Mayhem","floor":36},{"not_picked":["Ball Lightning","BootSequence"],"picked":"Defragment+1","floor":37}],"player_experience":69040,"relics_obtained":[{"floor":9,"key":"InkBottle"},{"floor":23,"key":"Sundial"},{"floor":26,"key":"Bottled Lightning"},{"floor":39,"key":"TungstenRod"}],"event_choices":[{"damage_healed":0,"gold_gain":75,"player_choice":"Gather Gold","damage_taken":11,"max_hp_gain":0,"max_hp_loss":0,"event_name":"World of Goop","floor":12,"gold_loss":0},{"damage_healed":0,"gold_gain":100,"player_choice":"Pray","damage_taken":0,"max_hp_gain":0,"max_hp_loss":0,"event_name":"Golden Shrine","floor":14,"gold_loss":0},{"damage_healed":0,"gold_gain":0,"player_choice":"Ignored","damage_taken":0,"max_hp_gain":0,"max_hp_loss":0,"event_name":"The Mausoleum","floor":20,"gold_loss":0},{"cards_removed":["Defend_B"],"damage_healed":0,"gold_gain":0,"player_choice":"Gave Gold","damage_taken":0,"max_hp_gain":0,"max_hp_loss":0,"event_name":"Beggar","floor":21,"gold_loss":75},{"damage_healed":0,"gold_gain":0,"player_choice":"Obtained Relic","damage_taken":0,"relics_obtained":["Gambling Chip"],"max_hp_gain":0,"max_hp_loss":0,"event_name":"Addict","floor":25,"gold_loss":85},{"damage_healed":0,"gold_gain":0,"player_choice":"Simplicity","damage_taken":0,"max_hp_gain":0,"max_hp_loss":0,"event_name":"Back to Basics","floor":31,"gold_loss":0,"cards_upgraded":["Strike_B","Strike_B","Strike_B","Strike_B","Defend_B","Defend_B"]},{"damage_healed":0,"gold_gain":0,"player_choice":"Memory 2","damage_taken":5,"max_hp_gain":0,"max_hp_loss":0,"event_name":"SensoryStone","floor":36,"gold_loss":0},{"damage_healed":0,"gold_gain":0,"player_choice":"Fight","damage_taken":0,"max_hp_gain":0,"max_hp_loss":0,"event_name":"MindBloom","floor":39,"gold_loss":0}],"is_beta":false,"boss_relics":[{"not_picked":["Busted Crown","Cursed Key"],"picked":"Tiny House"},{"not_picked":["SlaversCollar","SacredBark"],"picked":"Inserter"}],"items_purged_floors":[],"is_endless":false,"potions_floor_spawned":[1,5,10,11,19,23,29,37],"killed_by":"Reptomancer","ascension_level":0}