{"gold_per_floor":[109,34,50,50,66,66,79,79,105,125,125,138,158,158,158,260,260,271,271,36,56,56,87,100,100,126,126,145,244,244,244,244,346,346,356,372,372],"floor_reached":37,"playtime":2191,"items_purged":["Strike_B"],"score":381,"play_id":"ce350165-28d3-4bad-b548-5eaa1e5601b7","local_time":"20210407013451","is_ascension_mode":false,"campfire_choices":[{"data":"Defend_B","floor":6,"key":"SMITH"},{"data":"Zap","floor":8,"key":"SMITH"},{"data":"Electrodynamics","floor":11,"key":"SMITH"},{"data":"Leap","floor":15,"key":"SMITH"},{"floor":25,"key":"REST"},{"floor":27,"key":"REST"},{"floor":32,"key":"REST"}],"neow_cost":"NONE","seed_source_timestamp":42116761854900,"circlet_count":0,"master_deck":["Strike_B","Strike_B","Defend_B","Defend_B","Defend_B+1","Zap+1","Dualcast","Electrodynamics+1","Conserve Battery","Sweeping Beam","Barrage","Auto Shields","Beam Cell","Leap+1","Leap","Good Instincts","Rebound","Hologram","Static Discharge+1","Steam","Buffer","Hologram+1","Conserve Battery+1"],"relics":["Cracked Core","Pen Nib","Empty Cage","Runic Capacitor","Toy Ornithopter","Smiling Mask","Inserter"],"potions_floor_usage":[16,33],"damage_taken":[{"damage":1,"enemies":"2 Louse","floor":1,"turns":2},{"damage":0,"enemies":"Small Slimes","floor":3,"turns":3},{"damage":1,"enemies":"Cultist","floor":5,"turns":3},{"damage":3,"enemies":"Exordium Thugs","floor":7,"turns":4},{"damage":11,"enemies":"Exordium Wildlife","floor":10,"turns":4},{"damage":0,"enemies":"2 Fungi Beasts","floor":12,"turns":2},{"damage":0,"enemies":"Large Slime","floor":13,"turns":3},{"damage":23,"enemies":"Slime Boss","floor":16,"turns":8},{"damage":4,"enemies":"Shell Parasite","floor":18,"turns":6},{"damage":11,"enemies":"Chosen","floor":21,"turns":5},{"damage":21,"enemies":"Slavers","floor":23,"turns":4},{"damage":28,"enemies":"Sentry and Sphere","floor":24,"turns":6},{"damage":10,"enemies":"Chosen and Byrds","floor":28,"turns":6},{"damage":53,"enemies":"Automaton","floor":33,"turns":8},{"damage":16,"enemies":"3 Shapes","floor":35,"turns":2},{"damage":16,"enemies":"Orb Walker","floor":36,"turns":6},{"damage":49,"enemies":"Sphere and 2 Shapes","floor":37,"turns":7}],"seed_played":"-1757125834303301839","potions_obtained":[{"floor":1,"key":"SpeedPotion"},{"floor":3,"key":"Explosive Potion"},{"floor":5,"key":"DuplicationPotion"},{"floor":23,"key":"SkillPotion"},{"floor":28,"key":"DuplicationPotion"},{"floor":33,"key":"Strength Potion"}],"is_trial":false,"path_per_floor":["M","$","M","$","M","R","M","R","T","M","R","M","M","?","R","B",null,"M","?","$","M","?","E","M","R","T","R","M","?","?","?","R","B",null,"M","M","M"],"character_chosen":"DEFECT","items_purchased":["Runic Capacitor","Good Instincts"],"campfire_rested":3,"item_purchase_floors":[20,20],"current_hp_per_floor":[74,74,74,74,73,73,70,70,70,59,59,59,59,59,59,36,75,71,71,71,60,60,39,11,33,33,55,45,45,31,31,55,7,80,64,48,0],"gold":372,"neow_bonus":"ONE_RANDOM_RARE_CARD","is_prod":false,"is_daily":false,"chose_seed":false,"campfire_upgraded":4,"win_rate":0.0,"timestamp":1617773691,"path_taken":["M","$","M","$","M","R","M","R","T","M","R","M","M","?","R","BOSS","M","?","$","M","?","E","M","R","T","R","M","?","?","?","R","BOSS","M","M","M"],"build_version":"2020-12-22","purchased_purges":1,"victory":false,"max_hp_per_floor":[75,75,75,75,75,75,75,75,75,75,75,75,75,75,75,75,75,75,75,75,75,75,75,75,75,75,75,75,75,80,80,80,80,80,80,80,80],"card_choices":[{"not_picked":["Sunder","Melter"],"picked":"Conserve Battery","floor":1},{"not_picked":["White Noise","Conserve Battery"],"picked":"Sweeping Beam","floor":3},{"not_picked":["Steam Power","Hologram"],"picked":"Barrage","floor":5},{"not_picked":["Gash","Conserve Battery"],"picked":"Auto Shields","floor":7},{"not_picked":["Force Field","Undo"],"picked":"Beam Cell","floor":10},{"not_picked":["Ball Lightning","Compile Driver"],"picked":"Leap","floor":12},{"not_picked":["Turbo","Electrodynamics"],"picked":"Leap","floor":13},{"not_picked":["Genetic Algorithm","Stack","Coolheaded"],"picked":"SKIP","floor":18},{"not_picked":["Steam","Turbo"],"picked":"Rebound","floor":21},{"not_picked":["Sweeping Beam","Gash+1"],"picked":"Hologram","floor":23},{"not_picked":["Rainbow","Capacitor"],"picked":"Static Discharge+1","floor":24},{"not_picked":["Ball Lightning","Barrage"],"picked":"Steam","floor":28},{"not_picked":["Machine Learning","Meteor Strike"],"picked":"Buffer","floor":33},{"not_picked":["Stack+1","Lockon+1"],"picked":"Hologram+1","floor":35},{"not_picked":["Genetic Algorithm+1","Double Energy+1"],"picked":"Conserve Battery+1","floor":36}],"player_experience":66849,"relics_obtained":[{"floor":9,"key":"Pen Nib"},{"floor":23,"key":"Toy Ornithopter"},{"floor":26,"key":"Smiling Mask"}],"event_choices":[{"damage_healed":0,"gold_gain":0,"player_choice":"Ignored","damage_taken":0,"max_hp_gain":0,"max_hp_loss":0,"event_name":"Liars Game","floor":14,"gold_loss":0},{"damage_healed":0,"gold_gain":0,"player_choice":"Ignored","damage_taken":0,"max_hp_gain":0,"max_hp_loss":0,"event_name":"Ghosts","floor":19,"gold_loss":0},{"damage_healed":0,"gold_gain":99,"player_choice":"Stole From Cult","damage_taken":0,"max_hp_gain":0,"max_hp_loss":0,"event_name":"Nest","floor":29,"gold_loss":0},{"damage_healed":0,"gold_gain":0,"player_choice":"Shed Blood","damage_taken":19,"max_hp_gain":5,"max_hp_loss":0,"event_name":"Forgotten Altar","floor":30,"gold_loss":0},{"damage_healed":0,"gold_gain":0,"player_choice":"Ignored","damage_taken":0,"max_hp_gain":0,"max_hp_loss":0,"event_name":"Vampires","floor":31,"gold_loss":0}],"is_beta":false,"boss_relics":[{"not_picked":["Cursed Key","Busted Crown"],"picked":"Empty Cage"},{"not_picked":["Black Star","SacredBark"],"picked":"Inserter"}],"items_purged_floors":[2],"is_endless":false,"potions_floor_spawned":[1,3,5,7,23,24,28,33],"killed_by":"Sphere and 2 Shapes","ascension_level":0}