{"gold_per_floor":[111,111,128,147,64,64,77,77,77,77,104,131,143,188,200,309,371,399,2,16,34,44,44,62,62,109,125,144,16,34,46,46,150,150,165,185,185,199,199,199,199],"floor_reached":41,"playtime":3501,"items_purged":["Defend_B"],"score":474,"play_id":"4b5c8ce3-1f95-4833-b212-f070cb9de37d","local_time":"20210406194434","is_ascension_mode":false,"campfire_choices":[{"data":"Defragment","floor":6,"key":"SMITH"},{"data":"Capacitor","floor":8,"key":"SMITH"},{"floor":15,"key":"REST"},{"data":"Defragment","floor":23,"key":"SMITH"},{"data":"Echo Form","floor":25,"key":"SMITH"},{"data":"Loop","floor":32,"key":"SMITH"},{"floor":40,"key":"REST"}],"neow_cost":"NONE","seed_source_timestamp":19788706059800,"circlet_count":0,"master_deck":["Strike_B+1","Strike_B+1","Strike_B","Defend_B","Defend_B+1","Zap","Dualcast","Capacitor+1","Coolheaded","Defragment+1","Force Field","Coolheaded","Glacier","Hologram+1","Electrodynamics","Echo Form+1","Conserve Battery+1","Ball Lightning","Rebound","Defragment+1","Leap+1","Chaos+1","Auto Shields+1","Double Energy+1","Loop+1","Leap+1","Melter","Barrage+1","Amplify+1","Redo+1","Rebound+1","Blind+1","Deep Breath+1","Fusion+1","Defragment+1"],"relics":["Cracked Core","Potion Belt","Toxic Egg 2","MawBank","Whetstone","Tiny House","Gambling Chip","Vajra","Black Star"],"potions_floor_usage":[16,27,30],"damage_taken":[{"damage":6,"enemies":"Small Slimes","floor":1,"turns":3},{"damage":4,"enemies":"Jaw Worm","floor":3,"turns":4},{"damage":0,"enemies":"Cultist","floor":4,"turns":5},{"damage":0,"enemies":"Large Slime","floor":7,"turns":6},{"damage":1,"enemies":"Exordium Wildlife","floor":12,"turns":4},{"damage":14,"enemies":"3 Sentries","floor":14,"turns":12},{"damage":11,"enemies":"Slime Boss","floor":16,"turns":10},{"damage":18,"enemies":"Chosen","floor":18,"turns":8},{"damage":4,"enemies":"3 Byrds","floor":20,"turns":6},{"damage":5,"enemies":"Snecko","floor":21,"turns":6},{"damage":2,"enemies":"Chosen and Byrds","floor":22,"turns":8},{"damage":7,"enemies":"Shelled Parasite and Fungi","floor":24,"turns":6},{"damage":6,"enemies":"Snake Plant","floor":27,"turns":8},{"damage":1,"enemies":"Centurion and Healer","floor":28,"turns":6},{"damage":10,"enemies":"Cultist and Chosen","floor":30,"turns":7},{"damage":0,"enemies":"Snecko","floor":31,"turns":7},{"damage":16,"enemies":"Collector","floor":33,"turns":9},{"damage":7,"enemies":"3 Shapes","floor":35,"turns":6},{"damage":25,"enemies":"Orb Walker","floor":36,"turns":5},{"damage":13,"enemies":"Maw","floor":38,"turns":10},{"damage":80,"enemies":"4 Shapes","floor":41,"turns":3}],"seed_played":"1301374426672463101","potions_obtained":[{"floor":1,"key":"Swift Potion"},{"floor":3,"key":"Weak Potion"},{"floor":14,"key":"DuplicationPotion"},{"floor":17,"key":"Fruit Juice"},{"floor":20,"key":"Energy Potion"},{"floor":21,"key":"FocusPotion"}],"is_trial":false,"path_per_floor":["M","?","M","M","$","R","M","R","T","?","T","M","?","E","R","B",null,"M","$","M","M","M","R","M","R","T","M","M","$","M","M","R","B",null,"M","M","?","M","?","R","M"],"character_chosen":"DEFECT","items_purchased":["Force Field","Coolheaded","Gambling Chip","Rebound","Leap+1","Regen Potion"],"campfire_rested":2,"item_purchase_floors":[5,5,19,19,29,29],"current_hp_per_floor":[69,62,58,58,58,58,58,58,58,46,46,45,50,36,60,49,85,67,67,63,58,56,56,49,49,49,48,47,47,52,52,52,36,90,83,58,53,40,40,67,0],"gold":199,"neow_bonus":"REMOVE_CARD","is_prod":false,"is_daily":false,"chose_seed":false,"campfire_upgraded":5,"win_rate":0.0,"timestamp":1617752674,"path_taken":["M","?","M","M","$","R","M","R","T","?","?","?","?","E","R","BOSS","M","$","M","M","M","R","M","R","T","M","M","$","M","M","R","BOSS","M","M","?","M","?","R","?"],"build_version":"2020-12-22","purchased_purges":1,"victory":false,"max_hp_per_floor":[75,75,75,75,75,75,75,75,75,75,75,75,80,80,80,80,85,85,85,85,85,85,85,85,85,85,90,90,90,90,90,90,90,90,90,90,90,90,90,90,90],"card_choices":[{"not_picked":["Lockon","Go for the Eyes"],"picked":"Capacitor","floor":1},{"not_picked":["Tempest","Barrage"],"picked":"Coolheaded","floor":3},{"not_picked":["Go for the Eyes","Steam Power"],"picked":"Defragment","floor":4},{"not_picked":["Leap","Self Repair"],"picked":"Glacier","floor":7},{"not_picked":["Beam Cell","Lockon"],"picked":"Hologram+1","floor":12},{"not_picked":["Rainbow+1","Buffer"],"picked":"Electrodynamics","floor":14},{"not_picked":["Creative AI","Multi-Cast+1"],"picked":"Echo Form","floor":16},{"not_picked":["Skim+1","Undo+1"],"picked":"Conserve Battery+1","floor":17},{"not_picked":["Coolheaded+1","Steam+1"],"picked":"Ball Lightning","floor":18},{"not_picked":["Cold Snap","Scrape"],"picked":"Defragment","floor":20},{"not_picked":["Hello World+1","Sweeping Beam"],"picked":"Leap+1","floor":21},{"not_picked":["Self Repair","All For One"],"picked":"Chaos+1","floor":22},{"not_picked":["Hologram+1","Cold Snap"],"picked":"Auto Shields+1","floor":24},{"not_picked":["Blizzard+1","Glacier+1"],"picked":"Double Energy+1","floor":27},{"not_picked":["Turbo+1","Barrage"],"picked":"Loop","floor":28},{"not_picked":["Ball Lightning","Skim+1"],"picked":"Melter","floor":30},{"not_picked":["Auto Shields+1","Sunder"],"picked":"Barrage+1","floor":31},{"not_picked":["Seek+1","Fission+1"],"picked":"Amplify+1","floor":33},{"not_picked":["Sweeping Beam","Ball Lightning+1"],"picked":"Redo+1","floor":35},{"not_picked":["Streamline","Cold Snap"],"picked":"Rebound+1","floor":36},{"not_picked":["Mind Blast","HandOfGreed"],"picked":"Blind+1","floor":37},{"not_picked":["Impatience+1","Mind Blast"],"picked":"Deep Breath+1","floor":37},{"not_picked":["Compile Driver+1","Heatsinks+1"],"picked":"Fusion+1","floor":38}],"player_experience":45189,"relics_obtained":[{"floor":9,"key":"Potion Belt"},{"floor":11,"key":"MawBank"},{"floor":14,"key":"Whetstone"},{"floor":26,"key":"Vajra"}],"event_choices":[{"cards_removed":["Strike_B"],"damage_healed":0,"gold_gain":0,"player_choice":"Card Removal","damage_taken":7,"max_hp_gain":0,"max_hp_loss":0,"event_name":"Golden Wing","floor":2,"gold_loss":0},{"damage_healed":0,"gold_gain":0,"player_choice":"Success","damage_taken":12,"relics_obtained":["Toxic Egg 2"],"max_hp_gain":0,"max_hp_loss":0,"event_name":"Scrap Ooze","floor":10,"gold_loss":0},{"damage_healed":0,"gold_gain":0,"player_choice":"Donut","damage_taken":0,"max_hp_gain":5,"max_hp_loss":0,"event_name":"Big Fish","floor":13,"gold_loss":0},{"damage_healed":0,"gold_gain":0,"player_choice":"Memory 2","damage_taken":5,"max_hp_gain":0,"max_hp_loss":0,"event_name":"SensoryStone","floor":37,"gold_loss":0},{"damage_healed":0,"gold_gain":0,"player_choice":"Copied","damage_taken":0,"max_hp_gain":0,"max_hp_loss":0,"event_name":"Duplicator","floor":39,"gold_loss":0,"cards_obtained":["Defragment"]}],"is_beta":false,"boss_relics":[{"not_picked":["Empty Cage","SlaversCollar"],"picked":"Tiny House"},{"not_picked":["Busted Crown","Runic Dome"],"picked":"Black Star"}],"items_purged_floors":[19],"is_endless":false,"potions_floor_spawned":[1,3,14,20,21,22,24],"killed_by":"4 Shapes","ascension_level":0}