{"gold_per_floor":[114,176,186,201,201,201,218,240,240,240,255,255,288,301,301,405,405,395,494,115,130,143,143,161,161,161,76,108,108,124,139,139,238,238,251,262,282,282,282,282,282,282,282,293,46,46,46,46,46,46],"floor_reached":51,"playtime":2657,"items_purged":["Strike_B","Defend_B"],"score":669,"play_id":"4f162542-d750-44cb-84ee-51c2717f7dfe","local_time":"20210407121205","is_ascension_mode":false,"campfire_choices":[{"data":"Sunder","floor":6,"key":"SMITH"},{"data":"Loop","floor":10,"key":"SMITH"},{"data":"Steam","floor":12,"key":"SMITH"},{"floor":15,"key":"REST"},{"floor":23,"key":"REST"},{"data":"Defragment","floor":25,"key":"SMITH"},{"floor":32,"key":"DIG"},{"data":"Defend_B","floor":40,"key":"SMITH"},{"floor":42,"key":"DIG"},{"floor":47,"key":"REST"},{"data":"Zap","floor":49,"key":"SMITH"}],"neow_cost":"NONE","seed_source_timestamp":79874575991200,"circlet_count":0,"master_deck":["Defend_B","Defend_B+1","Zap+1","Dualcast","Loop+1","Sunder+1","Cold Snap","Ball Lightning","Steam+1","FTL","Beam Cell","Defragment+1","Rainbow+1","Sweeping Beam+1","Redo+1","Go for the Eyes","Ball Lightning","Fusion+1","Conserve Battery+1","Hologram+1","Leap+1","White Noise+1","Barrage+1","Go for the Eyes","Seek+1","Darkness+1","Force Field+1","Meteor Strike+1","Redo+1","Reinforced Body+1","Reinforced Body+1","Apotheosis+1","Redo+1"],"relics":["Cracked Core","Odd Mushroom","Regal Pillow","Toxic Egg 2","SlaversCollar","DataDisk","Shovel","Blood Vial","Dream Catcher","Astrolabe","Lantern","Pocketwatch","TheAbacus"],"potions_floor_usage":[11,21,22,33,48,50,50],"damage_taken":[{"damage":8,"enemies":"Jaw Worm","floor":1,"turns":3},{"damage":0,"enemies":"Small Slimes","floor":3,"turns":2},{"damage":4,"enemies":"2 Louse","floor":4,"turns":2},{"damage":10,"enemies":"Looter","floor":7,"turns":2},{"damage":19,"enemies":"The Mushroom Lair","floor":8,"turns":3},{"damage":0,"enemies":"2 Fungi Beasts","floor":11,"turns":2},{"damage":1,"enemies":"3 Sentries","floor":13,"turns":6},{"damage":14,"enemies":"Exordium Wildlife","floor":14,"turns":3},{"damage":32,"enemies":"Hexaghost","floor":16,"turns":8},{"damage":30,"enemies":"2 Thieves","floor":18,"turns":4},{"damage":14,"enemies":"3 Byrds","floor":21,"turns":5},{"damage":4,"enemies":"Snecko","floor":22,"turns":4},{"damage":4,"enemies":"Sentry and Sphere","floor":24,"turns":4},{"damage":7,"enemies":"Book of Stabbing","floor":28,"turns":5},{"damage":6,"enemies":"Centurion and Healer","floor":30,"turns":6},{"damage":14,"enemies":"Shelled Parasite and Fungi","floor":31,"turns":5},{"damage":26,"enemies":"Collector","floor":33,"turns":10},{"damage":23,"enemies":"3 Darklings","floor":35,"turns":6},{"damage":3,"enemies":"3 Shapes","floor":36,"turns":5},{"damage":11,"enemies":"Spire Growth","floor":37,"turns":6},{"damage":15,"enemies":"Maw","floor":44,"turns":7},{"damage":20,"enemies":"Jaw Worm Horde","floor":48,"turns":3},{"damage":56,"enemies":"Awakened One","floor":50,"turns":17}],"seed_played":"-4934851255622887860","potions_obtained":[{"floor":1,"key":"Fire Potion"},{"floor":7,"key":"Block Potion"},{"floor":11,"key":"Fruit Juice"},{"floor":18,"key":"SmokeBomb"},{"floor":21,"key":"DuplicationPotion"},{"floor":24,"key":"LiquidBronze"},{"floor":33,"key":"BlessingOfTheForge"},{"floor":37,"key":"SkillPotion"}],"is_trial":false,"path_per_floor":["M","?","M","M","?","R","M","?","T","R","M","R","E","M","R","B",null,"M","?","$","M","M","R","M","R","T","?","E","?","M","M","R","B",null,"M","M","M","?","?","R","?","R","T","M","$","?","R","M","R","B",null],"character_chosen":"DEFECT","items_purchased":["Redo+1","Go for the Eyes","Ball Lightning","DataDisk","TheAbacus"],"campfire_rested":3,"item_purchase_floors":[20,20,20,20,45],"current_hp_per_floor":[67,67,67,63,68,68,58,39,39,39,44,44,43,29,69,37,85,55,55,55,41,37,77,73,73,73,73,68,68,64,52,52,28,85,62,61,52,52,52,52,52,52,52,39,39,39,78,60,60,6],"gold":46,"neow_bonus":"TRANSFORM_CARD","is_prod":false,"is_daily":false,"chose_seed":false,"campfire_upgraded":6,"win_rate":0.0,"timestamp":1617811925,"path_taken":["M","?","M","M","?","R","M","?","T","R","M","R","E","M","R","BOSS","M","?","$","M","M","R","M","R","T","?","E","?","M","M","R","BOSS","M","M","M","?","?","R","?","R","T","M","$","?","R","M","R","BOSS"],"build_version":"2020-12-22","purchased_purges":2,"victory":true,"max_hp_per_floor":[75,75,75,75,80,80,80,80,80,80,85,85,85,85,85,85,85,85,85,85,85,85,85,85,85,85,85,85,85,85,85,85,85,85,85,85,85,85,85,85,81,81,81,81,81,81,81,81,81,81],"card_choices":[{"not_picked":["Auto Shields","Beam Cell"],"picked":"Sunder","floor":1},{"not_picked":["Coolheaded","Streamline"],"picked":"Cold Snap","floor":3},{"not_picked":["Steam","Defragment"],"picked":"Ball Lightning","floor":4},{"not_picked":["Stack","Reboot"],"picked":"Steam","floor":7},{"not_picked":["Recycle","Steam"],"picked":"Cold Snap","floor":8},{"not_picked":["White Noise","Cold Snap"],"picked":"FTL","floor":11},{"not_picked":["Barrage","Sweeping Beam"],"picked":"Beam Cell","floor":13},{"not_picked":["Gash","Amplify+1"],"picked":"Defragment","floor":14},{"not_picked":["All For One","Multi-Cast+1"],"picked":"Rainbow+1","floor":16},{"not_picked":["Scrape+1","Compile Driver"],"picked":"Sweeping Beam+1","floor":18},{"not_picked":["Stack+1","Beam Cell"],"picked":"Fusion+1","floor":21},{"not_picked":["Cold Snap","Reprogram+1"],"picked":"Conserve Battery+1","floor":22},{"not_picked":["Ball Lightning","Sweeping Beam"],"picked":"Hologram+1","floor":24},{"not_picked":["Streamline","Consume+1"],"picked":"Leap+1","floor":28},{"not_picked":["Tempest+1","Fission+1"],"picked":"Barrage+1","floor":30},{"not_picked":["Compile Driver","Hello World"],"picked":"Go for the Eyes","floor":31},{"not_picked":["Biased Cognition","Fission+1"],"picked":"Seek+1","floor":33},{"not_picked":["Compile Driver+1","Capacitor+1"],"picked":"Redo+1","floor":35},{"not_picked":["Chill+1","Barrage"],"picked":"Reinforced Body+1","floor":36},{"not_picked":["Undo+1","Steam+1"],"picked":"Reinforced Body+1","floor":37},{"not_picked":["Blizzard","Gash+1","Turbo+1"],"picked":"SKIP","floor":44},{"not_picked":["Swift Strike","Blind+1"],"picked":"Apotheosis+1","floor":46},{"not_picked":["Recycle+1","Self Repair+1"],"picked":"Redo+1","floor":47}],"player_experience":84095,"relics_obtained":[{"floor":8,"key":"Odd Mushroom"},{"floor":9,"key":"Regal Pillow"},{"floor":13,"key":"Toxic Egg 2"},{"floor":26,"key":"Shovel"},{"floor":28,"key":"Dream Catcher"},{"floor":42,"key":"Lantern"},{"floor":43,"key":"Pocketwatch"}],"event_choices":[{"damage_healed":0,"gold_gain":62,"player_choice":"Gained Gold","damage_taken":0,"max_hp_gain":0,"max_hp_loss":0,"event_name":"Golden Wing","floor":2,"gold_loss":0},{"damage_healed":0,"gold_gain":0,"player_choice":"Donut","damage_taken":0,"max_hp_gain":5,"max_hp_loss":0,"event_name":"Big Fish","floor":5,"gold_loss":0},{"damage_healed":0,"gold_gain":0,"player_choice":"Fought Mushrooms","damage_taken":0,"max_hp_gain":0,"max_hp_loss":0,"event_name":"Mushrooms","floor":8,"gold_loss":0},{"damage_healed":0,"gold_gain":99,"player_choice":"Stole From Cult","damage_taken":0,"max_hp_gain":0,"max_hp_loss":0,"event_name":"Nest","floor":19,"gold_loss":0},{"damage_healed":0,"gold_gain":0,"player_choice":"Obtained Relic","damage_taken":0,"relics_obtained":["Blood Vial"],"max_hp_gain":0,"max_hp_loss":0,"event_name":"Addict","floor":27,"gold_loss":85},{"damage_healed":0,"gold_gain":0,"player_choice":"Read","damage_taken":0,"max_hp_gain":0,"max_hp_loss":0,"event_name":"The Library","floor":29,"gold_loss":0,"cards_obtained":["White Noise"]},{"cards_removed":["Cold Snap"],"damage_healed":0,"gold_gain":0,"player_choice":"Removed Attack","damage_taken":0,"max_hp_gain":0,"max_hp_loss":0,"event_name":"Falling","floor":38,"gold_loss":0},{"damage_healed":0,"gold_gain":0,"player_choice":"Ignored","damage_taken":0,"max_hp_gain":0,"max_hp_loss":0,"event_name":"Mysterious Sphere","floor":39,"gold_loss":0},{"damage_healed":0,"gold_gain":0,"player_choice":"Max HP","damage_taken":0,"max_hp_gain":0,"max_hp_loss":4,"event_name":"Winding Halls","floor":41,"gold_loss":0},{"damage_healed":0,"gold_gain":0,"player_choice":"Memory 1","damage_taken":0,"max_hp_gain":0,"max_hp_loss":0,"event_name":"SensoryStone","floor":46,"gold_loss":0}],"is_beta":false,"boss_relics":[{"not_picked":["Calling Bell","Inserter"],"picked":"SlaversCollar"},{"not_picked":["Velvet Choker","Runic Pyramid"],"picked":"Astrolabe"}],"items_purged_floors":[20,45],"is_endless":false,"potions_floor_spawned":[1,7,11,18,21,24,33,37,48],"ascension_level":0}