{"gold_per_floor":[115,17,17,117,137,137,150,150,205,224,234,234,248,271,271,366,366,378,13,25,42,42,42,59,75,124,124,49,49,69,79,79,179,179,197,197,48,58,75,94,106,106,106,125,125,125,125,141,141,141],"floor_reached":50,"playtime":4404,"items_purged":["Strike_B","Aggregate"],"score":465,"play_id":"67ed5bd9-af35-4066-8589-41379c8ce334","local_time":"20210406182255","is_ascension_mode":false,"campfire_choices":[{"data":"Defragment","floor":6,"key":"SMITH"},{"data":"Streamline","floor":8,"key":"SMITH"},{"data":"Lockon","floor":15,"key":"SMITH"},{"data":"Hologram","floor":23,"key":"SMITH"},{"data":"Bandage Up","floor":27,"key":"SMITH"},{"data":"White Noise","floor":29,"key":"SMITH"},{"floor":32,"key":"REST"},{"data":"Stack","floor":45,"key":"SMITH"},{"data":"Redo","floor":47,"key":"SMITH"},{"data":"Echo Form","floor":49,"key":"SMITH"}],"neow_cost":"NONE","seed_source_timestamp":13986757152300,"circlet_count":0,"master_deck":["Strike_B","Strike_B","Strike_B","Defend_B","Defend_B+1","Defend_B+1","Defend_B","Zap","Dualcast","Multi-Cast","Self Repair","Bandage Up+1","Defragment+1","Streamline+1","Genetic Algorithm","Defragment+1","Lockon+1","Conserve Battery","Bandage Up+1","Stack+1","Hologram+1","BootSequence","White Noise+1","Cold Snap","Blizzard","Electrodynamics","Fusion+1","Conserve Battery","Redo+1","Parasite","Capacitor+1","Echo Form+1","Panacea","Compile Driver","Doubt","Parasite","Double Energy+1"],"relics":["Cracked Core","War Paint","Odd Mushroom","Runic Pyramid","Shuriken","Centennial Puzzle","Empty Cage","InkBottle"],"potions_floor_usage":[16,16,16,50,50],"damage_taken":[{"damage":6,"enemies":"Jaw Worm","floor":1,"turns":3},{"damage":10,"enemies":"2 Louse","floor":5,"turns":3},{"damage":0,"enemies":"Cultist","floor":7,"turns":3},{"damage":13,"enemies":"2 Fungi Beasts","floor":10,"turns":3},{"damage":24,"enemies":"Large Slime","floor":11,"turns":7},{"damage":12,"enemies":"3 Louse","floor":13,"turns":3},{"damage":17,"enemies":"The Mushroom Lair","floor":14,"turns":4},{"damage":31,"enemies":"The Guardian","floor":16,"turns":9},{"damage":28,"enemies":"Shell Parasite","floor":18,"turns":6},{"damage":5,"enemies":"Chosen","floor":20,"turns":6},{"damage":22,"enemies":"Centurion and Healer","floor":21,"turns":9},{"damage":23,"enemies":"Cultist and Chosen","floor":24,"turns":7},{"damage":50,"enemies":"Chosen and Byrds","floor":25,"turns":9},{"damage":14,"enemies":"Centurion and Healer","floor":30,"turns":4},{"damage":17,"enemies":"Snake Plant","floor":31,"turns":7},{"damage":21,"enemies":"Champ","floor":33,"turns":14},{"damage":1,"enemies":"Orb Walker","floor":35,"turns":4},{"damage":0,"enemies":"3 Shapes","floor":38,"turns":4},{"damage":10,"enemies":"Writhing Mass","floor":39,"turns":7},{"damage":36,"enemies":"Spire Growth","floor":40,"turns":8},{"damage":36,"enemies":"3 Darklings","floor":41,"turns":7},{"damage":27,"enemies":"Sphere and 2 Shapes","floor":44,"turns":8},{"damage":40,"enemies":"Writhing Mass","floor":48,"turns":8},{"damage":92,"enemies":"Time Eater","floor":50,"turns":13}],"seed_played":"4277383524456613630","potions_obtained":[{"floor":10,"key":"AttackPotion"},{"floor":11,"key":"FearPotion"},{"floor":13,"key":"Energy Potion"},{"floor":16,"key":"Block Potion"},{"floor":21,"key":"CultistPotion"},{"floor":24,"key":"Strength Potion"},{"floor":25,"key":"DuplicationPotion"},{"floor":41,"key":"FairyPotion"},{"floor":48,"key":"DuplicationPotion"}],"is_trial":false,"path_per_floor":["M","$","?","?","M","R","M","R","T","M","M","?","M","?","R","B",null,"M","$","M","M","?","R","M","M","T","R","$","R","M","M","R","B",null,"M","?","$","M","M","M","M","?","T","M","R","?","R","M","R","B"],"character_chosen":"DEFECT","items_purchased":["Bandage Up","Bandage Up","Shuriken","Stack","Conserve Battery"],"campfire_rested":1,"item_purchase_floors":[2,19,19,19,37],"current_hp_per_floor":[69,69,69,69,70,70,74,74,74,68,55,40,41,37,37,19,75,60,60,75,70,70,70,57,24,24,24,24,24,22,36,58,56,75,74,74,74,75,75,58,47,47,47,39,39,75,75,54,54,0],"gold":141,"neow_bonus":"ONE_RANDOM_RARE_CARD","is_prod":false,"is_daily":false,"chose_seed":false,"campfire_upgraded":9,"win_rate":0.0,"timestamp":1617747775,"path_taken":["M","$","?","?","M","R","?","R","T","M","M","?","M","?","R","BOSS","M","$","M","M","?","R","M","M","T","R","$","R","M","M","R","BOSS","M","?","$","M","?","M","M","?","T","M","R","?","R","M","R","BOSS"],"build_version":"2020-12-22","purchased_purges":2,"victory":false,"max_hp_per_floor":[75,75,75,75,75,75,75,75,75,75,75,75,75,75,75,75,75,75,75,75,75,75,75,75,75,75,75,75,75,75,75,75,75,75,75,75,75,75,75,75,75,75,75,75,75,75,75,75,75,75],"card_choices":[{"not_picked":["Hologram","Gash"],"picked":"Self Repair","floor":1},{"not_picked":["Beam Cell","Conserve Battery"],"picked":"Defragment","floor":5},{"not_picked":["Barrage","Lockon"],"picked":"Streamline","floor":7},{"not_picked":["Undo","Doom and Gloom"],"picked":"Genetic Algorithm","floor":10},{"not_picked":["Hologram","Force Field"],"picked":"Defragment","floor":11},{"not_picked":["Coolheaded","BootSequence"],"picked":"Amplify","floor":13},{"not_picked":["Consume","Force Field"],"picked":"Lockon","floor":14},{"not_picked":["Rainbow","Biased Cognition"],"picked":"Machine Learning","floor":16},{"not_picked":["Auto Shields","Go for the Eyes"],"picked":"Conserve Battery","floor":18},{"not_picked":["Barrage","Undo"],"picked":"Aggregate","floor":20},{"not_picked":["Steam Power","Coolheaded+1"],"picked":"Hologram","floor":21},{"not_picked":["Redo","Scrape"],"picked":"BootSequence","floor":24},{"not_picked":["Barrage","Cold Snap+1"],"picked":"White Noise","floor":25},{"not_picked":["Coolheaded","Steam+1"],"picked":"Cold Snap","floor":30},{"not_picked":["Genetic Algorithm","Scrape+1"],"picked":"Blizzard","floor":31},{"not_picked":["Thunder Strike","Biased Cognition"],"picked":"Electrodynamics","floor":33},{"not_picked":["Hologram","Barrage+1"],"picked":"Fusion+1","floor":35},{"not_picked":["Leap+1","Go for the Eyes+1"],"picked":"Redo","floor":38},{"not_picked":["Beam Cell","Stack+1"],"picked":"Capacitor+1","floor":39},{"not_picked":["Darkness","Steam Power"],"picked":"Echo Form","floor":40},{"not_picked":["Gash","Leap","Sweeping Beam+1"],"picked":"SKIP","floor":41},{"not_picked":["The Bomb","Impatience"],"picked":"Panacea","floor":42},{"not_picked":["Go for the Eyes","Reprogram+1"],"picked":"Compile Driver","floor":44},{"not_picked":["Compile Driver+1","Ball Lightning+1"],"picked":"Double Energy+1","floor":48}],"player_experience":39427,"relics_obtained":[{"floor":9,"key":"War Paint"},{"floor":14,"key":"Odd Mushroom"},{"floor":26,"key":"Centennial Puzzle"},{"floor":43,"key":"InkBottle"}],"event_choices":[{"damage_healed":0,"gold_gain":0,"player_choice":"Ignored","damage_taken":0,"max_hp_gain":0,"max_hp_loss":0,"event_name":"Liars Game","floor":3,"gold_loss":0},{"damage_healed":0,"gold_gain":100,"player_choice":"Pray","damage_taken":0,"max_hp_gain":0,"max_hp_loss":0,"event_name":"Golden Shrine","floor":4,"gold_loss":0},{"damage_healed":0,"gold_gain":0,"player_choice":"Entered Light","damage_taken":15,"max_hp_gain":0,"max_hp_loss":0,"event_name":"Shining Light","floor":12,"gold_loss":0,"cards_upgraded":["Defragment","Bandage Up"]},{"damage_healed":0,"gold_gain":0,"player_choice":"Fought Mushrooms","damage_taken":0,"max_hp_gain":0,"max_hp_loss":0,"event_name":"Mushrooms","floor":14,"gold_loss":0},{"damage_healed":0,"gold_gain":0,"player_choice":"Bought 0 Potions","damage_taken":0,"max_hp_gain":0,"max_hp_loss":0,"event_name":"The Woman in Blue","floor":36,"gold_loss":0},{"damage_healed":0,"gold_gain":0,"player_choice":"Memory 1","damage_taken":0,"max_hp_gain":0,"max_hp_loss":0,"event_name":"SensoryStone","floor":42,"gold_loss":0},{"damage_healed":36,"gold_gain":0,"player_choice":"Heal","damage_taken":0,"max_hp_gain":0,"max_hp_loss":0,"event_name":"MindBloom","floor":46,"gold_loss":0,"cards_obtained":["Doubt"]}],"is_beta":false,"boss_relics":[{"not_picked":["Sozu","Velvet Choker"],"picked":"Runic Pyramid"},{"not_picked":["Black Star","Philosopher\u0027s Stone"],"picked":"Empty Cage"}],"items_purged_floors":[28,37],"is_endless":false,"potions_floor_spawned":[10,11,13,16,21,24,25,30,38,41,44,48],"killed_by":"Time Eater","ascension_level":0}