{"gold_per_floor":[113,124,124,124,141,141,160,189,189,189,201,201,213,213,213,315,315,333,258,273,32,32,32],"floor_reached":23,"playtime":1361,"items_purged":["Strike_B","Strike_B"],"score":181,"play_id":"71d4124f-70d0-4787-a746-7bfb3e453321","local_time":"20210406234712","is_ascension_mode":false,"campfire_choices":[{"data":"Fusion","floor":6,"key":"SMITH"},{"floor":10,"key":"REST"},{"data":"Redo","floor":15,"key":"SMITH"}],"neow_cost":"NONE","seed_source_timestamp":36487812505800,"circlet_count":0,"master_deck":["Strike_B+1","Defend_B","Defend_B","Defend_B+1","Defend_B","Zap","Dualcast","Loop","Doom and Gloom","Fusion+1","Cold Snap","Barrage","Barrage","Redo+1","Core Surge","Leap","Coolheaded","Discovery","Coolheaded"],"relics":["Cracked Core","Sundial","Odd Mushroom","Bag of Marbles","SlaversCollar"],"potions_floor_usage":[16,16,16,18,20],"damage_taken":[{"damage":1,"enemies":"Jaw Worm","floor":1,"turns":3},{"damage":7,"enemies":"Small Slimes","floor":2,"turns":3},{"damage":1,"enemies":"Cultist","floor":5,"turns":3},{"damage":8,"enemies":"Large Slime","floor":7,"turns":5},{"damage":5,"enemies":"The Mushroom Lair","floor":8,"turns":5},{"damage":10,"enemies":"Gremlin Gang","floor":11,"turns":2},{"damage":4,"enemies":"3 Louse","floor":13,"turns":2},{"damage":16,"enemies":"The Guardian","floor":16,"turns":9},{"damage":26,"enemies":"Shell Parasite","floor":18,"turns":6},{"damage":27,"enemies":"2 Thieves","floor":20,"turns":3},{"damage":36,"enemies":"Gremlin Leader","floor":23,"turns":7}],"seed_played":"3170626267504708015","potions_obtained":[{"floor":1,"key":"SkillPotion"},{"floor":7,"key":"Energy Potion"},{"floor":8,"key":"Fire Potion"},{"floor":16,"key":"Block Potion"},{"floor":18,"key":"SteroidPotion"}],"is_trial":false,"path_per_floor":["M","M","?","?","M","R","M","?","T","R","M","?","M","?","R","B",null,"M","$","M","$","?","E"],"character_chosen":"DEFECT","items_purchased":["Discovery","Coolheaded"],"campfire_rested":1,"item_purchase_floors":[21,21],"current_hp_per_floor":[74,67,52,34,33,33,25,20,20,42,32,75,71,71,71,55,75,49,49,22,22,22,0],"gold":32,"neow_bonus":"TRANSFORM_CARD","is_prod":false,"is_daily":false,"chose_seed":false,"campfire_upgraded":2,"win_rate":0.0,"timestamp":1617767232,"path_taken":["M","M","?","?","M","R","M","?","T","R","M","?","?","?","R","BOSS","M","$","?","$","?","E"],"build_version":"2020-12-22","purchased_purges":2,"victory":false,"max_hp_per_floor":[75,75,75,75,75,75,75,75,75,75,75,75,75,75,75,75,75,75,75,75,75,75,75],"card_choices":[{"not_picked":["Blizzard","Reinforced Body"],"picked":"Doom and Gloom","floor":1},{"not_picked":["Beam Cell","Turbo"],"picked":"Fusion","floor":2},{"not_picked":["Heatsinks","Consume"],"picked":"Cold Snap","floor":5},{"not_picked":["Turbo","FTL"],"picked":"Barrage","floor":7},{"not_picked":["Stack","Gash"],"picked":"Barrage","floor":8},{"not_picked":["Coolheaded","Beam Cell"],"picked":"Undo","floor":11},{"not_picked":["Buffer","Scrape"],"picked":"Redo","floor":13},{"not_picked":["Hyperbeam","Seek"],"picked":"Core Surge","floor":16},{"not_picked":["Tempest+1","Coolheaded"],"picked":"Leap","floor":18},{"not_picked":["Stack","Steam Power"],"picked":"Coolheaded","floor":20}],"player_experience":61269,"relics_obtained":[{"floor":8,"key":"Odd Mushroom"},{"floor":9,"key":"Bag of Marbles"}],"event_choices":[{"damage_healed":0,"gold_gain":0,"player_choice":"Entered Light","damage_taken":15,"max_hp_gain":0,"max_hp_loss":0,"event_name":"Shining Light","floor":3,"gold_loss":0,"cards_upgraded":["Strike_B","Defend_B"]},{"damage_healed":0,"gold_gain":0,"player_choice":"Success","damage_taken":18,"relics_obtained":["Sundial"],"max_hp_gain":0,"max_hp_loss":0,"event_name":"Scrap Ooze","floor":4,"gold_loss":0},{"damage_healed":0,"gold_gain":0,"player_choice":"Fought Mushrooms","damage_taken":0,"max_hp_gain":0,"max_hp_loss":0,"event_name":"Mushrooms","floor":8,"gold_loss":0},{"cards_removed":["Undo"],"damage_healed":43,"gold_gain":0,"player_choice":"Offered Uncommon","damage_taken":0,"max_hp_gain":0,"max_hp_loss":0,"event_name":"Bonfire Elementals","floor":12,"gold_loss":0},{"damage_healed":0,"gold_gain":0,"player_choice":"0 cards matched","damage_taken":0,"max_hp_gain":0,"max_hp_loss":0,"event_name":"Match and Keep!","floor":14,"gold_loss":0,"cards_obtained":[]},{"damage_healed":0,"gold_gain":0,"player_choice":"Ignored","damage_taken":0,"max_hp_gain":0,"max_hp_loss":0,"event_name":"Ghosts","floor":22,"gold_loss":0}],"is_beta":false,"boss_relics":[{"not_picked":["Philosopher\u0027s Stone","Fusion Hammer"],"picked":"SlaversCollar"}],"items_purged_floors":[19,21],"is_endless":false,"potions_floor_spawned":[1,7,8,11,16,18],"killed_by":"Gremlin Leader","ascension_level":0}