{"gold_per_floor":[113,113,45,45,10,10,10,10,10,27,54,54,72,90,90,186,186,205,59,59,70,80,80,93,93,93,106,106,206,217,117,117,117],"floor_reached":33,"playtime":1800,"items_purged":["Defend_B","Strike_B"],"score":270,"play_id":"0d738170-5211-485b-ad77-4b23bcbdd3d8","local_time":"20210406222832","is_ascension_mode":false,"campfire_choices":[{"data":"Zap","floor":6,"key":"SMITH"},{"data":"Defend_B","floor":8,"key":"SMITH"},{"data":"Defend_B","floor":12,"key":"SMITH"},{"data":"Hologram","floor":15,"key":"SMITH"},{"data":"Streamline","floor":23,"key":"SMITH"},{"data":"Defragment","floor":25,"key":"SMITH"},{"floor":32,"key":"REST"}],"neow_cost":"NONE","seed_source_timestamp":31328361916900,"circlet_count":0,"master_deck":["Strike_B","Defend_B","Defend_B+1","Defend_B+1","Zap+1","Dualcast","Ball Lightning","Decay","Beam Cell","Skim","Hologram+1","Streamline+1","Defragment+1","Tempest","Defragment+1","Thunder Strike","Redo","Reprogram","Steam","Capacitor+1"],"relics":["Cracked Core","NeowsBlessing","Anchor","Pocketwatch","Kunai","Nuclear Battery"],"potions_floor_usage":[],"damage_taken":[{"damage":0,"enemies":"2 Louse","floor":1,"turns":1},{"damage":0,"enemies":"Cultist","floor":10,"turns":1},{"damage":0,"enemies":"3 Sentries","floor":11,"turns":1},{"damage":0,"enemies":"Small Slimes","floor":13,"turns":2},{"damage":0,"enemies":"Exordium Wildlife","floor":14,"turns":3},{"damage":15,"enemies":"The Guardian","floor":16,"turns":12},{"damage":10,"enemies":"3 Byrds","floor":18,"turns":4},{"damage":4,"enemies":"2 Thieves","floor":21,"turns":4},{"damage":22,"enemies":"Shelled Parasite and Fungi","floor":22,"turns":6},{"damage":5,"enemies":"3 Cultists","floor":24,"turns":4},{"damage":10,"enemies":"Centurion and Healer","floor":27,"turns":4},{"damage":5,"enemies":"Snake Plant","floor":30,"turns":4},{"damage":117,"enemies":"Collector","floor":33,"turns":7}],"seed_played":"-5049689173690736946","potions_obtained":[{"floor":11,"key":"PotionOfCapacity"},{"floor":14,"key":"SpeedPotion"},{"floor":16,"key":"Energy Potion"},{"floor":21,"key":"Dexterity Potion"},{"floor":30,"key":"FairyPotion"}],"is_trial":false,"path_per_floor":["M","?","$","$","?","R","?","R","T","M","E","R","M","M","R","B",null,"M","$","?","M","M","R","M","R","T","M","?","?","M","$","R","B"],"character_chosen":"DEFECT","items_purchased":["Defragment","Defragment"],"campfire_rested":1,"item_purchase_floors":[3,19],"current_hp_per_floor":[75,75,75,75,75,75,75,75,75,75,75,75,75,75,75,60,75,65,65,85,81,59,59,54,54,54,44,44,44,39,39,64,0],"gold":117,"neow_bonus":"THREE_ENEMY_KILL","is_prod":false,"is_daily":false,"chose_seed":false,"campfire_upgraded":6,"win_rate":0.0,"timestamp":1617762512,"path_taken":["M","?","?","$","?","R","?","R","T","M","E","R","?","M","R","BOSS","M","$","?","M","?","R","M","R","T","M","?","?","M","$","R","BOSS"],"build_version":"2020-12-22","purchased_purges":2,"victory":false,"max_hp_per_floor":[75,75,75,75,75,75,75,75,75,75,75,75,75,75,75,75,75,75,75,85,85,85,85,85,85,85,85,85,85,85,85,85,85],"card_choices":[{"not_picked":["Turbo","Steam"],"picked":"Ball Lightning","floor":1},{"not_picked":["Coolheaded","Stack"],"picked":"Beam Cell","floor":10},{"not_picked":["Rebound","Darkness"],"picked":"Skim","floor":11},{"not_picked":["Gash","Chaos"],"picked":"Hologram","floor":13},{"not_picked":["Cold Snap","Compile Driver"],"picked":"Streamline","floor":14},{"not_picked":["Machine Learning","Rainbow"],"picked":"Seek","floor":16},{"not_picked":["FTL","Steam+1","Turbo"],"picked":"SKIP","floor":18},{"not_picked":["Steam","Reboot"],"picked":"Tempest","floor":21},{"not_picked":["Gash+1","Go for the Eyes"],"picked":"Defragment+1","floor":22},{"not_picked":["Cold Snap","Self Repair"],"picked":"Thunder Strike","floor":24},{"not_picked":["Hologram","Reinforced Body"],"picked":"Redo","floor":27},{"not_picked":["Static Discharge","Sweeping Beam"],"picked":"Capacitor+1","floor":30}],"player_experience":56160,"relics_obtained":[{"floor":9,"key":"Pocketwatch"},{"floor":11,"key":"Kunai"}],"event_choices":[{"damage_healed":0,"gold_gain":0,"player_choice":"Cursed","damage_taken":0,"max_hp_gain":0,"max_hp_loss":0,"event_name":"Wheel of Change","floor":2,"gold_loss":0,"cards_obtained":["Decay"]},{"damage_healed":18,"gold_gain":0,"player_choice":"Healed","damage_taken":0,"max_hp_gain":0,"max_hp_loss":0,"event_name":"The Cleric","floor":5,"gold_loss":35},{"cards_removed":["Defragment"],"damage_healed":0,"gold_gain":0,"player_choice":"Gave Card","damage_taken":0,"relics_obtained":["Anchor"],"max_hp_gain":0,"max_hp_loss":0,"event_name":"WeMeetAgain","floor":7,"gold_loss":0},{"cards_removed":["Seek"],"damage_healed":10,"gold_gain":0,"player_choice":"Offered Rare","damage_taken":0,"max_hp_gain":10,"max_hp_loss":0,"event_name":"Bonfire Elementals","floor":20,"gold_loss":0},{"damage_healed":0,"gold_gain":0,"cards_transformed":["Strike_B","Strike_B"],"player_choice":"Became Test Subject","damage_taken":0,"max_hp_gain":0,"max_hp_loss":0,"event_name":"Drug Dealer","floor":28,"gold_loss":0,"cards_obtained":["Reprogram","Steam"]},{"damage_healed":0,"gold_gain":100,"player_choice":"Pray","damage_taken":0,"max_hp_gain":0,"max_hp_loss":0,"event_name":"Golden Shrine","floor":29,"gold_loss":0}],"is_beta":false,"boss_relics":[{"not_picked":["Snecko Eye","Empty Cage"],"picked":"Nuclear Battery"}],"items_purged_floors":[19,31],"is_endless":false,"potions_floor_spawned":[11,14,16,21,24,30],"killed_by":"Collector","ascension_level":0}