{"gold_per_floor":[113,113,113,113,129,160,160,176,176,189,217,63,78,96,96,197,197,209,220,220,122,122,148,165,177,177,177,188,115,115,128,128,225,225,242,262,162,180,195,195,215,215],"floor_reached":42,"playtime":2844,"items_purged":["Defend_B","Capacitor"],"score":459,"play_id":"ccefee88-6fe3-4860-be21-efb049a10511","local_time":"20210407104314","is_ascension_mode":false,"campfire_choices":[{"data":"Zap","floor":7,"key":"SMITH"},{"data":"Leap","floor":15,"key":"SMITH"},{"floor":27,"key":"REST"},{"data":"Self Repair","floor":30,"key":"SMITH"},{"floor":32,"key":"REST"},{"data":"Conserve Battery","floor":40,"key":"SMITH"}],"neow_cost":"NONE","seed_source_timestamp":74364119175600,"circlet_count":0,"master_deck":["Strike_B","Strike_B","Strike_B","Defend_B+1","Defend_B","Defend_B","Zap+1","Dualcast","Lockon+1","Go for the Eyes","Leap+1","Leap","Lockon","Rebound","Melter","Redo","Electrodynamics","Steam","Redo","Flash of Steel","Go for the Eyes","Hologram","Self Repair+1","Defragment","Coolheaded","Reboot","FTL","Conserve Battery+1","Steam","Redo","Steam+1"],"relics":["Cracked Core","NeowsBlessing","Calipers","Gremlin Horn","DataDisk","Inserter","Pantograph","Turnip","Nuclear Battery"],"potions_floor_usage":[16,19,19,33,33,33,42,42],"damage_taken":[{"damage":0,"enemies":"Small Slimes","floor":1,"turns":1},{"damage":0,"enemies":"2 Louse","floor":5,"turns":1},{"damage":0,"enemies":"Gremlin Nob","floor":6,"turns":1},{"damage":0,"enemies":"Jaw Worm","floor":8,"turns":3},{"damage":1,"enemies":"Exordium Thugs","floor":10,"turns":4},{"damage":10,"enemies":"Lagavulin","floor":11,"turns":6},{"damage":8,"enemies":"Red Slaver","floor":13,"turns":3},{"damage":4,"enemies":"3 Louse","floor":14,"turns":2},{"damage":39,"enemies":"Slime Boss","floor":16,"turns":9},{"damage":18,"enemies":"Spheric Guardian","floor":18,"turns":4},{"damage":12,"enemies":"2 Thieves","floor":19,"turns":4},{"damage":22,"enemies":"Slavers","floor":23,"turns":4},{"damage":0,"enemies":"Sentry and Sphere","floor":24,"turns":3},{"damage":29,"enemies":"Shelled Parasite and Fungi","floor":25,"turns":6},{"damage":7,"enemies":"Centurion and Healer","floor":28,"turns":6},{"damage":17,"enemies":"Snecko","floor":31,"turns":6},{"damage":48,"enemies":"Collector","floor":33,"turns":9},{"damage":14,"enemies":"3 Darklings","floor":35,"turns":3},{"damage":7,"enemies":"3 Shapes","floor":36,"turns":5},{"damage":56,"enemies":"3 Darklings","floor":38,"turns":5},{"damage":17,"enemies":"Writhing Mass","floor":39,"turns":7},{"damage":1,"enemies":"Sphere and 2 Shapes","floor":41,"turns":6},{"damage":48,"enemies":"Nemesis","floor":42,"turns":6}],"seed_played":"1116793928270812587","potions_obtained":[{"floor":1,"key":"PotionOfCapacity"},{"floor":10,"key":"FocusPotion"},{"floor":13,"key":"EssenceOfSteel"},{"floor":16,"key":"DistilledChaos"},{"floor":18,"key":"Explosive Potion"},{"floor":19,"key":"Strength Potion"},{"floor":25,"key":"LiquidBronze"},{"floor":31,"key":"Explosive Potion"},{"floor":35,"key":"BlessingOfTheForge"},{"floor":38,"key":"EssenceOfDarkness"},{"floor":39,"key":"FearPotion"}],"is_trial":false,"path_per_floor":["M","?","?","?","M","E","R","M","T","M","E","$","M","M","R","B",null,"M","M","?","$","?","E","M","M","T","R","M","$","R","M","R","B",null,"M","M","$","M","M","R","M","E"],"character_chosen":"DEFECT","items_purchased":["Melter","Flash of Steel","Defragment"],"campfire_rested":2,"item_purchase_floors":[12,21,29],"current_hp_per_floor":[75,60,60,65,65,65,65,65,65,64,54,54,46,42,42,3,80,62,50,50,50,76,54,54,25,25,49,42,42,42,25,49,26,80,76,79,79,33,26,26,35,0],"gold":215,"neow_bonus":"THREE_ENEMY_KILL","is_prod":false,"is_daily":false,"chose_seed":false,"campfire_upgraded":4,"win_rate":0.0,"timestamp":1617806594,"path_taken":["M","?","?","?","M","E","R","M","T","?","E","?","?","M","R","BOSS","M","M","?","$","?","E","M","M","T","R","M","$","R","M","R","BOSS","M","M","$","M","M","R","M","E"],"build_version":"2020-12-22","purchased_purges":2,"victory":false,"max_hp_per_floor":[75,75,75,80,80,80,80,80,80,80,80,80,80,80,80,80,80,80,80,80,80,80,80,80,80,80,80,80,80,80,80,80,80,80,80,80,80,80,80,80,80,80],"card_choices":[{"not_picked":["Hello World","Beam Cell"],"picked":"Lockon","floor":1},{"not_picked":["Ball Lightning","Sweeping Beam"],"picked":"Go for the Eyes","floor":5},{"not_picked":["Capacitor","Streamline"],"picked":"Leap","floor":6},{"not_picked":["Gash","Compile Driver"],"picked":"Leap","floor":8},{"not_picked":["Sweeping Beam","Hologram"],"picked":"Lockon","floor":10},{"not_picked":["Sunder","Streamline"],"picked":"Rebound","floor":11},{"not_picked":["Skim","Sweeping Beam"],"picked":"Redo","floor":13},{"not_picked":["Coolheaded","Buffer","Stack"],"picked":"SKIP","floor":14},{"not_picked":["Seek","Biased Cognition"],"picked":"Electrodynamics","floor":16},{"not_picked":["Coolheaded","Streamline"],"picked":"Steam","floor":18},{"not_picked":["Heatsinks+1","Darkness"],"picked":"Redo","floor":19},{"not_picked":["Steam","Capacitor+1"],"picked":"Go for the Eyes","floor":23},{"not_picked":["Reprogram+1","Auto Shields"],"picked":"Hologram","floor":24},{"not_picked":["Sunder","Steam","Go for the Eyes"],"picked":"SKIP","floor":25},{"not_picked":["Glacier","Aggregate"],"picked":"Self Repair","floor":28},{"not_picked":["White Noise","Gash+1"],"picked":"Coolheaded","floor":31},{"not_picked":["Meteor Strike","Amplify"],"picked":"Reboot","floor":33},{"not_picked":["White Noise","Turbo"],"picked":"FTL","floor":35},{"not_picked":["Beam Cell","Steam"],"picked":"Conserve Battery","floor":36},{"not_picked":["Cold Snap+1","Sweeping Beam"],"picked":"Steam","floor":38},{"not_picked":["Heatsinks+1","Rainbow"],"picked":"Redo","floor":39},{"not_picked":["Beam Cell+1","Turbo+1"],"picked":"Steam+1","floor":41}],"player_experience":78618,"relics_obtained":[{"floor":6,"key":"Calipers"},{"floor":9,"key":"Gremlin Horn"},{"floor":11,"key":"DataDisk"},{"floor":23,"key":"Pantograph"},{"floor":26,"key":"Turnip"}],"event_choices":[{"damage_healed":0,"gold_gain":0,"player_choice":"Entered Light","damage_taken":15,"max_hp_gain":0,"max_hp_loss":0,"event_name":"Shining Light","floor":2,"gold_loss":0,"cards_upgraded":["Defend_B","Lockon"]},{"damage_healed":0,"gold_gain":0,"cards_transformed":["Strike_B"],"player_choice":"Change","damage_taken":0,"max_hp_gain":0,"max_hp_loss":0,"event_name":"Living Wall","floor":3,"gold_loss":0,"cards_obtained":["Capacitor"]},{"damage_healed":0,"gold_gain":0,"player_choice":"Donut","damage_taken":0,"max_hp_gain":5,"max_hp_loss":0,"event_name":"Big Fish","floor":4,"gold_loss":0},{"damage_healed":0,"gold_gain":0,"player_choice":"Ignored","damage_taken":0,"max_hp_gain":0,"max_hp_loss":0,"event_name":"Ghosts","floor":20,"gold_loss":0},{"damage_healed":26,"gold_gain":0,"player_choice":"Heal","damage_taken":0,"max_hp_gain":0,"max_hp_loss":0,"event_name":"The Library","floor":22,"gold_loss":0}],"is_beta":false,"boss_relics":[{"not_picked":["Coffee Dripper","Snecko Eye"],"picked":"Inserter"},{"not_picked":["Philosopher\u0027s Stone","Calling Bell"],"picked":"Nuclear Battery"}],"items_purged_floors":[12,37],"is_endless":false,"potions_floor_spawned":[1,10,13,16,18,19,25,31,35,38,39],"killed_by":"Nemesis","ascension_level":0}