{"gold_per_floor":[111,131,147,47,66,94,106,106,106,106,121,121,152,227,227,326,326,342,357,182,192,204,237,237],"floor_reached":24,"playtime":1583,"items_purged":["Strike_B"],"score":230,"play_id":"82cb26b4-6310-4068-bb14-a82f16d0f0bb","local_time":"20210406232403","is_ascension_mode":false,"campfire_choices":[{"data":"Hologram","floor":8,"key":"SMITH"},{"floor":12,"key":"REST"},{"floor":15,"key":"REST"}],"neow_cost":"NONE","seed_source_timestamp":34876674250400,"circlet_count":0,"master_deck":["Strike_B","Strike_B","Strike_B","Defend_B","Defend_B","Defend_B","Defend_B","Zap","Dualcast","Streamline","Stack","Sweeping Beam","Hologram+1","Rebound","Rebound","Streamline","Steam","Rainbow","Streamline+1","Sweeping Beam","Good Instincts","Self Repair","Redo+1","Coolheaded"],"relics":["Cracked Core","Torii","Smiling Mask","SlaversCollar","Girya"],"potions_floor_usage":[21,23,23],"damage_taken":[{"damage":1,"enemies":"Jaw Worm","floor":1,"turns":3},{"damage":0,"enemies":"Small Slimes","floor":2,"turns":2},{"damage":7,"enemies":"2 Louse","floor":3,"turns":2},{"damage":8,"enemies":"Blue Slaver","floor":5,"turns":5},{"damage":11,"enemies":"Gremlin Nob","floor":6,"turns":4},{"damage":11,"enemies":"Looter","floor":7,"turns":3},{"damage":11,"enemies":"Exordium Wildlife","floor":11,"turns":4},{"damage":16,"enemies":"3 Sentries","floor":13,"turns":5},{"damage":22,"enemies":"Slime Boss","floor":16,"turns":11},{"damage":9,"enemies":"Shell Parasite","floor":18,"turns":7},{"damage":1,"enemies":"Chosen","floor":19,"turns":5},{"damage":19,"enemies":"Snecko","floor":21,"turns":6},{"damage":38,"enemies":"Sentry and Sphere","floor":22,"turns":6},{"damage":15,"enemies":"Book of Stabbing","floor":23,"turns":7},{"damage":23,"enemies":"Snake Plant","floor":24,"turns":4}],"seed_played":"1389439582651820608","potions_obtained":[{"floor":2,"key":"Swift Potion"},{"floor":5,"key":"Block Potion"},{"floor":11,"key":"DistilledChaos"},{"floor":18,"key":"Weak Potion"},{"floor":19,"key":"Dexterity Potion"}],"is_trial":false,"path_per_floor":["M","M","M","$","M","E","M","R","T","?","M","R","E","?","R","B",null,"M","M","$","M","M","E","M"],"character_chosen":"DEFECT","items_purchased":["Hologram","Good Instincts","Self Repair"],"campfire_rested":2,"item_purchase_floors":[4,20,20],"current_hp_per_floor":[81,81,74,74,66,55,44,44,44,44,33,57,41,30,54,32,82,73,72,72,60,29,21,0],"gold":237,"neow_bonus":"TEN_PERCENT_HP_BONUS","is_prod":false,"is_daily":false,"chose_seed":false,"campfire_upgraded":1,"win_rate":0.0,"timestamp":1617765843,"path_taken":["M","M","M","$","M","E","M","R","T","?","M","R","E","?","R","BOSS","M","M","$","M","M","E","M"],"build_version":"2020-12-22","purchased_purges":1,"victory":false,"max_hp_per_floor":[82,82,82,82,82,82,82,82,82,82,82,82,82,82,82,82,82,82,82,82,82,82,82,82],"card_choices":[{"not_picked":["Barrage","Redo"],"picked":"Streamline","floor":1},{"not_picked":["Steam","Biased Cognition"],"picked":"Stack","floor":2},{"not_picked":["Coolheaded","Go for the Eyes"],"picked":"Sweeping Beam","floor":3},{"not_picked":["Sweeping Beam","Recycle"],"picked":"Rebound","floor":5},{"not_picked":["Conserve Battery","Hello World"],"picked":"Rebound","floor":6},{"not_picked":["Doom and Gloom","Defragment"],"picked":"Streamline","floor":7},{"not_picked":["Gash","Reinforced Body"],"picked":"Steam","floor":11},{"not_picked":["Steam","Electrodynamics","Capacitor"],"picked":"SKIP","floor":13},{"not_picked":["Amplify","Meteor Strike"],"picked":"Rainbow","floor":16},{"not_picked":["FTL+1","Barrage+1"],"picked":"Streamline+1","floor":18},{"not_picked":["Double Energy","Rip and Tear"],"picked":"Sweeping Beam","floor":19},{"not_picked":["Compile Driver","BootSequence+1","Sweeping Beam"],"picked":"SKIP","floor":21},{"not_picked":["Cold Snap+1","Auto Shields"],"picked":"Redo+1","floor":22},{"not_picked":["Chill","Static Discharge"],"picked":"Coolheaded","floor":23}],"player_experience":59686,"relics_obtained":[{"floor":6,"key":"Torii"},{"floor":13,"key":"Smiling Mask"},{"floor":23,"key":"Girya"}],"event_choices":[{"damage_healed":0,"gold_gain":0,"player_choice":"Ignored","damage_taken":0,"max_hp_gain":0,"max_hp_loss":0,"event_name":"Liars Game","floor":10,"gold_loss":0},{"damage_healed":0,"gold_gain":75,"player_choice":"Gather Gold","damage_taken":11,"max_hp_gain":0,"max_hp_loss":0,"event_name":"World of Goop","floor":14,"gold_loss":0}],"is_beta":false,"boss_relics":[{"not_picked":["Coffee Dripper","Sozu"],"picked":"SlaversCollar"}],"items_purged_floors":[4],"is_endless":false,"potions_floor_spawned":[2,5,11,18,19],"killed_by":"Snake Plant","ascension_level":0}