{"gold_per_floor":[116,126,126,51,69,69,98,112,112,124,124,24,36,36,36,36],"floor_reached":16,"playtime":931,"items_purged":["Defend_B","Strike_B"],"score":102,"play_id":"086bd418-7b47-4e48-b9a9-c0f2d81d8047","local_time":"20210407034322","is_ascension_mode":false,"campfire_choices":[{"data":"Darkness","floor":6,"key":"SMITH"},{"floor":11,"key":"REST"},{"floor":15,"key":"REST"}],"neow_cost":"NONE","seed_source_timestamp":51087037204400,"circlet_count":0,"master_deck":["Strike_B","Strike_B","Strike_B","Defend_B","Defend_B","Defend_B","Zap","Dualcast","Reboot","Leap","Darkness+1","Redo","Barrage","FTL","Rebound"],"relics":["Cracked Core","Boot","Kunai","Mummified Hand"],"potions_floor_usage":[16],"damage_taken":[{"damage":3,"enemies":"Jaw Worm","floor":1,"turns":3},{"damage":0,"enemies":"Cultist","floor":2,"turns":3},{"damage":0,"enemies":"Small Slimes","floor":5,"turns":3},{"damage":16,"enemies":"Lagavulin","floor":7,"turns":6},{"damage":19,"enemies":"Gremlin Gang","floor":8,"turns":4},{"damage":15,"enemies":"Large Slime","floor":10,"turns":5},{"damage":7,"enemies":"Blue Slaver","floor":13,"turns":2},{"damage":64,"enemies":"The Guardian","floor":16,"turns":9}],"seed_played":"-60278709890091773","potions_obtained":[{"floor":1,"key":"Strength Potion"},{"floor":7,"key":"AttackPotion"},{"floor":8,"key":"SkillPotion"}],"is_trial":false,"path_per_floor":["M","M","?","$","M","R","E","M","T","M","R","$","M","?","R","B"],"character_chosen":"DEFECT","items_purchased":[],"campfire_rested":2,"item_purchase_floors":[],"current_hp_per_floor":[72,72,72,72,72,72,56,37,37,22,44,44,37,37,59,0],"gold":36,"neow_bonus":"ONE_RANDOM_RARE_CARD","is_prod":false,"is_daily":false,"chose_seed":false,"campfire_upgraded":1,"win_rate":0.0,"timestamp":1617781402,"path_taken":["M","M","?","$","M","R","E","M","T","M","R","$","?","?","R","BOSS"],"build_version":"2020-12-22","purchased_purges":2,"victory":false,"max_hp_per_floor":[75,75,75,75,75,75,75,75,75,75,75,75,75,75,75,75],"card_choices":[{"not_picked":["Heatsinks","Gash"],"picked":"Leap","floor":1},{"not_picked":["Ball Lightning","Cold Snap"],"picked":"Darkness","floor":2},{"not_picked":["Tempest","Skim"],"picked":"Core Surge","floor":5},{"not_picked":["Coolheaded","Chill"],"picked":"Redo","floor":7},{"not_picked":["Turbo","Streamline"],"picked":"Barrage","floor":8},{"not_picked":["Beam Cell","Blizzard"],"picked":"FTL","floor":10},{"not_picked":["Consume","Chill"],"picked":"Rebound","floor":13}],"player_experience":73108,"relics_obtained":[{"floor":7,"key":"Boot"},{"floor":9,"key":"Kunai"}],"event_choices":[{"damage_healed":0,"gold_gain":0,"player_choice":"Bought 0 Potions","damage_taken":0,"max_hp_gain":0,"max_hp_loss":0,"event_name":"The Woman in Blue","floor":3,"gold_loss":0},{"cards_removed":["Core Surge"],"damage_healed":0,"gold_gain":0,"player_choice":"Gave Card","damage_taken":0,"relics_obtained":["Mummified Hand"],"max_hp_gain":0,"max_hp_loss":0,"event_name":"WeMeetAgain","floor":14,"gold_loss":0}],"is_beta":false,"boss_relics":[],"items_purged_floors":[4,12],"is_endless":false,"potions_floor_spawned":[1,7,8,10],"killed_by":"The Guardian","ascension_level":0}