{"gold_per_floor":[209,209,209,226,245,245,259,259,259,284,19,30,30,47,47,144,144,158,2,19,19,34,34,46,46,123,134,134,134],"floor_reached":29,"playtime":1286,"items_purged":["Strike_B","Defend_B"],"score":227,"play_id":"6757095a-77f9-4bfe-9cad-b33f063775af","local_time":"20210407112727","is_ascension_mode":false,"campfire_choices":[{"data":"Ball Lightning","floor":6,"key":"SMITH"},{"data":"Barrage","floor":8,"key":"SMITH"},{"floor":15,"key":"REST"},{"data":"Chaos","floor":23,"key":"SMITH"}],"neow_cost":"NONE","seed_source_timestamp":78577914640800,"circlet_count":0,"master_deck":["Strike_B","Strike_B","Defend_B","Defend_B","Zap+1","Dualcast","Barrage+1","Conserve Battery","Ball Lightning+1","Coolheaded","Thunder Strike","Chaos+1","Barrage","Machine Learning+1","Conserve Battery","Blizzard","Chill","Leap","Redo+1","Barrage+1","Conserve Battery","Rainbow"],"relics":["Cracked Core","Sundial","Bottled Flame","Frozen Egg 2","Membership Card","Empty Cage","Bottled Lightning"],"potions_floor_usage":[12,29],"damage_taken":[{"damage":1,"enemies":"2 Louse","floor":1,"turns":3},{"damage":8,"enemies":"Small Slimes","floor":4,"turns":3},{"damage":0,"enemies":"Cultist","floor":5,"turns":3},{"damage":13,"enemies":"Exordium Wildlife","floor":7,"turns":4},{"damage":22,"enemies":"Gremlin Nob","floor":10,"turns":4},{"damage":6,"enemies":"Lots of Slimes","floor":12,"turns":5},{"damage":7,"enemies":"Blue Slaver","floor":14,"turns":2},{"damage":17,"enemies":"Slime Boss","floor":16,"turns":10},{"damage":4,"enemies":"Shell Parasite","floor":18,"turns":6},{"damage":0,"enemies":"Spheric Guardian","floor":20,"turns":3},{"damage":23,"enemies":"Centurion and Healer","floor":22,"turns":9},{"damage":18,"enemies":"Snake Plant","floor":24,"turns":5},{"damage":11,"enemies":"Cultist and Chosen","floor":27,"turns":5},{"damage":11,"enemies":"Snecko","floor":29,"turns":3}],"seed_played":"5862332009858893293","potions_obtained":[{"floor":1,"key":"Swift Potion"},{"floor":10,"key":"BlessingOfTheForge"},{"floor":14,"key":"SpeedPotion"},{"floor":20,"key":"EssenceOfDarkness"}],"is_trial":false,"path_per_floor":["M","?","?","M","M","R","M","R","T","E","$","M","$","M","R","B",null,"M","$","M","$","M","R","M","?","T","M","?","M"],"character_chosen":"DEFECT","items_purchased":["Membership Card","Regen Potion","Blizzard","Chill","Leap"],"campfire_rested":1,"item_purchase_floors":[11,11,19,19,19],"current_hp_per_floor":[74,74,62,54,54,54,41,41,41,19,19,27,27,20,42,25,75,71,71,71,71,48,48,30,30,30,19,5,0],"gold":134,"neow_bonus":"HUNDRED_GOLD","is_prod":false,"is_daily":false,"chose_seed":false,"campfire_upgraded":3,"win_rate":0.0,"timestamp":1617809247,"path_taken":["M","?","?","M","M","R","M","R","T","E","$","M","$","M","R","BOSS","M","$","M","$","M","R","M","?","T","M","?","M"],"build_version":"2020-12-22","purchased_purges":2,"victory":false,"max_hp_per_floor":[75,75,75,75,75,75,75,75,75,75,75,75,75,75,75,75,75,75,75,75,75,75,75,75,75,75,75,80,80],"card_choices":[{"not_picked":["Force Field","Gash"],"picked":"Barrage","floor":1},{"not_picked":["Gash","Stack"],"picked":"Conserve Battery","floor":4},{"not_picked":["Compile Driver","Rebound"],"picked":"Ball Lightning","floor":5},{"not_picked":["Barrage","Conserve Battery"],"picked":"Coolheaded","floor":7},{"not_picked":["Genetic Algorithm","Streamline"],"picked":"Thunder Strike","floor":10},{"not_picked":["Steam","Conserve Battery"],"picked":"Chaos","floor":12},{"not_picked":["Turbo","Amplify"],"picked":"Barrage","floor":14},{"not_picked":["Hyperbeam","Reboot"],"picked":"Machine Learning+1","floor":16},{"not_picked":["Recycle+1","Redo"],"picked":"Conserve Battery","floor":18},{"not_picked":["Compile Driver","Go for the Eyes"],"picked":"Redo+1","floor":20},{"not_picked":["Double Energy","Cold Snap"],"picked":"Barrage+1","floor":22},{"not_picked":["Genetic Algorithm","Rebound"],"picked":"Conserve Battery","floor":24},{"not_picked":["Coolheaded","Beam Cell+1"],"picked":"Rainbow","floor":27}],"player_experience":82809,"relics_obtained":[{"floor":9,"key":"Bottled Flame"},{"floor":10,"key":"Frozen Egg 2"},{"floor":26,"key":"Bottled Lightning"}],"event_choices":[{"damage_healed":0,"gold_gain":0,"player_choice":"Grow","damage_taken":0,"max_hp_gain":0,"max_hp_loss":0,"event_name":"Living Wall","floor":2,"gold_loss":0,"cards_upgraded":["Zap"]},{"damage_healed":0,"gold_gain":0,"player_choice":"Success","damage_taken":12,"relics_obtained":["Sundial"],"max_hp_gain":0,"max_hp_loss":0,"event_name":"Scrap Ooze","floor":3,"gold_loss":0},{"damage_healed":0,"gold_gain":0,"player_choice":"Shed Blood","damage_taken":19,"max_hp_gain":5,"max_hp_loss":0,"event_name":"Forgotten Altar","floor":28,"gold_loss":0}],"is_beta":false,"boss_relics":[{"not_picked":["SacredBark","Inserter"],"picked":"Empty Cage"}],"items_purged_floors":[11,19],"is_endless":false,"potions_floor_spawned":[1,10,14,18,20,22],"killed_by":"Snecko","ascension_level":0}