{"gold_per_floor":[114,131,206,221,221,221,232,232,257,274,49,49,49,4,4,106,106,125,125,140,50,50,50,77,77],"floor_reached":25,"playtime":1418,"items_purged":["Strike_B"],"score":209,"play_id":"f9840223-49e5-48fe-b93f-1d61bc000d87","local_time":"20210407005810","is_ascension_mode":false,"campfire_choices":[{"data":"Go for the Eyes","floor":6,"key":"SMITH"},{"data":"Glacier","floor":8,"key":"SMITH"},{"data":"Double Energy","floor":13,"key":"SMITH"},{"data":"Hologram","floor":15,"key":"SMITH"},{"data":"Hologram","floor":23,"key":"SMITH"}],"neow_cost":"NONE","seed_source_timestamp":40688744641700,"circlet_count":0,"master_deck":["Strike_B","Strike_B","Strike_B","Defend_B","Defend_B","Defend_B","Defend_B","Zap+1","Dualcast+1","Scrape","Glacier+1","Go for the Eyes+1","Double Energy+1","Rebound","Gash","Hologram+1","Scrape","Stack","Buffer","White Noise+1","Hologram+1","Deep Breath","All For One"],"relics":["Cracked Core","NeowsBlessing","Toy Ornithopter","Black Star","Ancient Tea Set","Meat on the Bone"],"potions_floor_usage":[16,24,24],"damage_taken":[{"damage":0,"enemies":"Cultist","floor":1,"turns":1},{"damage":0,"enemies":"Jaw Worm","floor":2,"turns":1},{"damage":0,"enemies":"2 Louse","floor":4,"turns":1},{"damage":9,"enemies":"2 Fungi Beasts","floor":7,"turns":3},{"damage":2,"enemies":"Looter","floor":10,"turns":3},{"damage":9,"enemies":"Hexaghost","floor":16,"turns":10},{"damage":9,"enemies":"Shell Parasite","floor":18,"turns":7},{"damage":2,"enemies":"3 Byrds","floor":20,"turns":7},{"damage":37,"enemies":"Slavers","floor":24,"turns":9},{"damage":24,"enemies":"Centurion and Healer","floor":25,"turns":4}],"seed_played":"-3314874237768191958","potions_obtained":[{"floor":2,"key":"ColorlessPotion"},{"floor":10,"key":"SteroidPotion"},{"floor":16,"key":"Dexterity Potion"},{"floor":20,"key":"Block Potion"},{"floor":24,"key":"PotionOfCapacity"}],"is_trial":false,"path_per_floor":["M","M","?","M","?","R","M","R","T","M","$","?","R","$","R","B",null,"M","?","M","$","?","R","E","M"],"character_chosen":"DEFECT","items_purchased":["Gash","Hologram","Scrape","Stack","Deep Breath"],"campfire_rested":0,"item_purchase_floors":[11,11,11,14,21],"current_hp_per_floor":[75,75,64,64,49,49,40,40,40,38,38,63,63,63,63,59,75,66,52,50,50,50,50,23,0],"gold":77,"neow_bonus":"THREE_ENEMY_KILL","is_prod":false,"is_daily":false,"chose_seed":false,"campfire_upgraded":5,"win_rate":0.0,"timestamp":1617771490,"path_taken":["M","M","?","M","?","R","M","R","T","M","$","?","R","$","R","BOSS","M","?","M","$","?","R","E","?"],"build_version":"2020-12-22","purchased_purges":1,"victory":false,"max_hp_per_floor":[75,75,75,75,75,75,75,75,75,75,75,75,75,75,75,75,75,75,80,80,80,80,80,80,80],"card_choices":[{"not_picked":["Steam","Hologram"],"picked":"Scrape","floor":1},{"not_picked":["Compile Driver","Turbo"],"picked":"Glacier","floor":2},{"not_picked":["Cold Snap","Rebound"],"picked":"Go for the Eyes","floor":4},{"not_picked":["Skim","Blizzard"],"picked":"Double Energy","floor":7},{"not_picked":["Capacitor","Barrage"],"picked":"Rebound","floor":10},{"not_picked":["Meteor Strike","Fission"],"picked":"Buffer","floor":16},{"not_picked":["Tempest","Melter"],"picked":"White Noise+1","floor":18},{"not_picked":["Steam","Sweeping Beam"],"picked":"Hologram","floor":20},{"not_picked":["Coolheaded+1","Rebound"],"picked":"All For One","floor":24}],"player_experience":65431,"relics_obtained":[{"floor":9,"key":"Toy Ornithopter"},{"floor":24,"key":"Ancient Tea Set"},{"floor":24,"key":"Meat on the Bone"}],"event_choices":[{"damage_healed":0,"gold_gain":75,"player_choice":"Gather Gold","damage_taken":11,"max_hp_gain":0,"max_hp_loss":0,"event_name":"World of Goop","floor":3,"gold_loss":0},{"damage_healed":0,"gold_gain":0,"player_choice":"Entered Light","damage_taken":15,"max_hp_gain":0,"max_hp_loss":0,"event_name":"Shining Light","floor":5,"gold_loss":0,"cards_upgraded":["Zap","Dualcast"]},{"damage_healed":25,"gold_gain":0,"player_choice":"Banana","damage_taken":0,"max_hp_gain":0,"max_hp_loss":0,"event_name":"Big Fish","floor":12,"gold_loss":0},{"damage_healed":0,"gold_gain":0,"player_choice":"Shed Blood","damage_taken":19,"max_hp_gain":5,"max_hp_loss":0,"event_name":"Forgotten Altar","floor":19,"gold_loss":0},{"damage_healed":0,"gold_gain":0,"player_choice":"Ignored","damage_taken":0,"max_hp_gain":0,"max_hp_loss":0,"event_name":"NoteForYourself","floor":22,"gold_loss":0}],"is_beta":false,"boss_relics":[{"not_picked":["Busted Crown","Philosopher\u0027s Stone"],"picked":"Black Star"}],"items_purged_floors":[11],"is_endless":false,"potions_floor_spawned":[2,10,16,20,24],"killed_by":"Centurion and Healer","ascension_level":0}