{"gold_per_floor":[109,128,128,128,144,144,178,178,178,195,212,66,78,78,78,178,178,198,198,23,38,49,49,64,64,110,110,123,123,133,133],"floor_reached":31,"playtime":1358,"items_purged":["Hello World+1","Strike_B"],"score":239,"play_id":"d8c5885c-a32f-42e9-880f-03adf35fd2b5","local_time":"20210406184602","is_ascension_mode":false,"campfire_choices":[{"data":"Hello World","floor":6,"key":"SMITH"},{"data":"Zap","floor":8,"key":"SMITH"},{"floor":15,"key":"REST"},{"data":"Redo","floor":23,"key":"SMITH"},{"floor":25,"key":"REST"},{"floor":27,"key":"REST"}],"neow_cost":"NONE","seed_source_timestamp":18419670098600,"circlet_count":0,"master_deck":["Strike_B","Strike_B+1","Defend_B","Defend_B","Defend_B","Defend_B+1","Zap+1","Dualcast","Ball Lightning","Capacitor","Ball Lightning","Skim","Capacitor","Defragment","Go for the Eyes","Rebound","Beam Cell","Amplify","Heatsinks","Leap","Redo+1","Steam","Redo","Fusion+1","Conserve Battery"],"relics":["Cracked Core","Shuriken","InkBottle","Nuclear Battery","Centennial Puzzle"],"potions_floor_usage":[22,30],"damage_taken":[{"damage":1,"enemies":"Cultist","floor":1,"turns":3},{"damage":1,"enemies":"Jaw Worm","floor":2,"turns":2},{"damage":3,"enemies":"2 Louse","floor":5,"turns":2},{"damage":20,"enemies":"Gremlin Nob","floor":7,"turns":4},{"damage":12,"enemies":"Blue Slaver","floor":10,"turns":3},{"damage":5,"enemies":"Red Slaver","floor":11,"turns":3},{"damage":3,"enemies":"Large Slime","floor":13,"turns":3},{"damage":26,"enemies":"Hexaghost","floor":16,"turns":8},{"damage":10,"enemies":"Spheric Guardian","floor":18,"turns":3},{"damage":13,"enemies":"Shell Parasite","floor":21,"turns":6},{"damage":11,"enemies":"Chosen and Byrds","floor":22,"turns":6},{"damage":36,"enemies":"Snecko","floor":24,"turns":8},{"damage":29,"enemies":"Cultist and Chosen","floor":28,"turns":6},{"damage":20,"enemies":"3 Cultists","floor":30,"turns":6},{"damage":10,"enemies":"Colosseum Slavers","floor":31,"turns":2}],"seed_played":"-797204663602019213","potions_obtained":[{"floor":1,"key":"SpeedPotion"},{"floor":11,"key":"SteroidPotion"},{"floor":13,"key":"DistilledChaos"},{"floor":21,"key":"EntropicBrew"},{"floor":28,"key":"Weak Potion"}],"is_trial":false,"path_per_floor":["M","M","?","?","M","R","E","R","T","M","M","$","M","?","R","B",null,"M","?","$","M","M","R","M","R","T","R","M","?","M","?"],"character_chosen":"DEFECT","items_purchased":["Go for the Eyes","Rebound","Leap","Redo"],"campfire_rested":3,"item_purchase_floors":[12,12,20,20],"current_hp_per_floor":[74,73,58,63,60,60,40,40,40,28,23,23,20,20,44,18,80,70,70,70,57,46,46,10,34,34,58,29,29,9,0],"gold":133,"neow_bonus":"TRANSFORM_CARD","is_prod":false,"is_daily":false,"chose_seed":false,"campfire_upgraded":3,"win_rate":0.0,"timestamp":1617749162,"path_taken":["M","M","?","?","M","R","E","R","T","M","?","$","M","?","R","BOSS","M","?","$","M","M","R","M","R","T","R","M","?","?","?"],"build_version":"2020-12-22","purchased_purges":2,"victory":false,"max_hp_per_floor":[75,75,75,80,80,80,80,80,80,80,80,80,80,80,80,80,80,80,80,80,80,80,80,80,80,80,80,80,80,80,80],"card_choices":[{"not_picked":["Steam Power","Aggregate"],"picked":"Ball Lightning","floor":1},{"not_picked":["Compile Driver","Go for the Eyes"],"picked":"Capacitor","floor":2},{"not_picked":["Turbo","Hello World"],"picked":"Ball Lightning","floor":5},{"not_picked":["Blizzard","Multi-Cast"],"picked":"Skim","floor":7},{"not_picked":["Conserve Battery","Heatsinks"],"picked":"Capacitor","floor":10},{"not_picked":["Barrage","Rebound"],"picked":"Defragment","floor":11},{"not_picked":["Compile Driver","Streamline"],"picked":"Beam Cell","floor":13},{"not_picked":["Multi-Cast","Fission"],"picked":"Amplify","floor":16},{"not_picked":["Double Energy","Consume"],"picked":"Heatsinks","floor":18},{"not_picked":["Scrape+1","Static Discharge+1"],"picked":"Steam","floor":21},{"not_picked":["Gash+1","Beam Cell+1"],"picked":"Redo","floor":22},{"not_picked":["Skim+1","Streamline","Beam Cell"],"picked":"SKIP","floor":24},{"not_picked":["Blizzard","Defragment"],"picked":"Fusion","floor":28},{"not_picked":["Barrage","Compile Driver"],"picked":"Conserve Battery","floor":30}],"player_experience":43831,"relics_obtained":[{"floor":7,"key":"Shuriken"},{"floor":9,"key":"InkBottle"},{"floor":26,"key":"Centennial Puzzle"}],"event_choices":[{"damage_healed":0,"gold_gain":0,"player_choice":"Entered Light","damage_taken":15,"max_hp_gain":0,"max_hp_loss":0,"event_name":"Shining Light","floor":3,"gold_loss":0,"cards_upgraded":["Strike_B","Defend_B"]},{"damage_healed":0,"gold_gain":0,"player_choice":"Donut","damage_taken":0,"max_hp_gain":5,"max_hp_loss":0,"event_name":"Big Fish","floor":4,"gold_loss":0},{"damage_healed":0,"gold_gain":0,"player_choice":"Searched \u00270\u0027 times","damage_taken":0,"max_hp_gain":0,"max_hp_loss":0,"event_name":"Dead Adventurer","floor":14,"gold_loss":0},{"damage_healed":0,"gold_gain":0,"player_choice":"Ignored","damage_taken":0,"max_hp_gain":0,"max_hp_loss":0,"event_name":"Ghosts","floor":19,"gold_loss":0},{"damage_healed":0,"gold_gain":0,"player_choice":"Upgraded","damage_taken":0,"max_hp_gain":0,"max_hp_loss":0,"event_name":"Upgrade Shrine","floor":29,"gold_loss":0,"cards_upgraded":["Fusion"]},{"damage_healed":0,"gold_gain":0,"player_choice":"Fight","damage_taken":0,"max_hp_gain":0,"max_hp_loss":0,"event_name":"Colosseum","floor":31,"gold_loss":0}],"is_beta":false,"boss_relics":[{"not_picked":["Fusion Hammer","FrozenCore"],"picked":"Nuclear Battery"}],"items_purged_floors":[12,20],"is_endless":false,"potions_floor_spawned":[1,11,13,16,18,21,28],"killed_by":"Colosseum Slavers","ascension_level":0}