{"gold_per_floor":[112,129,129,141,141,141,164,164,164,164,164,179,179,22,22,141,141,155,168,168,168,193,193],"floor_reached":23,"playtime":1069,"items_purged":["Strike_B"],"score":181,"play_id":"6dbe9f5d-b2b6-4eda-9aac-eb944fffd5f7","local_time":"20210407050046","is_ascension_mode":false,"campfire_choices":[{"data":"Hyperbeam","floor":6,"key":"SMITH"},{"data":"Zap","floor":8,"key":"SMITH"},{"data":"Leap","floor":10,"key":"SMITH"},{"data":"Discovery","floor":15,"key":"SMITH"}],"neow_cost":"NONE","seed_source_timestamp":55592969027600,"circlet_count":0,"master_deck":["Strike_B","Strike_B","Strike_B","Defend_B+1","Defend_B","Defend_B","Defend_B","Zap+1","Dualcast+1","Go for the Eyes","Leap+1","Hyperbeam+1","Conserve Battery+1","Hologram","Discovery+1","Fission","Leap","Zap","Leap"],"relics":["Cracked Core","NeowsBlessing","Golden Idol","Juzu Bracelet"],"potions_floor_usage":[16],"damage_taken":[{"damage":0,"enemies":"Cultist","floor":1,"turns":1},{"damage":0,"enemies":"Small Slimes","floor":2,"turns":1},{"damage":0,"enemies":"Jaw Worm","floor":4,"turns":1},{"damage":3,"enemies":"Exordium Thugs","floor":7,"turns":3},{"damage":0,"enemies":"Lots of Slimes","floor":12,"turns":2},{"damage":23,"enemies":"Hexaghost","floor":16,"turns":7},{"damage":18,"enemies":"Chosen","floor":18,"turns":6},{"damage":3,"enemies":"3 Byrds","floor":19,"turns":7},{"damage":12,"enemies":"Snecko","floor":22,"turns":6},{"damage":41,"enemies":"Gremlin Leader","floor":23,"turns":4}],"seed_played":"1805968143832643606","potions_obtained":[{"floor":2,"key":"FearPotion"},{"floor":4,"key":"LiquidBronze"},{"floor":18,"key":"DistilledChaos"}],"is_trial":false,"path_per_floor":["M","M","?","M","?","R","M","R","T","R","?","M","?","$","R","B",null,"M","M","?","?","M","E"],"character_chosen":"DEFECT","items_purchased":["Discovery"],"campfire_rested":0,"item_purchase_floors":[14],"current_hp_per_floor":[75,75,60,60,60,60,57,57,57,57,57,57,57,57,57,34,69,51,48,48,48,36,0],"gold":193,"neow_bonus":"THREE_ENEMY_KILL","is_prod":false,"is_daily":false,"chose_seed":false,"campfire_upgraded":4,"win_rate":0.0,"timestamp":1617786046,"path_taken":["M","M","?","M","?","R","M","R","T","R","?","M","?","$","R","BOSS","M","M","?","?","M","E"],"build_version":"2020-12-22","purchased_purges":1,"victory":false,"max_hp_per_floor":[75,75,75,75,69,69,69,69,69,69,69,69,69,69,69,69,69,69,69,69,69,69,69],"card_choices":[{"not_picked":["Stack","Glacier"],"picked":"Go for the Eyes","floor":1},{"not_picked":["Go for the Eyes","Sweeping Beam"],"picked":"Leap","floor":2},{"not_picked":["Sweeping Beam","Compile Driver"],"picked":"Hyperbeam","floor":4},{"not_picked":["Compile Driver","Stack"],"picked":"Conserve Battery","floor":7},{"not_picked":["Lockon","Steam"],"picked":"Hologram","floor":12},{"not_picked":["Multi-Cast","Seek"],"picked":"Fission","floor":16},{"not_picked":["Redo","Self Repair","Stack"],"picked":"SKIP","floor":18},{"not_picked":["Gash","Go for the Eyes"],"picked":"Leap","floor":19},{"not_picked":["Go for the Eyes","Sunder","Ball Lightning"],"picked":"SKIP","floor":22}],"player_experience":77549,"relics_obtained":[{"floor":9,"key":"Juzu Bracelet"}],"event_choices":[{"damage_healed":0,"gold_gain":0,"player_choice":"Entered Light","damage_taken":15,"max_hp_gain":0,"max_hp_loss":0,"event_name":"Shining Light","floor":3,"gold_loss":0,"cards_upgraded":["Dualcast","Defend_B"]},{"damage_healed":0,"gold_gain":0,"player_choice":"Lose Max HP","damage_taken":0,"relics_obtained":["Golden Idol"],"max_hp_gain":0,"max_hp_loss":6,"event_name":"Golden Idol","floor":5,"gold_loss":0},{"damage_healed":0,"gold_gain":0,"player_choice":"Upgraded","damage_taken":0,"max_hp_gain":0,"max_hp_loss":0,"event_name":"Upgrade Shrine","floor":11,"gold_loss":0,"cards_upgraded":["Conserve Battery"]},{"damage_healed":0,"gold_gain":0,"player_choice":"Ignored","damage_taken":0,"max_hp_gain":0,"max_hp_loss":0,"event_name":"Liars Game","floor":13,"gold_loss":0},{"damage_healed":0,"gold_gain":0,"player_choice":"2 cards matched","damage_taken":0,"max_hp_gain":0,"max_hp_loss":0,"event_name":"Match and Keep!","floor":20,"gold_loss":0,"cards_obtained":["Zap","Leap"]},{"damage_healed":0,"gold_gain":0,"player_choice":"Ignored","damage_taken":0,"max_hp_gain":0,"max_hp_loss":0,"event_name":"Vampires","floor":21,"gold_loss":0}],"is_beta":false,"boss_relics":[{"not_picked":["Velvet Choker","Black Star","Busted Crown"]}],"items_purged_floors":[14],"is_endless":false,"potions_floor_spawned":[2,4,18],"killed_by":"Gremlin Leader","ascension_level":0}