{"gold_per_floor":[110,126,126,126,126,145,162,173,198,198,210,224,224,236,236,339,339,359,20,20,39,39,39,49,49],"floor_reached":25,"playtime":1061,"items_purged":["Rebound"],"score":222,"play_id":"a89e4f30-1107-4ffb-abf2-317caf48cea3","local_time":"20210407000503","is_ascension_mode":false,"campfire_choices":[{"floor":10,"key":"REST"},{"data":"Fusion","floor":13,"key":"SMITH"},{"floor":15,"key":"REST"},{"data":"Darkness","floor":23,"key":"SMITH"}],"neow_cost":"NONE","seed_source_timestamp":37858650640400,"circlet_count":0,"master_deck":["Strike_B","Strike_B","Strike_B","Strike_B","Defend_B","Defend_B","Defend_B","Defend_B","Zap","Dualcast+1","Bandage Up+1","Ball Lightning","Darkness+1","Rebound","Rebound","Fusion+1","Auto Shields","Cold Snap","Ball Lightning","Hyperbeam","Redo+1","Redo"],"relics":["Cracked Core","Bronze Scales"],"potions_floor_usage":[11,16,16,19,24,24],"damage_taken":[{"damage":10,"enemies":"Small Slimes","floor":1,"turns":3},{"damage":6,"enemies":"Jaw Worm","floor":2,"turns":3},{"damage":9,"enemies":"Cultist","floor":6,"turns":4},{"damage":13,"enemies":"Red Slaver","floor":7,"turns":2},{"damage":20,"enemies":"Looter","floor":8,"turns":3},{"damage":9,"enemies":"Large Slime","floor":11,"turns":4},{"damage":2,"enemies":"Exordium Wildlife","floor":12,"turns":2},{"damage":5,"enemies":"Looter","floor":14,"turns":3},{"damage":37,"enemies":"Hexaghost","floor":16,"turns":8},{"damage":16,"enemies":"3 Byrds","floor":18,"turns":3},{"damage":12,"enemies":"Shell Parasite","floor":21,"turns":6},{"damage":18,"enemies":"Snake Plant","floor":24,"turns":3},{"damage":56,"enemies":"Centurion and Healer","floor":25,"turns":6}],"seed_played":"-5332009840164480490","potions_obtained":[{"floor":6,"key":"Dexterity Potion"},{"floor":7,"key":"Ancient Potion"},{"floor":12,"key":"FocusPotion"},{"floor":16,"key":"EssenceOfSteel"},{"floor":21,"key":"Fire Potion"}],"is_trial":false,"path_per_floor":["M","M","?","?","?","M","M","M","T","R","M","M","R","M","R","B",null,"M","$","?","M","$","R","M","M"],"character_chosen":"DEFECT","items_purchased":["Fruit Juice","Hyperbeam"],"campfire_rested":2,"item_purchase_floors":[19,19],"current_hp_per_floor":[69,67,52,52,45,42,29,15,15,37,34,38,38,39,61,30,75,59,64,90,84,84,84,66,16],"gold":49,"neow_bonus":"RANDOM_COLORLESS","is_prod":false,"is_daily":false,"chose_seed":false,"campfire_upgraded":2,"win_rate":0.0,"timestamp":1617768303,"path_taken":["M","M","?","?","?","M","?","M","T","R","M","M","R","M","R","BOSS","M","$","?","?","?","R","M","M"],"build_version":"2020-12-22","purchased_purges":1,"victory":false,"max_hp_per_floor":[75,75,75,75,75,75,75,75,75,75,75,75,75,75,75,75,75,75,80,90,90,90,90,90,90],"card_choices":[{"not_picked":["Blind","Mind Blast"],"picked":"Bandage Up","floor":0},{"not_picked":["Defragment","Sweeping Beam"],"picked":"Ball Lightning","floor":1},{"not_picked":["Hologram","Beam Cell"],"picked":"Darkness","floor":2},{"not_picked":["Steam","Scrape"],"picked":"Rebound","floor":6},{"not_picked":["Steam Power","Undo"],"picked":"Rebound","floor":7},{"not_picked":["Gash","Heatsinks"],"picked":"Rebound","floor":8},{"not_picked":["Genetic Algorithm","Redo"],"picked":"Fusion","floor":11},{"not_picked":["White Noise","Sunder"],"picked":"Auto Shields","floor":12},{"not_picked":["Sunder","Beam Cell"],"picked":"Cold Snap","floor":14},{"not_picked":["Meteor Strike","Reboot"],"picked":"Machine Learning","floor":16},{"not_picked":["Loop","Gash"],"picked":"Ball Lightning","floor":18},{"not_picked":["Force Field","Turbo"],"picked":"Redo+1","floor":21},{"not_picked":["Ball Lightning","Sweeping Beam"],"picked":"Redo","floor":24}],"player_experience":62630,"relics_obtained":[{"floor":9,"key":"Bronze Scales"}],"event_choices":[{"damage_healed":0,"gold_gain":0,"player_choice":"Entered Light","damage_taken":15,"max_hp_gain":0,"max_hp_loss":0,"event_name":"Shining Light","floor":3,"gold_loss":0,"cards_upgraded":["Dualcast","Bandage Up"]},{"damage_healed":0,"gold_gain":0,"player_choice":"Ignored","damage_taken":0,"max_hp_gain":0,"max_hp_loss":0,"event_name":"Liars Game","floor":4,"gold_loss":0},{"damage_healed":0,"gold_gain":0,"player_choice":"Fled","damage_taken":7,"max_hp_gain":0,"max_hp_loss":0,"event_name":"Scrap Ooze","floor":5,"gold_loss":0},{"cards_removed":["Machine Learning"],"damage_healed":16,"gold_gain":0,"player_choice":"Offered Rare","damage_taken":0,"max_hp_gain":10,"max_hp_loss":0,"event_name":"Bonfire Elementals","floor":20,"gold_loss":0}],"is_beta":false,"boss_relics":[{"not_picked":["Ectoplasm","Philosopher\u0027s Stone","Fusion Hammer"]}],"items_purged_floors":[19],"is_endless":false,"potions_floor_spawned":[6,7,12,16,21],"killed_by":"Centurion and Healer","ascension_level":0}