{"gold_per_floor":[119,139,154,154,174,199,199,37,37,52,52,107,107,107,107,209,209,220,234,15,29,45,73,73,88,88,88,88,107,107,7,7,136,186,203,203,216,226,238,238,264,264,290,19,19,0,0,0,0,0],"floor_reached":50,"playtime":3547,"items_purged":["Strike_B","Strike_B","Strike_B"],"score":550,"play_id":"601d989c-7e39-4dda-8d42-f43b5f12f0d6","local_time":"20210406211524","is_ascension_mode":false,"campfire_choices":[{"data":"Defragment","floor":7,"key":"SMITH"},{"data":"Transmutation","floor":11,"key":"SMITH"},{"data":"Buffer","floor":13,"key":"SMITH"},{"floor":15,"key":"REST"},{"floor":28,"key":"REST"},{"floor":30,"key":"REST"},{"data":"Dualcast","floor":32,"key":"SMITH"},{"floor":40,"key":"REST"},{"floor":42,"key":"REST"},{"floor":45,"key":"REST"},{"data":"Echo Form","floor":47,"key":"SMITH"},{"data":"Thinking Ahead","floor":49,"key":"SMITH"}],"neow_cost":"NONE","seed_source_timestamp":25193095576500,"circlet_count":0,"master_deck":["Strike_B","Defend_B","Defend_B","Defend_B+1","Defend_B","Zap+1","Dualcast+1","Gash","Defragment+1","Gash","Gash","Genetic Algorithm","Transmutation+1","Conserve Battery+1","Buffer+1","All For One","Gash+1","Sunder","FTL","Ball Lightning","Ball Lightning","Beam Cell","Rebound+1","Echo Form+1","Ball Lightning","Rebound","Gash","Auto Shields+1","Streamline","Trip","Thinking Ahead+1","Flash of Steel"],"relics":["Cracked Core","Orichalcum","FossilizedHelix","Ornamental Fan","Blood Vial","Lantern","Lee\u0027s Waffle","Vajra","Pocketwatch","Tiny House","Bronze Scales","Anchor","War Paint","Red Mask"],"potions_floor_usage":[16,35,37,39,41,50],"damage_taken":[{"damage":0,"enemies":"Small Slimes","floor":1,"turns":4},{"damage":0,"enemies":"2 Louse","floor":2,"turns":3},{"damage":6,"enemies":"Jaw Worm","floor":3,"turns":3},{"damage":5,"enemies":"Looter","floor":5,"turns":3},{"damage":16,"enemies":"Lagavulin","floor":6,"turns":6},{"damage":0,"enemies":"Exordium Wildlife","floor":10,"turns":3},{"damage":3,"enemies":"3 Sentries","floor":12,"turns":6},{"damage":11,"enemies":"The Guardian","floor":16,"turns":12},{"damage":0,"enemies":"Spheric Guardian","floor":18,"turns":3},{"damage":17,"enemies":"Chosen","floor":19,"turns":6},{"damage":22,"enemies":"Snake Plant","floor":21,"turns":4},{"damage":0,"enemies":"Snecko","floor":22,"turns":4},{"damage":37,"enemies":"Gremlin Leader","floor":23,"turns":6},{"damage":10,"enemies":"Sentry and Sphere","floor":25,"turns":4},{"damage":5,"enemies":"Chosen and Byrds","floor":29,"turns":4},{"damage":24,"enemies":"Champ","floor":33,"turns":9},{"damage":0,"enemies":"Orb Walker","floor":35,"turns":3},{"damage":24,"enemies":"3 Shapes","floor":37,"turns":3},{"damage":43,"enemies":"3 Darklings","floor":38,"turns":6},{"damage":0,"enemies":"Transient","floor":39,"turns":5},{"damage":41,"enemies":"Reptomancer","floor":41,"turns":5},{"damage":77,"enemies":"Donu and Deca","floor":50,"turns":8}],"seed_played":"4974428963257165186","potions_obtained":[{"floor":2,"key":"Block Potion"},{"floor":5,"key":"SpeedPotion"},{"floor":6,"key":"DistilledChaos"},{"floor":16,"key":"Energy Potion"},{"floor":23,"key":"DistilledChaos"},{"floor":33,"key":"DistilledChaos"},{"floor":35,"key":"SteroidPotion"},{"floor":39,"key":"Fruit Juice"},{"floor":41,"key":"Explosive Potion"}],"is_trial":false,"path_per_floor":["M","M","M","?","M","E","R","$","T","M","R","E","R","?","R","B",null,"M","M","$","M","M","E","?","M","T","?","R","M","R","$","R","B",null,"M","$","M","M","M","R","E","R","T","$","R","?","R","?","R","B"],"character_chosen":"DEFECT","items_purchased":["Transmutation","Lee\u0027s Waffle","War Paint"],"campfire_rested":6,"item_purchase_floors":[8,20,44],"current_hp_per_floor":[75,75,69,62,57,41,41,41,41,41,41,38,38,38,60,51,75,75,58,82,60,62,27,27,19,19,19,43,40,64,64,64,42,87,87,87,63,22,24,50,16,43,43,43,70,70,70,60,60,0],"gold":0,"neow_bonus":"UPGRADE_CARD","is_prod":false,"is_daily":false,"chose_seed":false,"campfire_upgraded":6,"win_rate":0.0,"timestamp":1617758124,"path_taken":["M","M","M","?","M","E","R","$","T","M","R","E","R","?","R","BOSS","M","M","$","M","M","E","?","M","T","?","R","?","R","?","R","BOSS","M","$","?","M","M","R","E","R","T","$","R","?","R","?","R","BOSS"],"build_version":"2020-12-22","purchased_purges":3,"victory":false,"max_hp_per_floor":[75,75,75,75,75,75,75,75,75,75,75,75,75,75,75,75,75,75,75,82,82,82,82,82,82,82,82,82,82,82,82,82,82,87,87,87,87,87,87,87,92,92,92,92,92,92,92,92,92,92],"card_choices":[{"not_picked":["Go for the Eyes","Coolheaded"],"picked":"Gash","floor":1},{"not_picked":["Heatsinks","Darkness"],"picked":"Defragment","floor":2},{"not_picked":["Hologram","Reinforced Body"],"picked":"Gash","floor":3},{"not_picked":["Loop","Beam Cell"],"picked":"Gash","floor":5},{"not_picked":["Darkness","Hologram"],"picked":"Genetic Algorithm","floor":6},{"not_picked":["Loop","Stack"],"picked":"Conserve Battery","floor":10},{"not_picked":["Reinforced Body","White Noise"],"picked":"Buffer","floor":12},{"not_picked":["Biased Cognition","Machine Learning"],"picked":"All For One","floor":16},{"not_picked":["Conserve Battery","Static Discharge"],"picked":"Gash+1","floor":18},{"not_picked":["Steam+1","Streamline"],"picked":"Sunder","floor":19},{"not_picked":["Cold Snap","Rebound"],"picked":"FTL","floor":21},{"not_picked":["Cold Snap+1","Sunder"],"picked":"Ball Lightning","floor":22},{"not_picked":["Reboot","Rip and Tear"],"picked":"Ball Lightning","floor":23},{"not_picked":["Sweeping Beam","Steam Power","Compile Driver"],"picked":"SKIP","floor":25},{"not_picked":["Undo","Beam Cell"],"picked":"Rebound","floor":29},{"not_picked":["Multi-Cast","Thunder Strike"],"picked":"Echo Form","floor":33},{"not_picked":["Auto Shields","Chaos"],"picked":"Ball Lightning","floor":34},{"not_picked":["Turbo+1","Storm"],"picked":"Rebound","floor":35},{"not_picked":["Rebound+1","Ball Lightning"],"picked":"Gash","floor":37},{"not_picked":["Turbo+1","Melter+1"],"picked":"Auto Shields+1","floor":38},{"not_picked":["Glacier","Sweeping Beam"],"picked":"Streamline","floor":39},{"not_picked":["Aggregate+1","Rainbow","Chaos"],"picked":"SKIP","floor":41},{"not_picked":["Thinking Ahead","Swift Strike"],"picked":"Trip","floor":48},{"not_picked":["Blind","Secret Technique"],"picked":"Thinking Ahead","floor":48},{"not_picked":["Swift Strike","HandOfGreed"],"picked":"Flash of Steel","floor":48}],"player_experience":50092,"relics_obtained":[{"floor":6,"key":"FossilizedHelix"},{"floor":9,"key":"Ornamental Fan"},{"floor":12,"key":"Blood Vial"},{"floor":23,"key":"Vajra"},{"floor":26,"key":"Pocketwatch"},{"floor":41,"key":"Bronze Scales"},{"floor":43,"key":"Anchor"}],"event_choices":[{"damage_healed":0,"gold_gain":0,"player_choice":"Success","damage_taken":7,"relics_obtained":["Orichalcum"],"max_hp_gain":0,"max_hp_loss":0,"event_name":"Scrap Ooze","floor":4,"gold_loss":0},{"damage_healed":0,"gold_gain":0,"player_choice":"Searched \u00271\u0027 times","damage_taken":0,"relics_obtained":["Lantern"],"max_hp_gain":0,"max_hp_loss":0,"event_name":"Dead Adventurer","floor":14,"gold_loss":0},{"damage_healed":0,"gold_gain":0,"player_choice":"Read","damage_taken":0,"max_hp_gain":0,"max_hp_loss":0,"event_name":"The Library","floor":27,"gold_loss":0,"cards_obtained":["Beam Cell"]},{"damage_healed":0,"gold_gain":0,"player_choice":"Paid","damage_taken":0,"relics_obtained":["Red Mask"],"max_hp_gain":0,"max_hp_loss":0,"event_name":"Tomb of Lord Red Mask","floor":46,"gold_loss":19},{"damage_healed":0,"gold_gain":0,"player_choice":"Memory 3","damage_taken":10,"max_hp_gain":0,"max_hp_loss":0,"event_name":"SensoryStone","floor":48,"gold_loss":0}],"is_beta":false,"boss_relics":[{"not_picked":["Snecko Eye","Ectoplasm","Calling Bell"]},{"not_picked":["Cursed Key","Coffee Dripper"],"picked":"Tiny House"}],"items_purged_floors":[20,31,44],"is_endless":false,"potions_floor_spawned":[2,5,6,16,19,21,23,25,33,35,39,41],"killed_by":"Donu and Deca","ascension_level":0}