{"gold_per_floor":[112,92,102,120,131,159,159,184,184,184,184],"floor_reached":11,"playtime":371,"items_purged":[],"score":87,"play_id":"d7c5c30a-bf95-4c2f-bd7a-29619429b618","local_time":"20210418123059","is_ascension_mode":true,"campfire_choices":[{"floor":7,"key":"REST"}],"neow_cost":"NONE","seed_source_timestamp":803883620329900,"circlet_count":0,"master_deck":["Strike_B","Strike_B","Strike_B","Strike_B","Defend_B","Defend_B","Defend_B","Defend_B","Zap","Dualcast","Darkness","Darkness","Sweeping Beam","Melter","Conserve Battery","Coolheaded+1"],"relics":["Cracked Core","Ornamental Fan","Toxic Egg 2","Gremlin Horn"],"potions_floor_usage":[11,11],"damage_taken":[{"damage":5,"enemies":"Jaw Worm","floor":1,"turns":4},{"damage":6,"enemies":"Cultist","floor":3,"turns":3},{"damage":7,"enemies":"Small Slimes","floor":4,"turns":3},{"damage":11,"enemies":"3 Louse","floor":5,"turns":3},{"damage":21,"enemies":"Lagavulin","floor":6,"turns":7},{"damage":45,"enemies":"3 Sentries","floor":8,"turns":7},{"damage":30,"enemies":"Gremlin Nob","floor":11,"turns":3}],"seed_played":"-7987639327439303185","potions_obtained":[{"floor":2,"key":"GamblersBrew"},{"floor":4,"key":"FearPotion"},{"floor":6,"key":"Weak Potion"}],"is_trial":false,"path_per_floor":["M","?","M","M","M","E","R","E","T","?","E"],"character_chosen":"DEFECT","items_purchased":[],"campfire_rested":1,"item_purchase_floors":[],"current_hp_per_floor":[77,77,71,64,53,32,56,11,11,11,0],"gold":184,"neow_bonus":"TEN_PERCENT_HP_BONUS","is_prod":false,"is_daily":false,"chose_seed":false,"campfire_upgraded":0,"win_rate":0,"timestamp":1618763459,"path_taken":["M","?","M","?","M","E","R","E","T","?","E"],"build_version":"2020-12-22","purchased_purges":0,"victory":false,"max_hp_per_floor":[82,82,82,82,82,82,82,82,82,82,82],"card_choices":[{"not_picked":["Rebound","Turbo"],"picked":"Darkness","floor":1},{"not_picked":["Steam","Lockon"],"picked":"Darkness","floor":3},{"not_picked":["Compile Driver","Skim"],"picked":"Sweeping Beam","floor":4},{"not_picked":["Force Field","Stack"],"picked":"Melter","floor":5},{"not_picked":["Double Energy","FTL"],"picked":"Conserve Battery","floor":6},{"not_picked":["Storm","Capacitor"],"picked":"Coolheaded+1","floor":8}],"player_experience":165177,"relics_obtained":[{"floor":6,"key":"Ornamental Fan"},{"floor":8,"key":"Toxic Egg 2"},{"floor":9,"key":"Gremlin Horn"}],"event_choices":[{"damage_healed":0,"gold_gain":0,"player_choice":"Bought 1 Potion","damage_taken":0,"max_hp_gain":0,"max_hp_loss":0,"event_name":"The Woman in Blue","floor":2,"gold_loss":0},{"damage_healed":0,"gold_gain":0,"player_choice":"Ignored","damage_taken":0,"max_hp_gain":0,"max_hp_loss":0,"event_name":"Golden Idol","floor":10,"gold_loss":0}],"is_beta":false,"boss_relics":[],"items_purged_floors":[],"is_endless":false,"potions_floor_spawned":[4,6],"killed_by":"Gremlin Nob","ascension_level":1}