{"gold_per_floor":[115,126,126,142,142,142,169,186,212,229,270,345,387,408,408,519,591,613,622,645,645,671,671,696,226,226,226,245,245,245,274,274,274],"floor_reached":33,"playtime":2772,"items_purged":["Thunder Strike"],"score":309,"play_id":"471e9be8-21d6-4b5a-a2d2-471878ae816a","local_time":"20210501102226","is_ascension_mode":true,"campfire_choices":[{"data":"Zap","floor":6,"key":"SMITH"},{"floor":15,"key":"REST"},{"data":"Defragment","floor":23,"key":"SMITH"},{"floor":27,"key":"REST"},{"data":"Genetic Algorithm","floor":29,"key":"SMITH"},{"floor":32,"key":"REST"}],"neow_cost":"NONE","seed_source_timestamp":1007515359961500,"circlet_count":0,"master_deck":["Zap+1","Dualcast","Leap","Ball Lightning","Undo","Conserve Battery","Glacier","Rebound","Electrodynamics","Redo","Rainbow","Hologram","Gash","Compile Driver","Reinforced Body","Darkness","Core Surge","Defragment+1","Creative AI","Barrage","Hologram","Reprogram","Stack","Genetic Algorithm+1","Buffer"],"relics":["Cracked Core","Anchor","Nunchaku","Juzu Bracelet","CeramicFish","Ornamental Fan","Pandora\u0027s Box","Calipers","Regal Pillow"],"potions_floor_usage":[13,18,20,24,33,33,33],"damage_taken":[{"damage":5,"enemies":"Small Slimes","floor":1,"turns":3},{"damage":3,"enemies":"Jaw Worm","floor":2,"turns":3},{"damage":0,"enemies":"Cultist","floor":4,"turns":3},{"damage":7,"enemies":"Lagavulin","floor":7,"turns":7},{"damage":0,"enemies":"2 Fungi Beasts","floor":8,"turns":3},{"damage":5,"enemies":"Blue Slaver","floor":10,"turns":4},{"damage":14,"enemies":"3 Sentries","floor":11,"turns":7},{"damage":3,"enemies":"Gremlin Nob","floor":13,"turns":4},{"damage":0,"enemies":"Large Slime","floor":14,"turns":4},{"damage":12,"enemies":"The Guardian","floor":16,"turns":16},{"damage":24,"enemies":"2 Thieves","floor":18,"turns":4},{"damage":2,"enemies":"3 Byrds","floor":20,"turns":5},{"damage":13,"enemies":"Snake Plant","floor":22,"turns":5},{"damage":27,"enemies":"Sentry and Sphere","floor":24,"turns":7},{"damage":23,"enemies":"Shelled Parasite and Fungi","floor":28,"turns":7},{"damage":9,"enemies":"Snecko","floor":31,"turns":6},{"damage":76,"enemies":"Automaton","floor":33,"turns":12}],"seed_played":"8181313941840758057","potions_obtained":[{"floor":2,"key":"SkillPotion"},{"floor":7,"key":"BlessingOfTheForge"},{"floor":8,"key":"DistilledChaos"},{"floor":11,"key":"EntropicBrew"},{"floor":16,"key":"DistilledChaos"},{"floor":18,"key":"SpeedPotion"},{"floor":31,"key":"LiquidMemories"}],"is_trial":false,"path_per_floor":["M","M","?","M","?","R","E","M","T","M","E","?","E","M","R","B",null,"M","?","M","?","M","R","M","$","T","R","M","R","?","M","R","B"],"character_chosen":"DEFECT","items_purchased":["Calipers","Stack","Genetic Algorithm"],"campfire_rested":3,"item_purchase_floors":[25,25,25],"current_hp_per_floor":[77,74,58,58,51,51,44,44,44,39,25,14,11,11,35,23,82,58,58,56,56,43,43,16,16,16,55,32,32,32,23,62,0],"gold":274,"neow_bonus":"TEN_PERCENT_HP_BONUS","is_prod":false,"is_daily":false,"chose_seed":false,"campfire_upgraded":3,"win_rate":0,"timestamp":1619878946,"path_taken":["M","M","?","M","?","R","E","M","T","M","E","?","E","M","R","BOSS","M","?","M","?","M","R","M","$","T","R","M","R","?","M","R","BOSS"],"build_version":"2020-12-22","purchased_purges":1,"victory":false,"max_hp_per_floor":[82,82,82,82,82,82,82,82,82,82,82,82,82,82,82,82,82,82,82,82,82,82,82,82,82,82,82,82,82,82,82,82,82],"card_choices":[{"not_picked":["Rebound","Beam Cell"],"picked":"Leap","floor":1},{"not_picked":["FTL","Rebound"],"picked":"Ball Lightning","floor":2},{"not_picked":["Leap","Static Discharge","Blizzard"],"picked":"SKIP","floor":4},{"not_picked":["Aggregate","Sweeping Beam"],"picked":"Undo","floor":7},{"not_picked":["Rebound","Beam Cell"],"picked":"Conserve Battery","floor":8},{"not_picked":["Cold Snap","Barrage"],"picked":"Glacier","floor":10},{"not_picked":["Undo","Storm"],"picked":"Rebound","floor":11},{"not_picked":["Leap","Double Energy"],"picked":"Electrodynamics","floor":13},{"not_picked":["Recycle","Beam Cell"],"picked":"Redo","floor":14},{"not_picked":["Buffer","All For One"],"picked":"Rainbow","floor":16},{"not_picked":["Redo","Go for the Eyes"],"picked":"Defragment","floor":18},{"not_picked":["Static Discharge","Redo"],"picked":"Barrage","floor":20},{"not_picked":["Stack","Ball Lightning"],"picked":"Hologram","floor":22},{"not_picked":["Beam Cell","Rebound"],"picked":"Reprogram","floor":24},{"not_picked":["Gash","Steam","Sunder"],"picked":"SKIP","floor":28},{"not_picked":["Skim","Steam+1"],"picked":"Buffer","floor":31}],"player_experience":247910,"relics_obtained":[{"floor":7,"key":"Nunchaku"},{"floor":9,"key":"Juzu Bracelet"},{"floor":11,"key":"CeramicFish"},{"floor":13,"key":"Ornamental Fan"},{"floor":26,"key":"Regal Pillow"}],"event_choices":[{"damage_healed":0,"gold_gain":0,"player_choice":"Entered Light","damage_taken":16,"max_hp_gain":0,"max_hp_loss":0,"event_name":"Shining Light","floor":3,"gold_loss":0,"cards_upgraded":["Defend_B","Defend_B"]},{"damage_healed":0,"gold_gain":0,"player_choice":"Success","damage_taken":7,"relics_obtained":["Anchor"],"max_hp_gain":0,"max_hp_loss":0,"event_name":"Scrap Ooze","floor":5,"gold_loss":0},{"damage_healed":0,"gold_gain":75,"player_choice":"Gather Gold","damage_taken":11,"max_hp_gain":0,"max_hp_loss":0,"event_name":"World of Goop","floor":12,"gold_loss":0},{"damage_healed":0,"gold_gain":0,"player_choice":"1 cards matched","damage_taken":0,"max_hp_gain":0,"max_hp_loss":0,"event_name":"Match and Keep!","floor":19,"gold_loss":0,"cards_obtained":["Creative AI"]},{"cards_removed":["Scrape"],"damage_healed":0,"gold_gain":0,"player_choice":"Elegance","damage_taken":0,"max_hp_gain":0,"max_hp_loss":0,"event_name":"Back to Basics","floor":21,"gold_loss":0},{"damage_healed":0,"gold_gain":0,"player_choice":"Ignored","damage_taken":0,"max_hp_gain":0,"max_hp_loss":0,"event_name":"Ghosts","floor":30,"gold_loss":0}],"is_beta":false,"boss_relics":[{"not_picked":["Coffee Dripper","Cursed Key"],"picked":"Pandora\u0027s Box"}],"items_purged_floors":[25],"is_endless":false,"potions_floor_spawned":[2,7,8,11,16,18,31],"killed_by":"Automaton","ascension_level":3}