{"gold_per_floor":[110,122,134,154,165,165,16,42,42,82,110,135,135,157,157,262,262],"floor_reached":17,"playtime":1012,"items_purged":[],"score":222,"play_id":"f990d150-5567-410d-ad5e-43dd61d4d70c","local_time":"20210428195310","is_ascension_mode":true,"campfire_choices":[{"data":"Fusion","floor":6.0,"key":"SMITH"},{"data":"Biased Cognition","floor":15.0,"key":"SMITH"}],"neow_cost":"NONE","seed_source_timestamp":0,"circlet_count":0,"master_deck":["Strike_B","Strike_B","Strike_B","Strike_B","Defend_B","Defend_B","Defend_B","Defend_B","Zap","Dualcast","Cold Snap","Cold Snap","Coolheaded","Fusion+1","Coolheaded","Redo","Genetic Algorithm","Compile Driver","Chaos+1","Biased Cognition+1","Rainbow"],"special_seed":0,"relics":["SacredBark","Lee\u0027s Waffle","Cables","Pear","CeramicFish"],"potions_floor_usage":[],"damage_taken":[{"damage":5.0,"enemies":"Small Slimes","floor":1.0,"turns":4.0},{"damage":6.0,"enemies":"Cultist","floor":2.0,"turns":4.0},{"damage":0.0,"enemies":"Jaw Worm","floor":3.0,"turns":4.0},{"damage":7.0,"enemies":"Exordium Wildlife","floor":4.0,"turns":4.0},{"damage":17.0,"enemies":"3 Louse","floor":5.0,"turns":4.0},{"damage":8.0,"enemies":"Lagavulin","floor":8.0,"turns":11.0},{"damage":25.0,"enemies":"3 Sentries","floor":10.0,"turns":16.0},{"damage":2.0,"enemies":"Blue Slaver","floor":11.0,"turns":6.0},{"damage":10.0,"enemies":"Exordium Wildlife","floor":12.0,"turns":5.0},{"damage":5.0,"enemies":"2 Fungi Beasts","floor":14.0,"turns":4.0},{"damage":39.0,"enemies":"Hexaghost","floor":16.0,"turns":14.0}],"seed_played":"4194041787318240001","potions_obtained":[{"floor":2.0,"key":"EssenceOfSteel"},{"floor":4.0,"key":"Ancient Potion"},{"floor":8.0,"key":"BlessingOfTheForge"},{"floor":12.0,"key":"Block Potion"}],"is_trial":false,"path_per_floor":["M","M","M","M","M","R","$","E","T","E","M","M","?","M","R","B",null],"character_chosen":"DEFECT","items_purchased":["Lee\u0027s Waffle"],"campfire_rested":0,"item_purchase_floors":[7],"current_hp_per_floor":[70,64,64,57,40,40,82,74,84,59,57,47,47,42,42,3,3],"gold":262,"neow_bonus":"BOSS_RELIC","is_prod":false,"is_daily":false,"chose_seed":false,"campfire_upgraded":2,"win_rate":0,"timestamp":1619653990,"path_taken":["M","M","M","M","M","R","$","E","T","E","M","M","?","?","R","BOSS"],"build_version":"2020-12-22","purchased_purges":0,"victory":false,"max_hp_per_floor":[75,75,75,75,75,75,82,82,92,92,92,92,92,92,92,92,92],"card_choices":[{"not_picked":["Turbo","Beam Cell"],"picked":"Cold Snap","floor":1.0},{"not_picked":["Streamline","Turbo"],"picked":"Cold Snap","floor":2.0},{"not_picked":["Darkness","Steam"],"picked":"Coolheaded","floor":3.0},{"not_picked":["Barrage","Streamline"],"picked":"Fusion","floor":4.0},{"not_picked":["White Noise","Gash"],"picked":"Coolheaded","floor":5.0},{"not_picked":["Fission","Barrage"],"picked":"Redo","floor":8.0},{"not_picked":["Recycle","Go for the Eyes"],"picked":"Genetic Algorithm","floor":10.0},{"not_picked":["Ball Lightning","Conserve Battery"],"picked":"Compile Driver","floor":11.0},{"not_picked":["Streamline","Stack"],"picked":"Chaos","floor":12.0},{"not_picked":["Ball Lightning","Storm"],"picked":"Biased Cognition","floor":14.0},{"not_picked":["All For One","Meteor Strike"],"picked":"Rainbow","floor":16.0}],"player_experience":231740,"relics_obtained":[{"floor":8.0,"key":"Cables"},{"floor":9.0,"key":"Pear"},{"floor":10.0,"key":"CeramicFish"}],"event_choices":[{"damage_healed":0.0,"max_hp_gain":0.0,"max_hp_loss":0.0,"gold_gain":0.0,"event_name":"Accursed Blacksmith","player_choice":"Forge","floor":13.0,"gold_loss":0.0,"damage_taken":0.0,"cards_upgraded":["Chaos"]}],"is_beta":false,"boss_relics":[],"items_purged_floors":[],"is_endless":false,"potions_floor_spawned":[2,4,8,12],"ascension_level":3}