{"gold_per_floor":[113,131,143,143,163,163,125,158,181,181,199,199,219,68,68,68],"floor_reached":16,"playtime":564,"items_purged":[],"score":117,"play_id":"dc75f392-8926-4ef7-a881-245c26f1c796","local_time":"20210429182351","is_ascension_mode":true,"campfire_choices":[{"data":"Zap","floor":6,"key":"SMITH"},{"data":"Defragment","floor":12,"key":"SMITH"},{"data":"Sweeping Beam","floor":15,"key":"SMITH"}],"neow_cost":"NONE","seed_source_timestamp":865812473821400,"circlet_count":0,"master_deck":["Strike_B","Strike_B","Strike_B","Strike_B","Defend_B","Defend_B","Defend_B","Defend_B","Zap+1","Dualcast","Darkness","Static Discharge","Loop","Sweeping Beam+1","Reboot","Defragment+1","Defragment","Leap","Heatsinks"],"relics":["Cracked Core","Regal Pillow","Bag of Marbles","Oddly Smooth Stone","Runic Capacitor"],"potions_floor_usage":[11,16],"damage_taken":[{"damage":11,"enemies":"2 Louse","floor":1,"turns":3},{"damage":2,"enemies":"Jaw Worm","floor":2,"turns":3},{"damage":4,"enemies":"Small Slimes","floor":3,"turns":4},{"damage":7,"enemies":"Looter","floor":5,"turns":3},{"damage":25,"enemies":"3 Sentries","floor":8,"turns":4},{"damage":0,"enemies":"Large Slime","floor":11,"turns":4},{"damage":2,"enemies":"3 Louse","floor":13,"turns":3},{"damage":26,"enemies":"Slime Boss","floor":16,"turns":3}],"seed_played":"-3061380910052493255","potions_obtained":[{"floor":3,"key":"Strength Potion"},{"floor":5,"key":"Weak Potion"},{"floor":11,"key":"Fruit Juice"}],"is_trial":false,"path_per_floor":["M","M","M","?","M","R","$","E","T","?","M","R","M","$","R","B"],"character_chosen":"DEFECT","items_purchased":["Defragment","Runic Capacitor"],"campfire_rested":0,"item_purchase_floors":[7,14],"current_hp_per_floor":[64,62,58,46,39,39,39,14,14,14,19,19,17,17,17,0],"gold":68,"neow_bonus":"THREE_CARDS","is_prod":false,"is_daily":false,"chose_seed":false,"campfire_upgraded":3,"win_rate":0,"timestamp":1619735031,"path_taken":["M","M","M","?","M","R","$","E","T","?","M","R","M","$","R","BOSS"],"build_version":"2020-12-22","purchased_purges":0,"victory":false,"max_hp_per_floor":[75,75,75,75,75,75,75,75,75,75,80,80,80,80,80,80],"card_choices":[{"not_picked":["Beam Cell","Sunder"],"picked":"Darkness","floor":0},{"not_picked":["Beam Cell","Steam"],"picked":"Static Discharge","floor":1},{"not_picked":["Compile Driver","Go for the Eyes"],"picked":"Loop","floor":2},{"not_picked":["Stack","Tempest"],"picked":"Sweeping Beam","floor":3},{"not_picked":["Rebound","Gash"],"picked":"Reboot","floor":5},{"not_picked":["BootSequence","Force Field"],"picked":"Defragment","floor":8},{"not_picked":["Double Energy","Go for the Eyes"],"picked":"Leap","floor":11},{"not_picked":["Hologram","Go for the Eyes"],"picked":"Heatsinks","floor":13}],"player_experience":245718,"relics_obtained":[{"floor":8,"key":"Bag of Marbles"},{"floor":9,"key":"Oddly Smooth Stone"}],"event_choices":[{"damage_healed":0,"gold_gain":0,"player_choice":"Success","damage_taken":12,"relics_obtained":["Regal Pillow"],"max_hp_gain":0,"max_hp_loss":0,"event_name":"Scrap Ooze","floor":4,"gold_loss":0},{"damage_healed":0,"gold_gain":0,"player_choice":"Ignored","damage_taken":0,"max_hp_gain":0,"max_hp_loss":0,"event_name":"Golden Wing","floor":10,"gold_loss":0}],"is_beta":false,"boss_relics":[],"items_purged_floors":[],"is_endless":false,"potions_floor_spawned":[3,5,11],"killed_by":"Slime Boss","ascension_level":3}