{"gold_per_floor":[117,132,143,161,171,200,218,248,248,213,229,258,38,48,48,148,148,167,183,196,24,24],"floor_reached":22,"playtime":1148,"items_purged":["Strike_B"],"score":244,"play_id":"f19b6e56-8249-43df-8e2c-d6c5a0ff00eb","local_time":"20210428110830","is_ascension_mode":true,"campfire_choices":[{"data":"Hyperbeam","floor":15,"key":"SMITH"}],"neow_cost":"NONE","seed_source_timestamp":752706501553500,"circlet_count":0,"master_deck":["Strike_B","Strike_B","Strike_B","Defend_B","Defend_B","Defend_B","Defend_B","Zap","Dualcast","Hyperbeam+1","Rebound","Coolheaded","Conserve Battery","Biased Cognition","Sweeping Beam","Rip and Tear","FTL","Undo","Leap","Leap","Fission","Compile Driver","Go for the Eyes","Steam Power","Biased Cognition","Glacier","Sweeping Beam+1","Compile Driver+1"],"relics":["Cracked Core","Omamori","Blood Vial","InkBottle","Peace Pipe","Calling Bell","PreservedInsect","Matryoshka","Lizard Tail"],"potions_floor_usage":[12,14,16,19],"damage_taken":[{"damage":0,"enemies":"2 Louse","floor":1,"turns":1},{"damage":0,"enemies":"Small Slimes","floor":2,"turns":1},{"damage":7,"enemies":"Jaw Worm","floor":3,"turns":2},{"damage":5,"enemies":"Large Slime","floor":4,"turns":5},{"damage":1,"enemies":"Exordium Wildlife","floor":5,"turns":3},{"damage":8,"enemies":"3 Sentries","floor":6,"turns":4},{"damage":12,"enemies":"2 Fungi Beasts","floor":7,"turns":3},{"damage":8,"enemies":"Gremlin Nob","floor":8,"turns":3},{"damage":0,"enemies":"Blue Slaver","floor":11,"turns":3},{"damage":26,"enemies":"Lagavulin","floor":12,"turns":5},{"damage":0,"enemies":"Lots of Slimes","floor":14,"turns":1},{"damage":14,"enemies":"Hexaghost","floor":16,"turns":8},{"damage":0,"enemies":"Spheric Guardian","floor":18,"turns":3},{"damage":18,"enemies":"3 Byrds","floor":19,"turns":3},{"damage":22,"enemies":"Snecko","floor":20,"turns":4},{"damage":38,"enemies":"Centurion and Healer","floor":22,"turns":9}],"seed_played":"-9121006058876112539","potions_obtained":[{"floor":3,"key":"FearPotion"},{"floor":4,"key":"Energy Potion"},{"floor":5,"key":"CultistPotion"},{"floor":6,"key":"Dexterity Potion"},{"floor":12,"key":"LiquidMemories"},{"floor":14,"key":"DistilledChaos"},{"floor":16,"key":"Swift Potion"},{"floor":20,"key":"Swift Potion"}],"is_trial":false,"path_per_floor":["M","M","M","M","M","E","M","E","T","?","M","E","$","M","R","B",null,"M","M","M","$","M"],"character_chosen":"DEFECT","items_purchased":["Fission","Compile Driver","Go for the Eyes","EntropicBrew"],"campfire_rested":0,"item_purchase_floors":[13,13,13,21],"current_hp_per_floor":[75,75,68,63,62,54,42,34,34,52,54,30,30,32,32,20,75,75,57,37,37,1],"gold":24,"neow_bonus":"ONE_RANDOM_RARE_CARD","is_prod":false,"is_daily":false,"chose_seed":false,"campfire_upgraded":1,"win_rate":0,"timestamp":1619622510,"path_taken":["M","M","M","M","M","E","M","E","T","?","M","E","$","M","R","BOSS","M","M","M","$","M"],"build_version":"2020-12-22","purchased_purges":1,"victory":false,"max_hp_per_floor":[75,75,75,75,75,75,75,75,75,75,75,75,75,75,75,75,75,75,75,75,75,75],"card_choices":[{"not_picked":["Sweeping Beam","Redo"],"picked":"Rebound","floor":1},{"not_picked":["Go for the Eyes","Capacitor"],"picked":"Coolheaded","floor":2},{"not_picked":["Storm","Go for the Eyes"],"picked":"Conserve Battery","floor":3},{"not_picked":["Conserve Battery","Beam Cell"],"picked":"Biased Cognition","floor":4},{"not_picked":["Stack","Steam Power"],"picked":"Sweeping Beam","floor":5},{"not_picked":["Melter","Leap"],"picked":"Rip and Tear","floor":6},{"not_picked":["Turbo","Ball Lightning"],"picked":"FTL","floor":7},{"not_picked":["Scrape","Ball Lightning"],"picked":"Undo","floor":8},{"not_picked":["Force Field","Barrage"],"picked":"Leap","floor":11},{"not_picked":["Turbo","Multi-Cast"],"picked":"Leap","floor":12},{"not_picked":["Gash","Scrape"],"picked":"Steam Power","floor":14},{"not_picked":["Electrodynamics","Thunder Strike"],"picked":"Biased Cognition","floor":16},{"not_picked":["Skim","Undo"],"picked":"Glacier","floor":18},{"not_picked":["Steam","Fusion"],"picked":"Sweeping Beam+1","floor":19},{"not_picked":["Rip and Tear","Streamline"],"picked":"Compile Driver+1","floor":20}],"player_experience":230592,"relics_obtained":[{"floor":6,"key":"Omamori"},{"floor":8,"key":"Blood Vial"},{"floor":9,"key":"InkBottle"},{"floor":12,"key":"Peace Pipe"},{"floor":17,"key":"PreservedInsect"},{"floor":17,"key":"Matryoshka"},{"floor":17,"key":"Lizard Tail"}],"event_choices":[{"damage_healed":18,"gold_gain":0,"player_choice":"Healed","damage_taken":0,"max_hp_gain":0,"max_hp_loss":0,"event_name":"The Cleric","floor":10,"gold_loss":35}],"is_beta":false,"boss_relics":[{"not_picked":["Philosopher\u0027s Stone","Busted Crown"],"picked":"Calling Bell"}],"items_purged_floors":[21],"is_endless":false,"potions_floor_spawned":[3,4,5,6,12,14,16,20],"killed_by":"Centurion and Healer","ascension_level":3}