{"gold_per_floor":[116,129,129,149,161,161,190,202,226,4,4,22,47,59,59,164,164,184,204,204,224,27,27,56,9,55,55,66,84,103,28,28,123,123,139,149,149,49,69,69,0,12,12,40,60,60,60,75,75,75],"floor_reached":50,"playtime":2808,"items_purged":["Strike_B","Defend_B"],"score":558,"play_id":"1463058d-c883-484e-bdce-e83169c85924","local_time":"20210425230942","is_ascension_mode":true,"campfire_choices":[{"data":"Echo Form","floor":6,"key":"SMITH"},{"floor":11,"key":"REST"},{"data":"Conserve Battery","floor":15,"key":"SMITH"},{"data":"Scrape","floor":23,"key":"SMITH"},{"floor":27,"key":"REST"},{"floor":32,"key":"REST"},{"floor":40,"key":"REST"},{"floor":47,"key":"REST"},{"floor":49,"key":"RECALL"}],"neow_cost":"NONE","seed_source_timestamp":535119441134900,"circlet_count":0,"master_deck":["Strike_B+1","Defend_B","Defend_B","Defend_B","Zap","Dualcast","Gash","Conserve Battery","Echo Form+1","FTL+1","Go for the Eyes","Cold Snap","Barrage","Scrape+1","All For One","Conserve Battery+1","Gash","Skim","Skim+1","Scrape","Coolheaded","Cold Snap","Blizzard","Steam Power","Reboot","Go for the Eyes+1","Self Repair+1","Flash of Steel","Finesse","Beam Cell","Hologram+1","Buffer","Parasite","Leap","Coolheaded+1"],"relics":["Cracked Core","Centennial Puzzle","Whetstone","Anchor","Potion Belt","Empty Cage","Bag of Preparation","Regal Pillow","Toy Ornithopter","SlaversCollar","Red Mask","CaptainsWheel","HornCleat"],"potions_floor_usage":[7,7,18,24,24,29,33,33,33,44,45,48,48,50,50,50,50,50],"damage_taken":[{"damage":4,"enemies":"2 Louse","floor":1,"turns":2},{"damage":1,"enemies":"Cultist","floor":2,"turns":3},{"damage":6,"enemies":"Jaw Worm","floor":4,"turns":4},{"damage":0,"enemies":"Looter","floor":5,"turns":3},{"damage":34,"enemies":"Gremlin Nob","floor":7,"turns":4},{"damage":3,"enemies":"2 Fungi Beasts","floor":8,"turns":3},{"damage":10,"enemies":"Exordium Thugs","floor":12,"turns":4},{"damage":2,"enemies":"Lagavulin","floor":13,"turns":7},{"damage":0,"enemies":"Looter","floor":14,"turns":3},{"damage":21,"enemies":"Slime Boss","floor":16,"turns":8},{"damage":5,"enemies":"2 Thieves","floor":18,"turns":4},{"damage":5,"enemies":"Shell Parasite","floor":19,"turns":3},{"damage":13,"enemies":"Sentry and Sphere","floor":21,"turns":5},{"damage":37,"enemies":"Slavers","floor":24,"turns":5},{"damage":31,"enemies":"Cultist and Chosen","floor":28,"turns":5},{"damage":7,"enemies":"3 Cultists","floor":29,"turns":4},{"damage":7,"enemies":"Centurion and Healer","floor":30,"turns":5},{"damage":63,"enemies":"Automaton","floor":33,"turns":10},{"damage":30,"enemies":"3 Shapes","floor":35,"turns":13},{"damage":15,"enemies":"3 Darklings","floor":36,"turns":7},{"damage":6,"enemies":"4 Shapes","floor":39,"turns":7},{"damage":33,"enemies":"Maw","floor":42,"turns":8},{"damage":25,"enemies":"Reptomancer","floor":44,"turns":8},{"damage":28,"enemies":"Writhing Mass","floor":45,"turns":8},{"damage":45,"enemies":"4 Shapes","floor":48,"turns":5},{"damage":42,"enemies":"Awakened One","floor":50,"turns":12}],"seed_played":"-4255854578162602756","potions_obtained":[{"floor":2,"key":"SkillPotion"},{"floor":5,"key":"SteroidPotion"},{"floor":8,"key":"LiquidMemories"},{"floor":13,"key":"DistilledChaos"},{"floor":16,"key":"ColorlessPotion"},{"floor":18,"key":"AttackPotion"},{"floor":29,"key":"Explosive Potion"},{"floor":30,"key":"Strength Potion"},{"floor":39,"key":"Block Potion"},{"floor":42,"key":"Strength Potion"},{"floor":44,"key":"SteroidPotion"},{"floor":45,"key":"EntropicBrew"},{"floor":48,"key":"Ancient Potion"}],"is_trial":false,"path_per_floor":["M","M","?","M","M","R","E","M","T","$","R","M","E","M","R","B",null,"M","M","?","M","$","R","E","$","T","R","M","M","M","?","R","B",null,"M","M","?","$","M","R","?","M","T","E","M","T","R","M","R","B"],"character_chosen":"DEFECT","items_purchased":["Anchor","Bag of Preparation","Fire Potion","Coolheaded"],"campfire_rested":5,"item_purchase_floors":[10,22,22,25],"current_hp_per_floor":[78,77,77,71,71,71,37,34,34,34,58,48,46,46,46,25,82,77,72,72,59,59,59,22,22,22,61,30,28,21,21,60,12,82,52,37,27,27,31,70,70,37,37,27,4,4,43,8,8,0],"gold":75,"neow_bonus":"TEN_PERCENT_HP_BONUS","is_prod":false,"is_daily":false,"chose_seed":false,"campfire_upgraded":3,"win_rate":0,"timestamp":1619406582,"path_taken":["M","M","?","M","M","R","E","M","T","$","R","M","E","M","R","BOSS","M","?","?","M","?","R","E","$","T","R","M","M","M","?","R","BOSS","M","M","?","$","M","R","?","M","T","E","?","?","R","M","R","BOSS"],"build_version":"2020-12-22","purchased_purges":2,"victory":false,"max_hp_per_floor":[82,82,82,82,82,82,82,82,82,82,82,82,82,82,82,82,82,82,82,82,82,82,82,82,82,82,82,82,82,82,82,82,82,82,82,82,82,82,82,82,82,82,82,82,82,82,82,82,82,82],"card_choices":[{"not_picked":["Cold Snap","Steam"],"picked":"Gash","floor":1},{"not_picked":["Sweeping Beam","Auto Shields"],"picked":"Conserve Battery","floor":2},{"not_picked":["Stack","Sunder"],"picked":"FTL","floor":4},{"not_picked":["Hello World","White Noise"],"picked":"Go for the Eyes","floor":5},{"not_picked":["Heatsinks","Go for the Eyes"],"picked":"Cold Snap","floor":7},{"not_picked":["Go for the Eyes","Auto Shields"],"picked":"Barrage","floor":8},{"not_picked":["Auto Shields","Conserve Battery"],"picked":"Scrape","floor":12},{"not_picked":["Loop","Static Discharge"],"picked":"All For One","floor":13},{"not_picked":["Hello World","Streamline"],"picked":"Conserve Battery","floor":14},{"not_picked":["Creative AI","Rainbow"],"picked":"Amplify","floor":16},{"not_picked":["Cold Snap","Redo+1"],"picked":"Gash","floor":18},{"not_picked":["Stack","Barrage"],"picked":"Skim","floor":19},{"not_picked":["Static Discharge","Storm+1"],"picked":"Skim+1","floor":21},{"not_picked":["Beam Cell","Rip and Tear+1"],"picked":"Scrape","floor":24},{"not_picked":["Streamline","Echo Form"],"picked":"Cold Snap","floor":28},{"not_picked":["Skim","Chaos+1"],"picked":"Blizzard","floor":29},{"not_picked":["Go for the Eyes","Conserve Battery"],"picked":"Steam Power","floor":30},{"not_picked":["Fission","Hyperbeam"],"picked":"Reboot","floor":33},{"not_picked":["Streamline+1","Steam"],"picked":"Go for the Eyes+1","floor":35},{"not_picked":["Redo+1","Turbo"],"picked":"Self Repair+1","floor":36},{"not_picked":["Magnetism","Discovery"],"picked":"Flash of Steel","floor":37},{"not_picked":["Deep Breath","Purity"],"picked":"Finesse","floor":37},{"not_picked":["Streamline+1","Ball Lightning"],"picked":"Beam Cell","floor":39},{"not_picked":["Capacitor","Glacier"],"picked":"Hologram+1","floor":42},{"not_picked":["Self Repair","Hello World+1"],"picked":"Buffer","floor":44},{"not_picked":["Turbo+1","Rip and Tear+1"],"picked":"Leap","floor":45},{"not_picked":["Cold Snap","Skim"],"picked":"Coolheaded+1","floor":48}],"player_experience":178080,"relics_obtained":[{"floor":7,"key":"Centennial Puzzle"},{"floor":9,"key":"Whetstone"},{"floor":13,"key":"Potion Belt"},{"floor":24,"key":"Regal Pillow"},{"floor":26,"key":"Toy Ornithopter"},{"floor":44,"key":"CaptainsWheel"},{"floor":46,"key":"HornCleat"}],"event_choices":[{"damage_healed":0,"gold_gain":0,"player_choice":"1 cards matched","damage_taken":0,"max_hp_gain":0,"max_hp_loss":0,"event_name":"Match and Keep!","floor":3,"gold_loss":0,"cards_obtained":["Echo Form"]},{"damage_healed":0,"gold_gain":0,"player_choice":"Ignored","damage_taken":0,"max_hp_gain":0,"max_hp_loss":0,"event_name":"The Mausoleum","floor":20,"gold_loss":0},{"cards_removed":["Amplify"],"damage_healed":0,"gold_gain":0,"player_choice":"Gave Gold","damage_taken":0,"max_hp_gain":0,"max_hp_loss":0,"event_name":"Beggar","floor":31,"gold_loss":75},{"damage_healed":0,"gold_gain":0,"player_choice":"Memory 3","damage_taken":10,"max_hp_gain":0,"max_hp_loss":0,"event_name":"SensoryStone","floor":37,"gold_loss":0},{"damage_healed":0,"gold_gain":0,"player_choice":"Paid","damage_taken":0,"relics_obtained":["Red Mask"],"max_hp_gain":0,"max_hp_loss":0,"event_name":"Tomb of Lord Red Mask","floor":41,"gold_loss":69}],"is_beta":false,"boss_relics":[{"not_picked":["Velvet Choker","Ectoplasm"],"picked":"Empty Cage"},{"not_picked":["Coffee Dripper","Inserter"],"picked":"SlaversCollar"}],"items_purged_floors":[10,38],"is_endless":false,"potions_floor_spawned":[2,5,8,13,16,18,29,30,39,42,44,45,48],"killed_by":"Awakened One","ascension_level":1}