{"gold_per_floor":[110,60,80,95,95,95,130,130,130,174,195,195,215,228,228,354,354,379,304,323,422,422,466,436,479,479,493,528,18,18,37,37,166,166,179,194,215,234,250,250,263,263,317,353,97,110,0,0,0,0,0,0,0,35,35],"floor_reached":55,"playtime":2823,"items_purged":["Defend_B","Defend_B"],"score":886,"play_id":"0e44ece8-1e62-4dc1-a474-5cfe6f0deb78","local_time":"20210425235901","is_ascension_mode":true,"campfire_choices":[{"data":"Biased Cognition","floor":6,"key":"SMITH"},{"data":"Zap","floor":8,"key":"SMITH"},{"floor":15,"key":"REST"},{"data":"Machine Learning","floor":30,"key":"SMITH"},{"floor":32,"key":"RECALL"},{"data":"Biased Cognition","floor":40,"key":"SMITH"},{"data":"Coolheaded","floor":42,"key":"SMITH"},{"floor":49,"key":"REST"},{"data":"FTL","floor":52,"key":"SMITH"}],"neow_cost":"TEN_PERCENT_HP_LOSS","seed_source_timestamp":538064174226400,"circlet_count":0,"master_deck":["Defend_B+1","Zap+1","Dualcast+1","Biased Cognition+1","Blizzard","Gash","Gash","Coolheaded+1","Compile Driver+1","Compile Driver+1","Gash","Chill+1","FTL+1","Coolheaded+1","Machine Learning+1","Conserve Battery+1","Undo+1","Conserve Battery+1","Double Energy+1","Chaos+1","Biased Cognition+1","Gash+1","Beam Cell+1","Leap+1","Chaos+1","Barrage+1","Barrage+1","All For One+1","Gash+1"],"relics":["Cracked Core","Golden Idol","Toxic Egg 2","Toy Ornithopter","SacredBark","Vajra","War Paint","Anchor","Molten Egg 2","Lee\u0027s Waffle","Kunai","Inserter","Blood Vial","Eternal Feather","Whetstone","Red Mask","Oddly Smooth Stone"],"potions_floor_usage":[18,33,48,55],"damage_taken":[{"damage":1,"enemies":"Cultist","floor":1,"turns":3},{"damage":0,"enemies":"Small Slimes","floor":3,"turns":4},{"damage":0,"enemies":"2 Louse","floor":4,"turns":2},{"damage":16,"enemies":"Gremlin Nob","floor":7,"turns":3},{"damage":8,"enemies":"3 Sentries","floor":10,"turns":6},{"damage":6,"enemies":"Gremlin Gang","floor":11,"turns":3},{"damage":5,"enemies":"Blue Slaver","floor":13,"turns":3},{"damage":3,"enemies":"Looter","floor":14,"turns":2},{"damage":8,"enemies":"The Guardian","floor":16,"turns":8},{"damage":3,"enemies":"Shell Parasite","floor":18,"turns":4},{"damage":0,"enemies":"2 Thieves","floor":20,"turns":3},{"damage":5,"enemies":"Book of Stabbing","floor":23,"turns":5},{"damage":15,"enemies":"Gremlin Leader","floor":25,"turns":7},{"damage":4,"enemies":"Cultist and Chosen","floor":27,"turns":6},{"damage":4,"enemies":"Book of Stabbing","floor":28,"turns":6},{"damage":1,"enemies":"Snake Plant","floor":31,"turns":6},{"damage":0,"enemies":"Collector","floor":33,"turns":10},{"damage":8,"enemies":"3 Darklings","floor":35,"turns":7},{"damage":0,"enemies":"Orb Walker","floor":36,"turns":4},{"damage":18,"enemies":"Writhing Mass","floor":37,"turns":5},{"damage":0,"enemies":"3 Darklings","floor":38,"turns":6},{"damage":0,"enemies":"Maw","floor":39,"turns":6},{"damage":0,"enemies":"Transient","floor":41,"turns":5},{"damage":0,"enemies":"Nemesis","floor":44,"turns":5},{"damage":4,"enemies":"Spire Growth","floor":46,"turns":4},{"damage":7,"enemies":"3 Darklings","floor":48,"turns":3},{"damage":13,"enemies":"Awakened One","floor":50,"turns":8},{"damage":23,"enemies":"Shield and Spear","floor":54,"turns":6},{"damage":99,"enemies":"The Heart","floor":55,"turns":5}],"seed_played":"4605008799537220077","potions_obtained":[{"floor":1,"key":"EssenceOfSteel"},{"floor":4,"key":"Energy Potion"},{"floor":7,"key":"FairyPotion"},{"floor":10,"key":"FocusPotion"},{"floor":24,"key":"SmokeBomb"},{"floor":35,"key":"LiquidBronze"},{"floor":37,"key":"AttackPotion"}],"is_trial":false,"path_per_floor":["M","?","M","M","?","R","E","R","T","E","M","?","M","M","R","B",null,"M","?","M","?","?","E","?","E","T","M","E","$","R","M","R","B",null,"M","M","M","M","M","R","M","R","T","E","$","M","?","M","R","B",null,"R","$","E","B"],"character_chosen":"DEFECT","items_purchased":["Lee\u0027s Waffle","Chaos+1","Kunai","Whetstone"],"campfire_rested":2,"item_purchase_floors":[29,29,29,45],"current_hp_per_floor":[67,67,67,67,63,63,47,47,47,39,33,33,28,25,43,35,63,63,63,63,63,63,58,58,43,43,39,35,70,70,69,69,70,70,62,62,44,44,44,44,44,44,44,46,46,44,44,44,70,57,70,70,70,47,0],"gold":35,"neow_bonus":"TRANSFORM_TWO_CARDS","is_prod":false,"is_daily":false,"chose_seed":false,"campfire_upgraded":6,"win_rate":0,"timestamp":1619409541,"path_taken":["M","?","M","M","?","R","E","R","T","E","M","?","?","M","R","BOSS","M","?","M","?","?","E","?","E","T","M","E","$","R","M","R","BOSS","M","?","M","?","M","R","M","R","T","E","?","M","?","M","R","BOSS","R","$","E","BOSS"],"build_version":"2020-12-22","purchased_purges":2,"victory":false,"max_hp_per_floor":[68,68,68,68,63,63,63,63,63,63,63,63,63,63,63,63,63,63,63,63,63,63,63,63,63,63,63,63,70,70,70,70,70,70,70,70,70,70,70,70,70,70,70,70,70,70,70,70,70,70,70,70,70,70,70],"card_choices":[{"not_picked":["Reinforced Body","Heatsinks"],"picked":"Gash","floor":1},{"not_picked":["Streamline","Sweeping Beam"],"picked":"Gash","floor":3},{"not_picked":["BootSequence","Steam Power"],"picked":"Coolheaded","floor":4},{"not_picked":["Static Discharge","Recycle+1"],"picked":"Compile Driver","floor":7},{"not_picked":["Ball Lightning","Blizzard"],"picked":"Compile Driver","floor":10},{"not_picked":["Sweeping Beam","Fission+1"],"picked":"Gash","floor":11},{"not_picked":["Hello World","Rip and Tear"],"picked":"FTL","floor":13},{"not_picked":["Scrape","Darkness+1"],"picked":"Coolheaded+1","floor":14},{"not_picked":["Meteor Strike","Buffer"],"picked":"Machine Learning","floor":16},{"not_picked":["Compile Driver","Scrape"],"picked":"Conserve Battery+1","floor":18},{"not_picked":["Turbo+1","Steam+1"],"picked":"Undo+1","floor":20},{"not_picked":["Stack+1","Auto Shields+1"],"picked":"Conserve Battery+1","floor":23},{"not_picked":["Undo+1","Cold Snap"],"picked":"Double Energy+1","floor":25},{"not_picked":["Streamline","Ball Lightning","Steam+1"],"picked":"SKIP","floor":27},{"not_picked":["Force Field+1","Redo+1","Amplify+1"],"picked":"SKIP","floor":28},{"not_picked":["Hologram+1","Streamline+1","Turbo+1"],"picked":"SKIP","floor":31},{"not_picked":["Echo Form","All For One+1"],"picked":"Biased Cognition","floor":33},{"not_picked":["Beam Cell+1","Go for the Eyes+1"],"picked":"Gash+1","floor":35},{"not_picked":["Stack+1","Cold Snap+1","Streamline+1"],"picked":"SKIP","floor":36},{"not_picked":["Fission+1","White Noise+1"],"picked":"Beam Cell+1","floor":37},{"not_picked":["White Noise+1","Hologram+1"],"picked":"Leap+1","floor":38},{"not_picked":["Glacier+1","Stack+1"],"picked":"Chaos+1","floor":39},{"not_picked":["Turbo+1","Scrape+1"],"picked":"Barrage+1","floor":41},{"not_picked":["Sunder+1","Steam+1"],"picked":"Barrage+1","floor":44},{"not_picked":["Static Discharge","Sweeping Beam+1"],"picked":"All For One+1","floor":46},{"not_picked":["White Noise+1","Rebound+1"],"picked":"Gash+1","floor":54}],"player_experience":180888,"relics_obtained":[{"floor":7,"key":"Toxic Egg 2"},{"floor":10,"key":"Toy Ornithopter"},{"floor":23,"key":"Vajra"},{"floor":25,"key":"War Paint"},{"floor":26,"key":"Anchor"},{"floor":28,"key":"Molten Egg 2"},{"floor":43,"key":"Blood Vial"},{"floor":44,"key":"Eternal Feather"},{"floor":54,"key":"Oddly Smooth Stone"}],"event_choices":[{"cards_removed":["Strike_B"],"damage_healed":0,"gold_gain":0,"player_choice":"Card Removal","damage_taken":0,"max_hp_gain":0,"max_hp_loss":0,"event_name":"The Cleric","floor":2,"gold_loss":50},{"damage_healed":0,"gold_gain":0,"player_choice":"Lose Max HP","damage_taken":0,"relics_obtained":["Golden Idol"],"max_hp_gain":0,"max_hp_loss":5,"event_name":"Golden Idol","floor":5,"gold_loss":0},{"damage_healed":0,"gold_gain":0,"cards_transformed":["Strike_B"],"player_choice":"Transformed","damage_taken":0,"max_hp_gain":0,"max_hp_loss":0,"event_name":"Transmorgrifier","floor":12,"gold_loss":0,"cards_obtained":["Chill"]},{"cards_removed":["Defend_B"],"damage_healed":0,"gold_gain":0,"player_choice":"Gave Gold","damage_taken":0,"max_hp_gain":0,"max_hp_loss":0,"event_name":"Beggar","floor":19,"gold_loss":75},{"damage_healed":0,"gold_gain":99,"player_choice":"Stole From Cult","damage_taken":0,"max_hp_gain":0,"max_hp_loss":0,"event_name":"Nest","floor":21,"gold_loss":0},{"damage_healed":0,"gold_gain":0,"player_choice":"Ignored","damage_taken":0,"max_hp_gain":0,"max_hp_loss":0,"event_name":"The Mausoleum","floor":22,"gold_loss":0},{"damage_healed":0,"gold_gain":0,"player_choice":"Bought 2 Potions","damage_taken":0,"max_hp_gain":0,"max_hp_loss":0,"event_name":"The Woman in Blue","floor":24,"gold_loss":0},{"damage_healed":0,"gold_gain":0,"player_choice":"Paid","damage_taken":0,"relics_obtained":["Red Mask"],"max_hp_gain":0,"max_hp_loss":0,"event_name":"Tomb of Lord Red Mask","floor":47,"gold_loss":110}],"is_beta":false,"boss_relics":[{"not_picked":["Runic Dome","Calling Bell"],"picked":"SacredBark"},{"not_picked":["Snecko Eye","Black Star"],"picked":"Inserter"}],"items_purged_floors":[29,45],"is_endless":false,"potions_floor_spawned":[1,4,7,10,25,28,35,37,44,48],"killed_by":"The Heart","ascension_level":1}