{"gold_per_floor":[109,120,137,137,212,212,242,256,256,285,285,300,329,349,349,446,446,459,459,459,469,4,34,34,62,140,140,28,28,43,63,63,168,168,188,201,215,215,227,227,227],"floor_reached":41,"playtime":2706,"items_purged":["Defend_B"],"score":563,"play_id":"d503d6d0-d11b-41a5-8a13-0cd52553b10c","local_time":"20210507013731","is_ascension_mode":true,"campfire_choices":[{"data":"Rip and Tear","floor":6,"key":"SMITH"},{"data":"Dualcast","floor":11,"key":"SMITH"},{"data":"Leap","floor":15,"key":"SMITH"},{"data":"Leap","floor":24,"key":"SMITH"},{"data":"Capacitor","floor":27,"key":"SMITH"},{"data":"Loop","floor":29,"key":"SMITH"},{"data":"Defend_B","floor":32,"key":"SMITH"},{"data":"Reboot","floor":40,"key":"SMITH"}],"neow_cost":"NONE","seed_source_timestamp":1494483486828700,"circlet_count":0,"master_deck":["Defend_B","Defend_B+1","Defend_B+1","Zap+1","Dualcast+1","Leap+1","Rip and Tear+1","Ball Lightning","Leap+1","Darkness+1","Compile Driver+1","Sweeping Beam+1","Go for the Eyes+1","Rebound+1","Multi-Cast","Cold Snap+1","Bite+1","Bite+1","Bite+1","Bite+1","Bite+1","Cold Snap+1","Coolheaded+1","Capacitor+1","Loop+1","Go for the Eyes+1","BootSequence+1","Reboot+1","Chill+1","Redo+1","Darkness+1"],"relics":["Cracked Core","Molten Egg 2","InkBottle","Cables","Odd Mushroom","Runic Pyramid","Nilry\u0027s Codex","DataDisk","Bag of Marbles","Omamori","War Paint","Blue Candle","Nuclear Battery"],"potions_floor_usage":[16,16,23,31,39,41],"damage_taken":[{"damage":5,"enemies":"2 Louse","floor":1,"turns":3},{"damage":0,"enemies":"Small Slimes","floor":2,"turns":2},{"damage":0,"enemies":"Jaw Worm","floor":3,"turns":3},{"damage":8,"enemies":"Gremlin Nob","floor":7,"turns":3},{"damage":15,"enemies":"Exordium Wildlife","floor":8,"turns":3},{"damage":12,"enemies":"3 Sentries","floor":10,"turns":6},{"damage":0,"enemies":"Red Slaver","floor":12,"turns":2},{"damage":0,"enemies":"The Mushroom Lair","floor":13,"turns":2},{"damage":4,"enemies":"3 Louse","floor":14,"turns":3},{"damage":18,"enemies":"Slime Boss","floor":16,"turns":7},{"damage":18,"enemies":"Shell Parasite","floor":18,"turns":4},{"damage":0,"enemies":"Chosen","floor":21,"turns":3},{"damage":17,"enemies":"Slavers","floor":23,"turns":4},{"damage":12,"enemies":"Gremlin Leader","floor":25,"turns":4},{"damage":18,"enemies":"Snecko","floor":30,"turns":3},{"damage":14,"enemies":"Shelled Parasite and Fungi","floor":31,"turns":6},{"damage":3,"enemies":"Champ","floor":33,"turns":14},{"damage":8,"enemies":"Orb Walker","floor":35,"turns":3},{"damage":9,"enemies":"3 Shapes","floor":36,"turns":7},{"damage":25,"enemies":"Jaw Worm Horde","floor":37,"turns":8},{"damage":2,"enemies":"Transient","floor":39,"turns":5},{"damage":88,"enemies":"Giant Head","floor":41,"turns":7}],"seed_played":"-1259387817959416813","potions_obtained":[{"floor":1,"key":"BlessingOfTheForge"},{"floor":10,"key":"FearPotion"},{"floor":12,"key":"GamblersBrew"},{"floor":13,"key":"PowerPotion"},{"floor":25,"key":"PowerPotion"},{"floor":31,"key":"Fire Potion"}],"is_trial":false,"path_per_floor":["M","M","M","?","?","R","E","M","T","E","R","M","?","M","R","B",null,"M","?","?","M","$","E","R","E","T","R","$","R","M","M","R","B",null,"M","M","M","?","M","R","E"],"character_chosen":"DEFECT","items_purchased":["DataDisk","Fruit Juice","Fire Potion","Bag of Marbles","Loop"],"campfire_rested":0,"item_purchase_floors":[22,22,22,22,28],"current_hp_per_floor":[77,77,77,77,66,66,58,43,43,31,31,31,31,27,27,9,82,64,48,48,57,57,49,49,46,46,46,46,46,40,46,46,62,62,57,57,47,47,54,54,0],"gold":227,"neow_bonus":"TEN_PERCENT_HP_BONUS","is_prod":false,"is_daily":false,"chose_seed":false,"campfire_upgraded":8,"win_rate":0,"timestamp":1620365851,"path_taken":["M","M","M","?","?","R","E","M","T","E","R","M","?","M","R","BOSS","M","?","?","M","$","E","R","E","T","R","?","R","M","M","R","BOSS","M","M","M","?","?","R","E"],"build_version":"2020-12-22","purchased_purges":1,"victory":false,"max_hp_per_floor":[82,82,82,82,82,82,82,82,82,82,82,82,82,82,82,82,82,82,82,57,57,57,57,57,57,57,57,57,57,57,62,62,62,62,62,62,62,62,62,62,62],"card_choices":[{"not_picked":["Consume","Turbo"],"picked":"Leap","floor":1},{"not_picked":["Leap","Gash"],"picked":"Rip and Tear","floor":2},{"not_picked":["Steam","Doom and Gloom"],"picked":"Ball Lightning","floor":3},{"not_picked":["Hologram","Redo"],"picked":"Leap","floor":7},{"not_picked":["White Noise","Compile Driver+1"],"picked":"Darkness","floor":8},{"not_picked":["Static Discharge","Echo Form"],"picked":"Compile Driver+1","floor":10},{"not_picked":["Barrage+1","Gash+1"],"picked":"Sweeping Beam+1","floor":12},{"not_picked":["Ball Lightning+1","Barrage+1"],"picked":"Go for the Eyes+1","floor":13},{"not_picked":["Stack","Leap"],"picked":"Rebound+1","floor":14},{"not_picked":["Machine Learning","Reboot"],"picked":"Multi-Cast","floor":16},{"not_picked":["Rebound+1","Storm"],"picked":"Cold Snap+1","floor":18},{"not_picked":["Sweeping Beam+1","Aggregate"],"picked":"Cold Snap+1","floor":21},{"not_picked":["Compile Driver+1","Rebound+1"],"picked":"Coolheaded+1","floor":23},{"not_picked":["Force Field","Multi-Cast"],"picked":"Capacitor","floor":25},{"not_picked":["Tempest","Streamline+1"],"picked":"Go for the Eyes+1","floor":30},{"not_picked":["Leap","Tempest"],"picked":"BootSequence+1","floor":31},{"not_picked":["Creative AI","Thunder Strike+1"],"picked":"Reboot","floor":33},{"not_picked":["Lockon+1","Steam","Ball Lightning+1"],"picked":"SKIP","floor":35},{"not_picked":["Heatsinks","Rebound+1"],"picked":"Chill+1","floor":36},{"not_picked":["Tempest","White Noise+1"],"picked":"Redo+1","floor":37},{"not_picked":["Chaos","Reinforced Body","Cold Snap+1"],"picked":"SKIP","floor":39}],"player_experience":301927,"relics_obtained":[{"floor":7,"key":"Molten Egg 2"},{"floor":9,"key":"InkBottle"},{"floor":10,"key":"Cables"},{"floor":13,"key":"Odd Mushroom"},{"floor":19,"key":"Nilry\u0027s Codex"},{"floor":23,"key":"Omamori"},{"floor":25,"key":"War Paint"},{"floor":26,"key":"Blue Candle"}],"event_choices":[{"damage_healed":0,"gold_gain":0,"player_choice":"Grow","damage_taken":0,"max_hp_gain":0,"max_hp_loss":0,"event_name":"Living Wall","floor":4,"gold_loss":0,"cards_upgraded":["Zap"]},{"damage_healed":0,"gold_gain":75,"player_choice":"Gather Gold","damage_taken":11,"max_hp_gain":0,"max_hp_loss":0,"event_name":"World of Goop","floor":5,"gold_loss":0},{"damage_healed":0,"gold_gain":0,"player_choice":"Fought Mushrooms","damage_taken":0,"max_hp_gain":0,"max_hp_loss":0,"event_name":"Mushrooms","floor":13,"gold_loss":0},{"damage_healed":0,"gold_gain":0,"player_choice":"Obtained Book","damage_taken":16,"max_hp_gain":0,"max_hp_loss":0,"event_name":"Cursed Tome","floor":19,"gold_loss":0},{"damage_healed":0,"gold_gain":0,"player_choice":"Became a vampire","damage_taken":0,"max_hp_gain":0,"max_hp_loss":25,"event_name":"Vampires","floor":20,"gold_loss":0,"cards_obtained":["Bite","Bite","Bite","Bite","Bite"]},{"damage_healed":0,"gold_gain":0,"player_choice":"Copied","damage_taken":0,"max_hp_gain":0,"max_hp_loss":0,"event_name":"Duplicator","floor":38,"gold_loss":0,"cards_obtained":["Darkness"]}],"is_beta":false,"boss_relics":[{"not_picked":["Cursed Key","FrozenCore"],"picked":"Runic Pyramid"},{"not_picked":["Black Star","Tiny House"],"picked":"Nuclear Battery"}],"items_purged_floors":[28],"is_endless":false,"potions_floor_spawned":[1,10,12,13,14,25,31,33],"killed_by":"Giant Head","ascension_level":3}