{"gold_per_floor":[112,129,141,141,153,153,187,187,211,225,225,251,268,288,288,387,437,450,465,481,481,493,493,510,538,612,630,630,648,676,441,441,538,538,556,570,223,239,239,259,259],"floor_reached":41,"playtime":2714,"items_purged":["Tempest","Defend_B"],"score":474,"play_id":"4f9279c0-7fb5-4b06-a0c9-173f5eb45b85","local_time":"20210510201022","is_ascension_mode":true,"campfire_choices":[{"data":"Loop","floor":6.0,"key":"SMITH"},{"floor":8.0,"key":"REST"},{"data":"Doom and Gloom","floor":11.0,"key":"SMITH"},{"data":"Ball Lightning","floor":15.0,"key":"SMITH"},{"data":"Defragment","floor":23,"key":"SMITH"},{"floor":32,"key":"REST"}],"neow_cost":"PERCENT_DAMAGE","seed_source_timestamp":0,"circlet_count":0,"master_deck":["Strike_B+1","Strike_B+1","Defend_B+1","Defend_B+1","Zap","Dualcast","Doom and Gloom+1","Chill","Redo","Ball Lightning+1","Loop+1","Compile Driver","BootSequence","Leap","Coolheaded","Seek","Barrage+1","Conserve Battery+1","Static Discharge+1","Defragment+1","Turbo+1","Amplify","Capacitor","Capacitor","Cold Snap","Thunder Strike","Echo Form+1","Aggregate+1"],"special_seed":0,"relics":["Cracked Core","Blood Vial","Happy Flower","Smiling Mask","Tiny House","Centennial Puzzle","War Paint","Whetstone","Nuclear Battery","Anchor","Runic Capacitor"],"potions_floor_usage":[25,30,33,38,38,40],"damage_taken":[{"damage":0.0,"enemies":"Cultist","floor":1.0,"turns":3.0},{"damage":0.0,"enemies":"Small Slimes","floor":2.0,"turns":2.0},{"damage":6.0,"enemies":"Jaw Worm","floor":3.0,"turns":3.0},{"damage":0.0,"enemies":"Gremlin Gang","floor":5.0,"turns":5.0},{"damage":29.0,"enemies":"Lagavulin","floor":7.0,"turns":5.0},{"damage":0.0,"enemies":"Lots of Slimes","floor":10.0,"turns":4.0},{"damage":20.0,"enemies":"3 Sentries","floor":12.0,"turns":5.0},{"damage":0.0,"enemies":"Exordium Thugs","floor":13.0,"turns":3.0},{"damage":0.0,"enemies":"Gremlin Gang","floor":14.0,"turns":2.0},{"damage":6.0,"enemies":"Slime Boss","floor":16.0,"turns":7.0},{"damage":11,"enemies":"2 Thieves","floor":18,"turns":3},{"damage":25,"enemies":"Shell Parasite","floor":19,"turns":6},{"damage":8,"enemies":"Snecko","floor":20,"turns":4},{"damage":1,"enemies":"Snake Plant","floor":22,"turns":3},{"damage":8,"enemies":"Centurion and Healer","floor":24,"turns":5},{"damage":10,"enemies":"Slavers","floor":25,"turns":6},{"damage":8,"enemies":"Shelled Parasite and Fungi","floor":27,"turns":4},{"damage":11,"enemies":"Cultist and Chosen","floor":29,"turns":4},{"damage":8,"enemies":"Book of Stabbing","floor":30,"turns":10},{"damage":6,"enemies":"Champ","floor":33,"turns":8},{"damage":0,"enemies":"Orb Walker","floor":35,"turns":3},{"damage":17,"enemies":"3 Darklings","floor":36,"turns":7},{"damage":36,"enemies":"Jaw Worm Horde","floor":38,"turns":4},{"damage":23,"enemies":"Transient","floor":40,"turns":5},{"damage":18,"enemies":"Giant Head","floor":41,"turns":5}],"seed_played":"1459510581927373246","potions_obtained":[{"floor":1.0,"key":"DuplicationPotion"},{"floor":2.0,"key":"Energy Potion"},{"floor":4.0,"key":"Fire Potion"},{"floor":12.0,"key":"PowerPotion"},{"floor":16.0,"key":"Block Potion"},{"floor":24,"key":"FocusPotion"},{"floor":29,"key":"PowerPotion"},{"floor":35,"key":"BlessingOfTheForge"},{"floor":38,"key":"Energy Potion"}],"is_trial":false,"path_per_floor":["M","M","M","?","M","R","E","R","T","M","R","E","M","M","R","B",null,"M","M","M","?","M","R","M","E","T","M","T","M","E","$","R","B",null,"M","M","$","M","?","M","E"],"character_chosen":"DEFECT","items_purchased":["Capacitor","Cold Snap","Regen Potion","Anchor","Runic Capacitor"],"campfire_rested":2,"item_purchase_floors":[31,31,31,37,37],"current_hp_per_floor":[54,54,48,48,48,48,19,41,41,43,43,25,27,29,29,25,80,69,46,40,40,41,41,35,27,27,21,21,12,6,6,30,26,80,80,63,63,34,34,13,0],"gold":259,"neow_bonus":"TRANSFORM_TWO_CARDS","is_prod":false,"is_daily":false,"chose_seed":false,"campfire_upgraded":4,"win_rate":0,"timestamp":1620691822,"path_taken":["M","M","?","?","M","R","E","R","T","M","R","E","M","?","R","BOSS","M","M","M","?","?","R","?","E","T","M","?","M","E","$","R","BOSS","M","M","$","M","?","?","E"],"build_version":"2020-12-22","purchased_purges":2,"victory":false,"max_hp_per_floor":[75,75,75,75,75,75,75,75,75,75,75,75,75,75,75,75,80,80,80,80,80,80,80,80,80,80,80,80,80,80,80,80,80,80,80,80,80,80,80,80,80],"card_choices":[{"not_picked":["Go for the Eyes","Fusion"],"picked":"Redo","floor":1.0},{"not_picked":["Rebound","Streamline"],"picked":"Ball Lightning","floor":2.0},{"not_picked":["Go for the Eyes","Streamline"],"picked":"Loop","floor":3.0},{"not_picked":["Rebound","Storm"],"picked":"Compile Driver","floor":5.0},{"not_picked":["Creative AI","Hologram","Hello World"],"picked":"SKIP","floor":7.0},{"not_picked":["Auto Shields","Streamline"],"picked":"BootSequence","floor":10.0},{"not_picked":["Chill","Go for the Eyes"],"picked":"Leap","floor":12.0},{"not_picked":["Leap","Streamline"],"picked":"Coolheaded","floor":13.0},{"not_picked":["Recycle","Reprogram"],"picked":"Tempest","floor":14.0},{"not_picked":["Fission","Amplify"],"picked":"Seek","floor":16.0},{"not_picked":["Tempest","Hologram"],"picked":"Barrage","floor":17},{"not_picked":["Barrage","Consume"],"picked":"Conserve Battery+1","floor":18},{"not_picked":["Recycle","Gash"],"picked":"Static Discharge+1","floor":19},{"not_picked":["Beam Cell+1","Go for the Eyes"],"picked":"Defragment","floor":20},{"not_picked":["Rainbow","Recycle","Barrage"],"picked":"SKIP","floor":22},{"not_picked":["Hologram","Sunder+1"],"picked":"Turbo+1","floor":24},{"not_picked":["Stack+1","Steam Power","Beam Cell+1"],"picked":"SKIP","floor":25},{"not_picked":["Steam","Gash","Tempest"],"picked":"SKIP","floor":27},{"not_picked":["Go for the Eyes","Rebound"],"picked":"Amplify","floor":29},{"not_picked":["Gash","Streamline"],"picked":"Capacitor","floor":30},{"not_picked":["Core Surge","All For One"],"picked":"Thunder Strike","floor":33},{"not_picked":["Turbo","Beam Cell+1","Steam"],"picked":"SKIP","floor":35},{"not_picked":["Leap","Go for the Eyes"],"picked":"Echo Form","floor":36},{"not_picked":["Go for the Eyes+1","Cold Snap"],"picked":"Aggregate+1","floor":38},{"not_picked":["Steam+1","Melter+1","Storm"],"picked":"SKIP","floor":40}],"player_experience":322179,"relics_obtained":[{"floor":7.0,"key":"Blood Vial"},{"floor":9.0,"key":"Happy Flower"},{"floor":12.0,"key":"Smiling Mask"},{"floor":25,"key":"Centennial Puzzle"},{"floor":28,"key":"War Paint"},{"floor":30,"key":"Whetstone"}],"event_choices":[{"damage_healed":0.0,"max_hp_gain":0.0,"max_hp_loss":0.0,"gold_gain":0.0,"event_name":"Lab","player_choice":"Got Potions","floor":4.0,"gold_loss":0.0,"damage_taken":0.0},{"cards_removed":["Strike_B"],"damage_healed":0,"gold_gain":0,"player_choice":"Offered Basic","damage_taken":0,"max_hp_gain":0,"max_hp_loss":0,"event_name":"Bonfire Elementals","floor":21,"gold_loss":0},{"damage_healed":0,"gold_gain":0,"player_choice":"Upgraded","damage_taken":0,"max_hp_gain":0,"max_hp_loss":0,"event_name":"Upgrade Shrine","floor":39,"gold_loss":0,"cards_upgraded":["Echo Form"]}],"is_beta":false,"boss_relics":[{"not_picked":["Runic Dome","Ectoplasm"],"picked":"Tiny House"},{"not_picked":["Sozu","Inserter"],"picked":"Nuclear Battery"}],"items_purged_floors":[31,37],"is_endless":false,"potions_floor_spawned":[1,2,12,14,16,18,19,24,29,35,36,38],"killed_by":"Giant Head","ascension_level":1}