{"gold_per_floor":[360,380,396,49,49,67,67,101,101,101,114,142,17,27,27,130,130,141,411,7,20,37,37,37],"floor_reached":24,"playtime":891,"items_purged":[],"score":218,"play_id":"72f3d21b-1fda-4392-be99-6e34f22bd4f0","local_time":"20210509011039","is_ascension_mode":true,"campfire_choices":[{"data":"Defragment","floor":7,"key":"SMITH"},{"floor":10,"key":"REST"},{"floor":15,"key":"REST"},{"data":"Defragment","floor":23,"key":"SMITH"}],"neow_cost":"PERCENT_DAMAGE","seed_source_timestamp":1667484810253300,"circlet_count":0,"master_deck":["Strike_B","Strike_B","Defend_B","Defend_B","Defend_B","Zap","Dualcast+1","Defragment+1","Redo","Sweeping Beam","Darkness","Lockon","Go for the Eyes","Redo+1","Force Field","Biased Cognition","Static Discharge+1","Barrage+1","Glacier+1","Coolheaded","Undo","Self Repair","Defragment+1","Hologram+1","Ball Lightning"],"relics":["Cracked Core","Letter Opener","Omamori","Darkstone Periapt","The Courier","White Beast Statue","War Paint","Astrolabe","Toy Ornithopter","Sling"],"potions_floor_usage":[4,8,16,21,22,22,22,22,24],"damage_taken":[{"damage":1,"enemies":"Cultist","floor":1,"turns":4},{"damage":2,"enemies":"Small Slimes","floor":2,"turns":3},{"damage":11,"enemies":"Jaw Worm","floor":3,"turns":3},{"damage":6,"enemies":"Large Slime","floor":6,"turns":5},{"damage":13,"enemies":"Gremlin Nob","floor":8,"turns":4},{"damage":2,"enemies":"Blue Slaver","floor":11,"turns":2},{"damage":27,"enemies":"3 Sentries","floor":12,"turns":5},{"damage":8,"enemies":"Red Slaver","floor":14,"turns":2},{"damage":16,"enemies":"Hexaghost","floor":16,"turns":7},{"damage":19,"enemies":"Chosen","floor":18,"turns":5},{"damage":28,"enemies":"2 Thieves","floor":21,"turns":4},{"damage":15,"enemies":"Cultist and Chosen","floor":22,"turns":7},{"damage":43,"enemies":"Slavers","floor":24,"turns":4}],"seed_played":"3274094917490724924","potions_obtained":[{"floor":2,"key":"SpeedPotion"},{"floor":6,"key":"Explosive Potion"},{"floor":11,"key":"PowerPotion"},{"floor":14,"key":"EntropicBrew"},{"floor":16,"key":"BlessingOfTheForge"},{"floor":21,"key":"SpeedPotion"},{"floor":22,"key":"SteroidPotion"}],"is_trial":false,"path_per_floor":["M","M","M","$","?","M","R","E","T","R","M","E","$","M","R","B",null,"M","?","$","M","M","R","E"],"character_chosen":"DEFECT","items_purchased":["Letter Opener","Fruit Juice","War Paint","Toy Ornithopter","Undo","Self Repair","Defragment","Sling"],"campfire_rested":2,"item_purchase_floors":[4,4,13,20,20,20,20,20],"current_hp_per_floor":[53,51,40,45,38,32,32,19,19,43,41,14,14,6,30,14,80,61,34,34,11,23,23,0],"gold":37,"neow_bonus":"TWO_FIFTY_GOLD","is_prod":false,"is_daily":false,"chose_seed":false,"campfire_upgraded":2,"win_rate":0,"timestamp":1620537039,"path_taken":["M","?","M","$","?","M","R","E","T","R","M","E","$","M","R","BOSS","M","?","$","M","M","R","E"],"build_version":"2020-12-22","purchased_purges":0,"victory":false,"max_hp_per_floor":[75,75,75,80,80,80,80,80,80,80,80,80,80,80,80,80,80,80,80,80,80,80,80,80],"card_choices":[{"not_picked":["Conserve Battery","Heatsinks"],"picked":"Defragment","floor":1},{"not_picked":["Go for the Eyes","Recycle"],"picked":"Redo","floor":2},{"not_picked":["Steam","Meteor Strike"],"picked":"Sweeping Beam","floor":3},{"not_picked":["Melter","BootSequence"],"picked":"Darkness","floor":6},{"not_picked":["Thunder Strike","Steam"],"picked":"Lockon","floor":8},{"not_picked":["Rebound","Redo"],"picked":"Go for the Eyes","floor":11},{"not_picked":["Self Repair","Core Surge"],"picked":"Redo","floor":12},{"not_picked":["Scrape","Gash"],"picked":"Force Field","floor":14},{"not_picked":["Meteor Strike","Buffer"],"picked":"Biased Cognition","floor":16},{"not_picked":["Gash+1","Sweeping Beam"],"picked":"Coolheaded","floor":18},{"not_picked":["Redo","Beam Cell"],"picked":"Hologram+1","floor":21},{"not_picked":["Hologram","Beam Cell"],"picked":"Ball Lightning","floor":22}],"player_experience":308930,"relics_obtained":[{"floor":8,"key":"Darkstone Periapt"},{"floor":9,"key":"The Courier"},{"floor":12,"key":"White Beast Statue"}],"event_choices":[{"damage_healed":0,"gold_gain":0,"player_choice":"Success","damage_taken":7,"relics_obtained":["Omamori"],"max_hp_gain":0,"max_hp_loss":0,"event_name":"Scrap Ooze","floor":5,"gold_loss":0},{"damage_healed":0,"gold_gain":270,"player_choice":"GOLD GOLD GOLD ","damage_taken":27,"max_hp_gain":0,"max_hp_loss":0,"event_name":"Knowing Skull","floor":19,"potions_obtained":[],"gold_loss":0,"cards_obtained":[]}],"is_beta":false,"boss_relics":[{"not_picked":["Fusion Hammer","Runic Pyramid"],"picked":"Astrolabe"}],"items_purged_floors":[],"is_endless":false,"potions_floor_spawned":[2,6,11,14,16,18,21,22],"killed_by":"Slavers","ascension_level":1}