{"gold_per_floor":[113,129,129,141,155,155,186,203,203,219,238,238,250,275,275,374,374,394,405,31,43,0,0,29,45,98,98,127,177,177,204,204,305,305,315,367,367,367,113,441,441,290,290,315,329,353,353,372,372,372],"floor_reached":51,"playtime":3021,"items_purged":["Defend_B","Defend_B"],"score":836,"play_id":"67ee3403-38b8-4cd3-80a7-883aabb91f21","local_time":"20210510210117","is_ascension_mode":true,"campfire_choices":[{"data":"Cold Snap","floor":6,"key":"SMITH"},{"data":"Sunder","floor":12,"key":"SMITH"},{"data":"Coolheaded","floor":15,"key":"SMITH"},{"data":"Chill","floor":23,"key":"SMITH"},{"data":"Zap","floor":27,"key":"SMITH"},{"data":"Beam Cell","floor":30,"key":"SMITH"},{"data":"Machine Learning","floor":32,"key":"SMITH"},{"data":"Blizzard","floor":49,"key":"SMITH"}],"neow_cost":"NONE","seed_source_timestamp":1823168071185800,"circlet_count":0,"master_deck":["Strike_B","Strike_B","Defend_B","Zap+1","Dualcast+1","Beam Cell+1","Sunder+1","Coolheaded+1","Chill+1","Cold Snap+1","Undo+1","Coolheaded","Self Repair","Redo+1","White Noise+1","Rainbow+1","Self Repair+1","Defragment+1","Double Energy+1","Fusion+1","Defragment+1","Capacitor+1","Coolheaded+1","Coolheaded+1","Machine Learning+1","Defragment+1","Leap+1","Seek+1","Blizzard+1","Ball Lightning+1","Madness+1","Madness+1","Chaos+1"],"special_seed":0,"relics":["Cracked Core","Singing Bowl","Oddly Smooth Stone","Toxic Egg 2","TungstenRod","Astrolabe","DollysMirror","PreservedInsect","Potion Belt","Boot","Happy Flower","Omamori","Black Star","Prayer Wheel","Pen Nib","Bag of Preparation","Meat on the Bone","Old Coin","Kunai","White Beast Statue","War Paint","Lantern"],"potions_floor_usage":[14,16,16,24,31],"damage_taken":[{"damage":0.0,"enemies":"2 Louse","floor":1.0,"turns":2.0},{"damage":6.0,"enemies":"Cultist","floor":2.0,"turns":3.0},{"damage":0,"enemies":"Small Slimes","floor":4,"turns":1},{"damage":2,"enemies":"Exordium Wildlife","floor":5,"turns":3},{"damage":5,"enemies":"3 Sentries","floor":7,"turns":11},{"damage":0,"enemies":"Large Slime","floor":8,"turns":4},{"damage":7,"enemies":"3 Louse","floor":10,"turns":3},{"damage":2,"enemies":"Blue Slaver","floor":11,"turns":4},{"damage":4,"enemies":"Gremlin Gang","floor":13,"turns":5},{"damage":18,"enemies":"Gremlin Nob","floor":14,"turns":5},{"damage":8,"enemies":"Hexaghost","floor":16,"turns":14},{"damage":5,"enemies":"3 Byrds","floor":18,"turns":5},{"damage":1,"enemies":"2 Thieves","floor":19,"turns":3},{"damage":15,"enemies":"Snake Plant","floor":21,"turns":5},{"damage":45,"enemies":"Slavers","floor":24,"turns":7},{"damage":0,"enemies":"Cultist and Chosen","floor":25,"turns":6},{"damage":12,"enemies":"Book of Stabbing","floor":28,"turns":5},{"damage":8,"enemies":"Slavers","floor":31,"turns":5},{"damage":1,"enemies":"Automaton","floor":33,"turns":12},{"damage":7,"enemies":"3 Shapes","floor":35,"turns":6},{"damage":15,"enemies":"2 Orb Walkers","floor":36,"turns":7},{"damage":8,"enemies":"Giant Head","floor":40,"turns":9},{"damage":54,"enemies":"Reptomancer","floor":44,"turns":5},{"damage":0,"enemies":"3 Darklings","floor":45,"turns":6},{"damage":0,"enemies":"Transient","floor":48,"turns":5},{"damage":16,"enemies":"Donu and Deca","floor":50,"turns":10}],"seed_played":"6892936543020524238","potions_obtained":[{"floor":1.0,"key":"LiquidMemories"},{"floor":4,"key":"FearPotion"},{"floor":8,"key":"Block Potion"},{"floor":10,"key":"FearPotion"},{"floor":14,"key":"Explosive Potion"},{"floor":24,"key":"Strength Potion"},{"floor":25,"key":"SteroidPotion"},{"floor":28,"key":"GamblersBrew"},{"floor":33,"key":"AttackPotion"},{"floor":36,"key":"SpeedPotion"},{"floor":45,"key":"Block Potion"}],"is_trial":false,"path_per_floor":["M","M","?","M","M","R","E","M","T","M","M","R","M","E","R","B",null,"M","M","$","M","?","R","E","M","T","R","E","T","R","E","R","B",null,"M","?","?","T","$","E","?","$","T","E","M","T","?","M","R","B",null],"character_chosen":"DEFECT","items_purchased":["DollysMirror","PreservedInsect","Regen Potion","Leap+1","Bag of Preparation","Dexterity Potion"],"campfire_rested":0,"item_purchase_floors":[20,20,20,39,39,42],"current_hp_per_floor":[75,69,69,69,67,67,62,62,62,55,62,62,65,54,54,53,77,79,79,79,74,74,74,61,68,68,68,75,75,75,77,77,83,83,85,85,85,85,85,87,87,87,87,45,62,62,52,71,71,72],"gold":372,"neow_bonus":"THREE_CARDS","is_prod":false,"is_daily":false,"chose_seed":false,"campfire_upgraded":8,"win_rate":0,"timestamp":1620694877,"path_taken":["M","M","?","?","M","R","E","M","T","M","M","R","M","E","R","BOSS","M","M","$","M","?","R","E","M","T","R","E","?","R","E","R","BOSS","M","?","?","?","$","E","?","$","T","E","?","?","?","M","R","BOSS"],"build_version":"2020-12-22","purchased_purges":2,"victory":true,"max_hp_per_floor":[75,75,75,75,75,75,75,75,75,75,77,77,77,77,77,77,77,79,79,79,79,79,79,79,79,79,79,81,81,81,81,81,83,83,85,85,85,85,85,87,87,87,87,87,87,87,87,89,89,89],"card_choices":[{"not_picked":["Turbo","Double Energy"],"picked":"Beam Cell","floor":0.0},{"not_picked":["Hello World","BootSequence"],"picked":"Sunder","floor":1.0},{"not_picked":["Double Energy","Leap"],"picked":"Coolheaded","floor":2.0},{"not_picked":["Conserve Battery","Hello World"],"picked":"Chill","floor":4},{"not_picked":["Steam","Go for the Eyes"],"picked":"Cold Snap","floor":5},{"not_picked":["Turbo","Consume"],"picked":"Undo","floor":7},{"not_picked":["Hologram","Barrage"],"picked":"Coolheaded","floor":8},{"not_picked":["Gash","Turbo+1"],"picked":"Self Repair","floor":10},{"not_picked":["Beam Cell","FTL","Lockon"],"picked":"Singing Bowl","floor":11},{"not_picked":["Steam+1","Undo+1"],"picked":"Redo+1","floor":13},{"not_picked":["Double Energy+1","Cold Snap"],"picked":"White Noise+1","floor":14},{"not_picked":["Reboot+1","Electrodynamics"],"picked":"Rainbow+1","floor":16},{"not_picked":["Steam Power+1","Ball Lightning","Heatsinks"],"picked":"Singing Bowl","floor":18},{"not_picked":["Steam Power+1","Go for the Eyes+1"],"picked":"Fusion+1","floor":19},{"not_picked":["Barrage","Streamline"],"picked":"Capacitor+1","floor":21},{"not_picked":["Ball Lightning","Reprogram+1"],"picked":"Coolheaded+1","floor":24},{"not_picked":["Sweeping Beam","Steam+1"],"picked":"Coolheaded+1","floor":25},{"not_picked":["Streamline","Barrage","Turbo+1"],"picked":"Singing Bowl","floor":28},{"not_picked":["Streamline","Hologram+1"],"picked":"Machine Learning","floor":31},{"not_picked":["Biased Cognition","Thunder Strike","Machine Learning"],"picked":"Singing Bowl","floor":33},{"not_picked":["Chill+1","Sweeping Beam","Streamline"],"picked":"Singing Bowl","floor":35},{"not_picked":["Redo+1","Leap+1"],"picked":"Defragment+1","floor":36},{"not_picked":["Doom and Gloom+1","Gash+1","Coolheaded+1"],"picked":"Singing Bowl","floor":40},{"not_picked":["Fission+1","Turbo+1"],"picked":"Blizzard","floor":44},{"not_picked":["Compile Driver","Coolheaded+1"],"picked":"Ball Lightning+1","floor":45},{"not_picked":["Steam+1","Rebound","Steam Power+1"],"picked":"SKIP","floor":45},{"not_picked":["Hologram+1","Scrape+1","Meteor Strike"],"picked":"Singing Bowl","floor":48},{"not_picked":["Steam+1","Steam Power+1"],"picked":"Chaos+1","floor":48}],"player_experience":324893,"relics_obtained":[{"floor":3.0,"key":"Singing Bowl"},{"floor":7,"key":"Oddly Smooth Stone"},{"floor":9,"key":"Toxic Egg 2"},{"floor":14,"key":"TungstenRod"},{"floor":24,"key":"Potion Belt"},{"floor":28,"key":"Boot"},{"floor":29,"key":"Happy Flower"},{"floor":31,"key":"Omamori"},{"floor":36,"key":"Prayer Wheel"},{"floor":38,"key":"Pen Nib"},{"floor":40,"key":"Meat on the Bone"},{"floor":40,"key":"Old Coin"},{"floor":43,"key":"Kunai"},{"floor":44,"key":"White Beast Statue"},{"floor":44,"key":"War Paint"},{"floor":46,"key":"Lantern"}],"event_choices":[{"damage_healed":0.0,"max_hp_gain":0.0,"max_hp_loss":0.0,"gold_gain":0.0,"event_name":"Wheel of Change","player_choice":"Relic","floor":3.0,"gold_loss":0.0,"damage_taken":0.0},{"damage_healed":0,"gold_gain":0,"player_choice":"Paid Fearfully","damage_taken":0,"max_hp_gain":0,"max_hp_loss":0,"event_name":"Masked Bandits","floor":22,"gold_loss":43},{"damage_healed":0,"gold_gain":0,"player_choice":"Fight","damage_taken":0,"max_hp_gain":0,"max_hp_loss":0,"event_name":"Mysterious Sphere","floor":36,"gold_loss":0},{"damage_healed":0,"gold_gain":0,"player_choice":"Ignored","damage_taken":0,"max_hp_gain":0,"max_hp_loss":0,"event_name":"Tomb of Lord Red Mask","floor":37,"gold_loss":0},{"damage_healed":0,"gold_gain":0,"player_choice":"1 cards matched","damage_taken":0,"max_hp_gain":0,"max_hp_loss":0,"event_name":"Match and Keep!","floor":41,"gold_loss":0,"cards_obtained":["Seek"]},{"damage_healed":0,"gold_gain":0,"player_choice":"Embrace Madness","damage_taken":11,"max_hp_gain":0,"max_hp_loss":0,"event_name":"Winding Halls","floor":47,"gold_loss":0,"cards_obtained":["Madness","Madness"]}],"is_beta":false,"boss_relics":[{"not_picked":["SlaversCollar","Calling Bell"],"picked":"Astrolabe"},{"not_picked":["Sozu","Busted Crown"],"picked":"Black Star"}],"items_purged_floors":[39,42],"is_endless":false,"potions_floor_spawned":[1,4,8,10,11,13,14,24,25,28,33,36,44,45,48],"ascension_level":1}