{"gold_per_floor":[118,130,130,130,130,130,163,180,207,157,189,189],"floor_reached":12,"playtime":431,"items_purged":[],"score":99,"play_id":"bb010e49-1fec-4a99-84e4-cafa12e3291b","local_time":"20210507005215","is_ascension_mode":true,"campfire_choices":[{"data":"Redo","floor":6,"key":"SMITH"}],"neow_cost":"NONE","seed_source_timestamp":1494042763066300,"circlet_count":0,"master_deck":["Strike_B","Strike_B","Strike_B","Defend_B","Defend_B","Defend_B","Defend_B","Zap+1","Dualcast","Genetic Algorithm+1","Chill","Decay","Redo+1","Multi-Cast","Ball Lightning","Streamline"],"relics":["Cursed Key","Ice Cream","Centennial Puzzle","Potion Belt","Pen Nib"],"potions_floor_usage":[7,7,7,7],"damage_taken":[{"damage":1,"enemies":"Cultist","floor":1,"turns":3},{"damage":4,"enemies":"Small Slimes","floor":2,"turns":4},{"damage":8,"enemies":"Gremlin Nob","floor":7,"turns":4},{"damage":10,"enemies":"2 Louse","floor":8,"turns":2},{"damage":36,"enemies":"3 Sentries","floor":11,"turns":7},{"damage":4,"enemies":"The Mushroom Lair","floor":12,"turns":4}],"seed_played":"8950345672352901449","potions_obtained":[{"floor":2,"key":"EntropicBrew"},{"floor":8,"key":"SteroidPotion"}],"is_trial":false,"path_per_floor":["M","M","T","?","?","R","E","M","T","?","E","?"],"character_chosen":"DEFECT","items_purchased":[],"campfire_rested":0,"item_purchase_floors":[],"current_hp_per_floor":[74,70,70,55,55,55,47,37,37,37,1,0],"gold":189,"neow_bonus":"BOSS_RELIC","is_prod":false,"is_daily":false,"chose_seed":false,"campfire_upgraded":1,"win_rate":0,"timestamp":1620363135,"path_taken":["M","M","?","?","?","R","E","M","T","?","E","?"],"build_version":"2020-12-22","purchased_purges":0,"victory":false,"max_hp_per_floor":[75,75,75,75,75,75,75,75,75,75,75,75],"card_choices":[{"not_picked":["Go for the Eyes","Gash"],"picked":"Genetic Algorithm","floor":1},{"not_picked":["Gash","Storm"],"picked":"Chill","floor":2},{"not_picked":["Ball Lightning","Streamline"],"picked":"Multi-Cast","floor":7},{"not_picked":["Compile Driver","Beam Cell"],"picked":"Ball Lightning","floor":8},{"not_picked":["Chill","Go for the Eyes"],"picked":"Streamline","floor":11}],"player_experience":301496,"relics_obtained":[{"floor":3,"key":"Ice Cream"},{"floor":7,"key":"Centennial Puzzle"},{"floor":9,"key":"Potion Belt"},{"floor":11,"key":"Pen Nib"}],"event_choices":[{"damage_healed":0,"gold_gain":0,"player_choice":"Entered Light","damage_taken":15,"max_hp_gain":0,"max_hp_loss":0,"event_name":"Shining Light","floor":4,"gold_loss":0,"cards_upgraded":["Zap","Genetic Algorithm"]},{"damage_healed":0,"gold_gain":0,"cards_transformed":["Strike_B"],"player_choice":"Change","damage_taken":0,"max_hp_gain":0,"max_hp_loss":0,"event_name":"Living Wall","floor":5,"gold_loss":0,"cards_obtained":["Redo"]},{"cards_removed":["Regret"],"damage_healed":0,"gold_gain":0,"player_choice":"Card Removal","damage_taken":0,"max_hp_gain":0,"max_hp_loss":0,"event_name":"The Cleric","floor":10,"gold_loss":50},{"damage_healed":0,"gold_gain":0,"player_choice":"Fought Mushrooms","damage_taken":0,"max_hp_gain":0,"max_hp_loss":0,"event_name":"Mushrooms","floor":12,"gold_loss":0}],"is_beta":false,"boss_relics":[],"items_purged_floors":[],"is_endless":false,"potions_floor_spawned":[2,8],"killed_by":"The Mushroom Lair","ascension_level":3}