{"gold_per_floor":[116,135,151,9,9,9,28,47,47,64,64,74,24,59,59,163,163,178,358,370,384,404,404,404],"floor_reached":24,"playtime":1123,"items_purged":["Strike_B"],"score":232,"play_id":"740434ca-b6be-494d-9995-0f7f7fd5ce92","local_time":"20210509005535","is_ascension_mode":true,"campfire_choices":[{"data":"Coolheaded","floor":6,"key":"SMITH"},{"floor":15,"key":"REST"},{"floor":23,"key":"REST"}],"neow_cost":"PERCENT_DAMAGE","seed_source_timestamp":1666349167608200,"circlet_count":0,"master_deck":["Strike_B","Strike_B","Defend_B","Defend_B","Zap+1","Dualcast","Steam","Compile Driver","Conserve Battery","Coolheaded+1","Go for the Eyes","Core Surge","Redo","Cold Snap","Blizzard","Sweeping Beam","Rainbow","White Noise+1","Rebound"],"relics":["Cracked Core","Ice Cream","Blue Candle","Busted Crown"],"potions_floor_usage":[18,20],"damage_taken":[{"damage":0,"enemies":"Cultist","floor":1,"turns":3},{"damage":14,"enemies":"Small Slimes","floor":2,"turns":3},{"damage":0,"enemies":"Jaw Worm","floor":3,"turns":3},{"damage":3,"enemies":"Exordium Thugs","floor":7,"turns":4},{"damage":5,"enemies":"Exordium Wildlife","floor":8,"turns":4},{"damage":0,"enemies":"3 Louse","floor":10,"turns":2},{"damage":4,"enemies":"Lots of Slimes","floor":12,"turns":3},{"damage":14,"enemies":"Lagavulin","floor":14,"turns":6},{"damage":18,"enemies":"The Guardian","floor":16,"turns":14},{"damage":23,"enemies":"2 Thieves","floor":18,"turns":3},{"damage":0,"enemies":"3 Byrds","floor":20,"turns":3},{"damage":8,"enemies":"Snecko","floor":21,"turns":4},{"damage":23,"enemies":"Snake Plant","floor":22,"turns":5},{"damage":25,"enemies":"Gremlin Leader","floor":24,"turns":4}],"seed_played":"8946524736872185762","potions_obtained":[{"floor":1,"key":"Explosive Potion"},{"floor":2,"key":"AttackPotion"},{"floor":8,"key":"PotionOfCapacity"},{"floor":18,"key":"EssenceOfDarkness"},{"floor":22,"key":"GamblersBrew"}],"is_trial":false,"path_per_floor":["M","M","M","$","?","R","M","M","T","M","$","M","?","E","R","B",null,"M","?","M","M","M","R","E"],"character_chosen":"DEFECT","items_purchased":["Core Surge"],"campfire_rested":2,"item_purchase_floors":[4],"current_hp_per_floor":[54,40,40,40,40,40,37,32,32,32,32,28,28,14,36,18,75,52,33,33,25,2,24,0],"gold":404,"neow_bonus":"TRANSFORM_TWO_CARDS","is_prod":false,"is_daily":false,"chose_seed":false,"campfire_upgraded":1,"win_rate":0,"timestamp":1620536135,"path_taken":["M","M","M","$","?","R","M","M","T","?","?","M","?","E","R","BOSS","M","?","M","M","?","R","E"],"build_version":"2020-12-22","purchased_purges":1,"victory":false,"max_hp_per_floor":[75,75,75,75,75,75,75,75,75,75,75,75,75,75,75,75,75,75,75,75,75,75,75,75],"card_choices":[{"not_picked":["Auto Shields","Beam Cell"],"picked":"Conserve Battery","floor":1},{"not_picked":["Chill","Heatsinks"],"picked":"Coolheaded","floor":2},{"not_picked":["Steam","Rebound"],"picked":"Go for the Eyes","floor":3},{"not_picked":["Buffer","Reinforced Body"],"picked":"Redo","floor":7},{"not_picked":["Streamline","Barrage"],"picked":"Cold Snap","floor":8},{"not_picked":["Beam Cell","Gash"],"picked":"Blizzard","floor":10},{"not_picked":["Double Energy","Hologram","Force Field"],"picked":"SKIP","floor":12},{"not_picked":["Rebound","Multi-Cast"],"picked":"Sweeping Beam","floor":14},{"not_picked":["Creative AI","Hyperbeam"],"picked":"Rainbow","floor":16},{"not_picked":[],"picked":"White Noise+1","floor":18},{"not_picked":["Scrape"],"picked":"SKIP","floor":20},{"not_picked":["Scrape"],"picked":"SKIP","floor":21},{"not_picked":[],"picked":"Rebound","floor":22}],"player_experience":307807,"relics_obtained":[{"floor":9,"key":"Ice Cream"},{"floor":14,"key":"Blue Candle"}],"event_choices":[{"damage_healed":0,"gold_gain":0,"player_choice":"Forge","damage_taken":0,"max_hp_gain":0,"max_hp_loss":0,"event_name":"Accursed Blacksmith","floor":5,"gold_loss":0,"cards_upgraded":["Zap"]},{"cards_removed":["Defend_B"],"damage_healed":0,"gold_gain":0,"player_choice":"Card Removal","damage_taken":0,"max_hp_gain":0,"max_hp_loss":0,"event_name":"The Cleric","floor":13,"gold_loss":50},{"damage_healed":0,"gold_gain":180,"player_choice":"GOLD GOLD ","damage_taken":19,"max_hp_gain":0,"max_hp_loss":0,"event_name":"Knowing Skull","floor":19,"potions_obtained":[],"gold_loss":0,"cards_obtained":[]}],"is_beta":false,"boss_relics":[{"not_picked":["Fusion Hammer","Calling Bell"],"picked":"Busted Crown"}],"items_purged_floors":[4],"is_endless":false,"potions_floor_spawned":[1,2,8,12,18,22],"killed_by":"Gremlin Leader","ascension_level":3}