{"gold_per_floor":[10,26,126,136,152,152,185,197,248,279,293,309,323,354,354,457,457,473,473,75,90,15,15,46,65,65,65,100,118,138,138,138,234,234,252,270,43,61,74,107,127,127,127,160,177,177,228,262,262,262,262,262,62,95,95],"floor_reached":55,"playtime":4547,"items_purged":["Strike_B","Strike_B"],"score":862,"play_id":"690046a6-ad90-46c4-86d8-fafa2d7f4605","local_time":"20210509125419","is_ascension_mode":true,"campfire_choices":[{"data":"Cold Snap","floor":6.0,"key":"SMITH"},{"floor":15.0,"key":"REST"},{"floor":23.0,"key":"REST"},{"floor":32.0,"key":"REST"},{"floor":46,"key":"RECALL"},{"floor":49,"key":"REST"},{"data":"Parasite","floor":52,"key":"PURGE"}],"neow_cost":"NO_GOLD","seed_source_timestamp":0,"circlet_count":0,"master_deck":["Strike_B","Defend_B","Defend_B","Defend_B","Zap+1","Dualcast+1","Reboot","Leap","Undo","Leap","Cold Snap+1","Beam Cell","Genetic Algorithm","Cold Snap+1","Barrage+1","Melter+1","Capacitor","Electrodynamics","Sweeping Beam+1","Ball Lightning+1","Coolheaded+1","Chaos","Defragment","Rebound+1","BootSequence+1","Redo+1","Go for the Eyes+1","Stack","Defragment","Compile Driver+1","Multi-Cast","Doom and Gloom+1","Coolheaded","Chill","Force Field+1","Glacier+1","Loop+1","Loop+1"],"special_seed":0,"relics":["Cracked Core","Tiny Chest","Pen Nib","Molten Egg 2","War Paint","Fusion Hammer","Nilry\u0027s Codex","Runic Capacitor","Blood Vial","Question Card","Bird Faced Urn","Toy Ornithopter","Eternal Feather","Nuclear Battery","MealTicket","Art of War","Peace Pipe","DataDisk","Medical Kit","Bag of Marbles"],"potions_floor_usage":[41,41,47,48,48,54,55,55],"damage_taken":[{"damage":1.0,"enemies":"2 Louse","floor":1.0,"turns":2.0},{"damage":1.0,"enemies":"Cultist","floor":2.0,"turns":3.0},{"damage":10.0,"enemies":"Small Slimes","floor":4.0,"turns":2.0},{"damage":20.0,"enemies":"Gremlin Gang","floor":5.0,"turns":6.0},{"damage":15.0,"enemies":"3 Sentries","floor":7.0,"turns":9.0},{"damage":2.0,"enemies":"3 Louse","floor":8.0,"turns":3.0},{"damage":16.0,"enemies":"Gremlin Nob","floor":10.0,"turns":5.0},{"damage":0.0,"enemies":"Large Slime","floor":11.0,"turns":5.0},{"damage":0.0,"enemies":"Looter","floor":12.0,"turns":3.0},{"damage":0.0,"enemies":"2 Fungi Beasts","floor":13.0,"turns":3.0},{"damage":9.0,"enemies":"3 Sentries","floor":14.0,"turns":5.0},{"damage":18.0,"enemies":"The Guardian","floor":16.0,"turns":12.0},{"damage":16.0,"enemies":"Chosen","floor":18.0,"turns":6.0},{"damage":4.0,"enemies":"2 Thieves","floor":21.0,"turns":3.0},{"damage":22.0,"enemies":"Slavers","floor":24.0,"turns":4.0},{"damage":7.0,"enemies":"Centurion and Healer","floor":25.0,"turns":6.0},{"damage":6.0,"enemies":"Book of Stabbing","floor":28.0,"turns":5.0},{"damage":0.0,"enemies":"3 Cultists","floor":29.0,"turns":4.0},{"damage":25.0,"enemies":"Shelled Parasite and Fungi","floor":30.0,"turns":3.0},{"damage":17.0,"enemies":"Automaton","floor":33.0,"turns":12.0},{"damage":37,"enemies":"3 Darklings","floor":35,"turns":5},{"damage":5,"enemies":"Orb Walker","floor":36,"turns":3},{"damage":0,"enemies":"Maw","floor":38,"turns":7},{"damage":8,"enemies":"Transient","floor":39,"turns":5},{"damage":1,"enemies":"Nemesis","floor":40,"turns":5},{"damage":24,"enemies":"3 Darklings","floor":41,"turns":5},{"damage":6,"enemies":"Reptomancer","floor":44,"turns":7},{"damage":5,"enemies":"Writhing Mass","floor":45,"turns":5},{"damage":47,"enemies":"2 Orb Walkers","floor":47,"turns":6},{"damage":27,"enemies":"Nemesis","floor":48,"turns":11},{"damage":1,"enemies":"Time Eater","floor":50,"turns":8},{"damage":23,"enemies":"Shield and Spear","floor":54,"turns":6},{"damage":106,"enemies":"The Heart","floor":55,"turns":6}],"seed_played":"-8783758858046739838","potions_obtained":[{"floor":1.0,"key":"GamblersBrew"},{"floor":4.0,"key":"PowerPotion"},{"floor":7.0,"key":"SpeedPotion"},{"floor":13.0,"key":"SteroidPotion"},{"floor":18.0,"key":"Weak Potion"},{"floor":28.0,"key":"FearPotion"},{"floor":33.0,"key":"GamblersBrew"},{"floor":39,"key":"EntropicBrew"},{"floor":40,"key":"EntropicBrew"}],"is_trial":false,"path_per_floor":["M","M","?","M","M","R","E","M","T","E","M","M","M","E","R","B",null,"M","?","$","M","?","R","E","M","T","?","E","M","M","T","R","B",null,"M","M","$","M","M","E","M","?","T","E","M","R","?","E","R","B",null,"R","$","E","B"],"character_chosen":"DEFECT","items_purchased":["Runic Capacitor","Ball Lightning+1","Blood Vial","Stack","Defragment","SkillPotion","Medical Kit"],"campfire_rested":4,"item_purchase_floors":[20,20,20,37,37,53,53],"current_hp_per_floor":[74,73,73,63,43,43,28,26,26,10,10,10,10,1,23,5,75,59,43,43,41,41,63,43,38,38,43,43,51,34,34,71,64,75,38,37,37,47,49,58,54,54,54,60,65,75,40,35,75,75,75,72,72,62,0],"gold":95,"neow_bonus":"THREE_RARE_CARDS","is_prod":false,"is_daily":false,"chose_seed":false,"campfire_upgraded":1,"win_rate":0,"timestamp":1620579259,"path_taken":["M","M","?","M","?","R","E","M","T","E","M","M","M","E","R","BOSS","M","?","$","M","?","R","E","M","T","?","E","M","M","?","R","BOSS","M","M","$","M","M","E","M","?","T","E","M","R","?","E","R","BOSS","R","$","E","BOSS"],"build_version":"2020-12-22","purchased_purges":2,"victory":false,"max_hp_per_floor":[75,75,75,75,75,75,75,75,75,75,75,75,75,75,75,75,75,75,75,75,75,75,75,75,75,75,75,75,75,75,75,75,75,75,75,75,75,75,75,75,75,75,75,75,75,75,75,75,75,75,75,72,72,72,72],"card_choices":[{"not_picked":["Meteor Strike","Creative AI"],"picked":"Reboot","floor":0.0},{"not_picked":["Steam Power","Scrape"],"picked":"Leap","floor":1.0},{"not_picked":["Aggregate","Double Energy"],"picked":"Undo","floor":2.0},{"not_picked":["Double Energy","Skim"],"picked":"Leap","floor":4.0},{"not_picked":["Auto Shields","Double Energy"],"picked":"Cold Snap","floor":5.0},{"not_picked":["Steam","Reinforced Body"],"picked":"Beam Cell","floor":7.0},{"not_picked":["Streamline","Turbo"],"picked":"Genetic Algorithm","floor":8.0},{"not_picked":["Sweeping Beam+1","Steam Power"],"picked":"Cold Snap+1","floor":10.0},{"not_picked":["Rebound+1","Meteor Strike+1"],"picked":"Barrage+1","floor":11.0},{"not_picked":["Force Field","Redo"],"picked":"Melter+1","floor":12.0},{"not_picked":["Steam","Blizzard+1"],"picked":"Capacitor","floor":13.0},{"not_picked":["Compile Driver+1","Fusion"],"picked":"Steam","floor":14.0},{"not_picked":["Multi-Cast","Core Surge+1"],"picked":"Electrodynamics","floor":16.0},{"not_picked":["Defragment","Go for the Eyes+1"],"picked":"Sweeping Beam+1","floor":18.0},{"not_picked":["Stack","Genetic Algorithm"],"picked":"Coolheaded+1","floor":21.0},{"not_picked":["Buffer","Leap"],"picked":"Chaos","floor":24.0},{"not_picked":["Aggregate+1","Ball Lightning+1","Steam"],"picked":"Defragment","floor":25.0},{"not_picked":["Coolheaded","All For One+1","Conserve Battery+1"],"picked":"Rebound+1","floor":28.0},{"not_picked":["Compile Driver+1","Double Energy","Conserve Battery","Coolheaded"],"picked":"SKIP","floor":29.0},{"not_picked":["Compile Driver+1","Blizzard+1","Tempest"],"picked":"BootSequence+1","floor":30.0},{"not_picked":["Conserve Battery+1","Stack+1","Rebound+1"],"picked":"Redo+1","floor":35},{"not_picked":["Rebound+1","Beam Cell+1","Heatsinks+1"],"picked":"Go for the Eyes+1","floor":36},{"not_picked":["Self Repair+1","Redo","Darkness"],"picked":"Compile Driver+1","floor":38},{"not_picked":["Steam","Hologram","Rebound+1"],"picked":"Multi-Cast","floor":39},{"not_picked":["Genetic Algorithm+1","Electrodynamics","Redo"],"picked":"Doom and Gloom+1","floor":40},{"not_picked":["Stack","Go for the Eyes+1","Force Field"],"picked":"Coolheaded","floor":41},{"not_picked":["Gash+1","Beam Cell+1","Sweeping Beam+1"],"picked":"Chill","floor":44},{"not_picked":["Rebound+1","Conserve Battery","All For One+1"],"picked":"Force Field+1","floor":45},{"not_picked":["Double Energy","Chill+1","Hologram+1"],"picked":"Glacier+1","floor":47},{"not_picked":["Redo","Rebound+1","Genetic Algorithm+1"],"picked":"Loop+1","floor":48},{"not_picked":["Conserve Battery","Aggregate+1","BootSequence"],"picked":"Loop+1","floor":54}],"player_experience":311097,"relics_obtained":[{"floor":7.0,"key":"Tiny Chest"},{"floor":9.0,"key":"Pen Nib"},{"floor":10.0,"key":"Molten Egg 2"},{"floor":14.0,"key":"War Paint"},{"floor":19.0,"key":"Nilry\u0027s Codex"},{"floor":24.0,"key":"Question Card"},{"floor":26.0,"key":"Bird Faced Urn"},{"floor":28.0,"key":"Toy Ornithopter"},{"floor":31.0,"key":"Eternal Feather"},{"floor":40,"key":"MealTicket"},{"floor":44,"key":"Art of War"},{"floor":47,"key":"Peace Pipe"},{"floor":48,"key":"DataDisk"},{"floor":54,"key":"Bag of Marbles"}],"event_choices":[{"damage_healed":0.0,"max_hp_gain":0.0,"max_hp_loss":0.0,"gold_gain":100.0,"event_name":"Golden Shrine","player_choice":"Pray","floor":3.0,"gold_loss":0.0,"damage_taken":0.0},{"damage_healed":0.0,"max_hp_gain":0.0,"max_hp_loss":0.0,"gold_gain":0.0,"event_name":"Cursed Tome","player_choice":"Obtained Book","floor":19.0,"gold_loss":0.0,"damage_taken":16.0},{"cards_removed":["Strike_B"],"damage_healed":0.0,"max_hp_gain":0.0,"max_hp_loss":0.0,"gold_gain":0.0,"event_name":"Beggar","player_choice":"Gave Gold","floor":22.0,"gold_loss":75.0,"damage_taken":0.0},{"cards_removed":["Steam"],"damage_healed":5.0,"max_hp_gain":0.0,"max_hp_loss":0.0,"gold_gain":0.0,"event_name":"Bonfire Elementals","player_choice":"Offered Common","floor":27.0,"gold_loss":0.0,"damage_taken":0.0},{"cards_removed":["Steam"],"damage_healed":5.0,"max_hp_gain":0.0,"max_hp_loss":0.0,"gold_gain":0.0,"event_name":"Bonfire Elementals","player_choice":"Offered Special","floor":27.0,"gold_loss":0.0,"damage_taken":0.0},{"cards_removed":["Defend_B"],"damage_healed":0,"gold_gain":0,"player_choice":"Removed Skill","damage_taken":0,"max_hp_gain":0,"max_hp_loss":0,"event_name":"Falling","floor":42,"gold_loss":0},{"damage_healed":0,"gold_gain":0,"player_choice":"Fight","damage_taken":0,"max_hp_gain":0,"max_hp_loss":0,"event_name":"Mysterious Sphere","floor":47,"gold_loss":0}],"is_beta":false,"boss_relics":[{"not_picked":["Tiny House","Ectoplasm"],"picked":"Fusion Hammer"},{"not_picked":["Astrolabe","SlaversCollar"],"picked":"Nuclear Battery"}],"items_purged_floors":[20,37],"is_endless":false,"potions_floor_spawned":[1,4,7,8,13,18,28,33,39,40,44,45],"killed_by":"The Heart","ascension_level":1}