{"gold_per_floor":[99,99,99,99,99,99,99,99,99,99,99,49,49,49,49,49,49,49,49,49,49,49,49,49,49,49,49,49,49,0,0,0,0,0,0,0,0,0],"floor_reached":38,"playtime":1949,"items_purged":[],"score":460,"play_id":"03cd3903-eb7e-465d-b5a4-ae3f6eacad66","local_time":"20210509003642","is_ascension_mode":true,"campfire_choices":[{"data":"Sweeping Beam","floor":6.0,"key":"SMITH"},{"floor":11.0,"key":"REST"},{"data":"Rip and Tear","floor":15.0,"key":"SMITH"},{"data":"Genetic Algorithm","floor":23,"key":"SMITH"},{"data":"Echo Form","floor":27,"key":"SMITH"},{"data":"Zap","floor":32,"key":"SMITH"}],"neow_cost":"NONE","seed_source_timestamp":0,"circlet_count":0,"master_deck":["Strike_B","Strike_B","Strike_B","Defend_B","Defend_B","Defend_B","Zap+1","Dualcast","Sweeping Beam+1","Chill","Rebound","Auto Shields","Genetic Algorithm+1","Conserve Battery","Rip and Tear+1","Compile Driver","Echo Form+1","Self Repair","Shame","Beam Cell+1","Leap","Cold Snap+1","Self Repair","All For One","Coolheaded","Gash+1"],"special_seed":0,"relics":["Ectoplasm","Strawberry","Bag of Marbles","SlaversCollar","StrikeDummy","Enchiridion","Calipers","Toy Ornithopter","Inserter","Red Mask"],"potions_floor_usage":[],"damage_taken":[{"damage":2.0,"enemies":"Jaw Worm","floor":1.0,"turns":3.0},{"damage":0.0,"enemies":"2 Louse","floor":3.0,"turns":2.0},{"damage":5.0,"enemies":"Small Slimes","floor":4.0,"turns":3.0},{"damage":8.0,"enemies":"2 Fungi Beasts","floor":7.0,"turns":3.0},{"damage":2.0,"enemies":"Exordium Wildlife","floor":8.0,"turns":4.0},{"damage":72.0,"enemies":"Gremlin Nob","floor":10.0,"turns":7.0},{"damage":4.0,"enemies":"Blue Slaver","floor":13.0,"turns":4.0},{"damage":0.0,"enemies":"Looter","floor":14.0,"turns":1.0},{"damage":24.0,"enemies":"The Guardian","floor":16.0,"turns":11.0},{"damage":5,"enemies":"Chosen","floor":18,"turns":4},{"damage":16,"enemies":"Spheric Guardian","floor":20,"turns":5},{"damage":9,"enemies":"Centurion and Healer","floor":22,"turns":5},{"damage":9,"enemies":"Slavers","floor":24,"turns":5},{"damage":8,"enemies":"Cultist and Chosen","floor":28,"turns":7},{"damage":12,"enemies":"3 Cultists","floor":29,"turns":3},{"damage":1,"enemies":"Centurion and Healer","floor":31,"turns":8},{"damage":32,"enemies":"Collector","floor":33,"turns":11},{"damage":9,"enemies":"Orb Walker","floor":35,"turns":3},{"damage":14,"enemies":"3 Darklings","floor":37,"turns":6},{"damage":105,"enemies":"2 Orb Walkers","floor":38,"turns":5}],"seed_played":"226329690062249698","potions_obtained":[{"floor":7.0,"key":"Regen Potion"},{"floor":13.0,"key":"SneckoOil"},{"floor":14.0,"key":"SkillPotion"},{"floor":22,"key":"Energy Potion"},{"floor":24,"key":"Dexterity Potion"},{"floor":29,"key":"SteroidPotion"}],"is_trial":false,"path_per_floor":["M","?","M","M","?","R","M","M","T","E","R","?","M","M","R","B",null,"M","?","M","?","M","R","E","T","T","R","M","M","?","M","R","B",null,"M","?","M","?"],"character_chosen":"DEFECT","items_purchased":[],"campfire_rested":1,"item_purchase_floors":[],"current_hp_per_floor":[73,78,78,73,66,66,58,56,63,6,32,32,28,28,28,4,87,82,82,73,57,55,55,53,53,53,53,52,47,47,46,46,28,87,78,78,78,0],"gold":0,"neow_bonus":"BOSS_RELIC","is_prod":false,"is_daily":false,"chose_seed":false,"campfire_upgraded":5,"win_rate":0,"timestamp":1620535002,"path_taken":["M","?","M","M","?","R","M","M","T","E","R","?","M","M","R","BOSS","M","?","M","?","M","R","E","?","T","R","M","M","?","M","R","BOSS","M","?","M","?"],"build_version":"2020-12-22","purchased_purges":0,"victory":false,"max_hp_per_floor":[75,80,80,80,80,80,80,80,87,87,87,87,87,87,87,87,87,87,87,87,87,87,87,87,87,87,87,87,87,87,87,87,87,87,87,87,87,87],"card_choices":[{"not_picked":["Compile Driver","Leap"],"picked":"Sweeping Beam","floor":1.0},{"not_picked":["Turbo","Reprogram"],"picked":"Chill","floor":3.0},{"not_picked":["Consume","Turbo"],"picked":"Rebound","floor":4.0},{"not_picked":["Loop","Recycle"],"picked":"Auto Shields","floor":7.0},{"not_picked":["Barrage","Capacitor"],"picked":"Genetic Algorithm","floor":8.0},{"not_picked":["Steam","Sweeping Beam"],"picked":"Conserve Battery","floor":10.0},{"not_picked":["Thunder Strike","Turbo"],"picked":"Rip and Tear","floor":13.0},{"not_picked":["Conserve Battery","Stack"],"picked":"Compile Driver","floor":14.0},{"not_picked":["Hyperbeam","Multi-Cast"],"picked":"Echo Form","floor":16.0},{"not_picked":["Compile Driver","Loop"],"picked":"Self Repair","floor":18},{"not_picked":["Gash","Streamline"],"picked":"Beam Cell+1","floor":20},{"not_picked":["Storm","Hologram","Steam Power"],"picked":"SKIP","floor":22},{"not_picked":["Lockon+1","Sweeping Beam"],"picked":"Leap","floor":24},{"not_picked":["Gash+1","Ball Lightning"],"picked":"Cold Snap+1","floor":28},{"not_picked":["Reprogram+1","Conserve Battery","Stack"],"picked":"SKIP","floor":29},{"not_picked":["Tempest","Stack"],"picked":"Self Repair","floor":31},{"not_picked":["Fission","Hyperbeam"],"picked":"All For One","floor":33},{"not_picked":["Streamline","Darkness"],"picked":"Coolheaded","floor":35},{"not_picked":["Barrage","Double Energy"],"picked":"Gash+1","floor":37}],"player_experience":305858,"relics_obtained":[{"floor":9.0,"key":"Strawberry"},{"floor":10.0,"key":"Bag of Marbles"},{"floor":21,"key":"Enchiridion"},{"floor":24,"key":"Calipers"},{"floor":25,"key":"Toy Ornithopter"}],"event_choices":[{"damage_healed":0.0,"max_hp_gain":5.0,"max_hp_loss":0.0,"gold_gain":0.0,"event_name":"Big Fish","player_choice":"Donut","floor":2.0,"gold_loss":0.0,"damage_taken":0.0},{"cards_removed":["Strike_B"],"damage_healed":0.0,"max_hp_gain":0.0,"max_hp_loss":0.0,"gold_gain":0.0,"event_name":"Golden Wing","player_choice":"Card Removal","floor":5.0,"gold_loss":0.0,"damage_taken":7.0},{"cards_removed":["Defend_B"],"damage_healed":0.0,"max_hp_gain":0.0,"max_hp_loss":0.0,"gold_gain":0.0,"event_name":"The Cleric","player_choice":"Card Removal","floor":12.0,"gold_loss":50.0,"damage_taken":0.0},{"damage_healed":0,"gold_gain":0,"player_choice":"Stole Relic","damage_taken":0,"relics_obtained":["StrikeDummy"],"max_hp_gain":0,"max_hp_loss":0,"event_name":"Addict","floor":19,"gold_loss":0,"cards_obtained":["Shame"]},{"damage_healed":0,"gold_gain":0,"player_choice":"Obtained Book","damage_taken":16,"max_hp_gain":0,"max_hp_loss":0,"event_name":"Cursed Tome","floor":21,"gold_loss":0},{"damage_healed":0,"gold_gain":0,"player_choice":"Paid Fearfully","damage_taken":0,"max_hp_gain":0,"max_hp_loss":0,"event_name":"Masked Bandits","floor":30,"gold_loss":49},{"damage_healed":0,"gold_gain":0,"player_choice":"Paid","damage_taken":0,"relics_obtained":["Red Mask"],"max_hp_gain":0,"max_hp_loss":0,"event_name":"Tomb of Lord Red Mask","floor":36,"gold_loss":0},{"damage_healed":0,"gold_gain":0,"player_choice":"Fight","damage_taken":0,"max_hp_gain":0,"max_hp_loss":0,"event_name":"Mysterious Sphere","floor":38,"gold_loss":0}],"is_beta":false,"boss_relics":[{"not_picked":["Tiny House","Sozu"],"picked":"SlaversCollar"},{"not_picked":["Runic Dome","Empty Cage"],"picked":"Inserter"}],"items_purged_floors":[],"is_endless":false,"potions_floor_spawned":[7,13,14,22,24,29],"killed_by":"2 Orb Walkers","ascension_level":3}