{"gold_per_floor":[117,130,144,154,72,101,101,121,148,230,258,258,34,50,50,153,153,170,170,180,92,92,117,117,133,180,180,206,206],"floor_reached":29,"playtime":1225,"items_purged":["Strike_B"],"score":314,"play_id":"fe1387e8-6eca-48be-9e64-f58db9ed0fdc","local_time":"20210507020658","is_ascension_mode":true,"campfire_choices":[{"data":"Blind","floor":7,"key":"SMITH"},{"floor":15,"key":"REST"},{"floor":24,"key":"REST"},{"floor":27,"key":"REST"}],"neow_cost":"NONE","seed_source_timestamp":1497731329179400,"circlet_count":0,"master_deck":["Zap","Dualcast","Blind+1","Self Repair","Ball Lightning","Cold Snap","Capacitor","Barrage","Loop","Gash","Defragment","Coolheaded","Glacier","Genetic Algorithm","Buffer","Electrodynamics","Auto Shields","Recycle","Heatsinks","Coolheaded","Echo Form","White Noise","Compile Driver+1","Defragment","Darkness","Consume","Gash","Glacier","Darkness+1"],"relics":["Cracked Core","Nunchaku","Strawberry","Symbiotic Virus","Pen Nib","Pandora\u0027s Box","Art of War","Orichalcum","Happy Flower"],"potions_floor_usage":[6,16],"damage_taken":[{"damage":0,"enemies":"Cultist","floor":1,"turns":3},{"damage":4,"enemies":"2 Louse","floor":2,"turns":2},{"damage":9,"enemies":"Jaw Worm","floor":3,"turns":4},{"damage":17,"enemies":"3 Louse","floor":4,"turns":4},{"damage":32,"enemies":"3 Sentries","floor":6,"turns":7},{"damage":15,"enemies":"Exordium Thugs","floor":8,"turns":5},{"damage":30,"enemies":"Lagavulin","floor":11,"turns":6},{"damage":4,"enemies":"2 Fungi Beasts","floor":14,"turns":4},{"damage":23,"enemies":"Slime Boss","floor":16,"turns":8},{"damage":14,"enemies":"Shell Parasite","floor":18,"turns":4},{"damage":28,"enemies":"2 Thieves","floor":20,"turns":4},{"damage":38,"enemies":"Book of Stabbing","floor":23,"turns":7},{"damage":5,"enemies":"Centurion and Healer","floor":25,"turns":9},{"damage":20,"enemies":"Slavers","floor":28,"turns":4},{"damage":34,"enemies":"3 Cultists","floor":29,"turns":5}],"seed_played":"-2738958396673845329","potions_obtained":[{"floor":4,"key":"Fire Potion"},{"floor":8,"key":"GamblersBrew"},{"floor":11,"key":"Weak Potion"},{"floor":16,"key":"PotionOfCapacity"},{"floor":18,"key":"GamblersBrew"},{"floor":23,"key":"SkillPotion"}],"is_trial":false,"path_per_floor":["M","M","M","M","$","E","R","M","T","T","E","?","$","M","R","B",null,"M","?","M","$","?","E","R","M","T","R","E","M"],"character_chosen":"DEFECT","items_purchased":["Barrage","Loop","Glacier","Genetic Algorithm","Consume","Gash"],"campfire_rested":3,"item_purchase_floors":[5,5,13,13,21,21],"current_hp_per_floor":[75,71,69,59,59,34,34,26,33,33,10,10,10,6,30,14,82,68,68,40,40,40,9,33,28,28,52,32,0],"gold":206,"neow_bonus":"RANDOM_COLORLESS","is_prod":false,"is_daily":false,"chose_seed":false,"campfire_upgraded":1,"win_rate":0,"timestamp":1620367618,"path_taken":["M","?","M","M","$","E","R","?","T","?","E","?","?","M","R","BOSS","M","?","M","?","?","E","R","M","T","R","E","M"],"build_version":"2020-12-22","purchased_purges":1,"victory":false,"max_hp_per_floor":[75,75,75,75,75,75,75,75,82,82,82,82,82,82,82,82,82,82,82,82,82,82,82,82,82,82,82,82,82],"card_choices":[{"not_picked":["PanicButton","Panacea"],"picked":"Blind","floor":0},{"not_picked":["Recycle","Hello World"],"picked":"Self Repair","floor":1},{"not_picked":["Steam","Gash"],"picked":"Ball Lightning","floor":2},{"not_picked":["Turbo","Stack"],"picked":"Cold Snap","floor":3},{"not_picked":["Skim","Gash"],"picked":"Capacitor","floor":4},{"not_picked":["Self Repair","All For One"],"picked":"Gash","floor":6},{"not_picked":["Blizzard","Steam"],"picked":"Defragment","floor":8},{"not_picked":["Steam","Hello World"],"picked":"Coolheaded","floor":11},{"not_picked":["Scrape","Cold Snap","Fusion"],"picked":"SKIP","floor":14},{"not_picked":["Meteor Strike","Amplify"],"picked":"Buffer","floor":16},{"not_picked":["Lockon","Stack"],"picked":"Compile Driver+1","floor":18},{"not_picked":["Compile Driver","Steam"],"picked":"Darkness","floor":20},{"not_picked":["Defragment","Force Field"],"picked":"Glacier","floor":23},{"not_picked":["Self Repair","Cold Snap"],"picked":"Darkness+1","floor":25},{"not_picked":["Thunder Strike","Barrage","Gash"],"picked":"SKIP","floor":28}],"player_experience":304633,"relics_obtained":[{"floor":6,"key":"Nunchaku"},{"floor":9,"key":"Strawberry"},{"floor":10,"key":"Symbiotic Virus"},{"floor":11,"key":"Pen Nib"},{"floor":23,"key":"Art of War"},{"floor":26,"key":"Orichalcum"},{"floor":28,"key":"Happy Flower"}],"event_choices":[{"damage_healed":0,"gold_gain":0,"player_choice":"Ignored","damage_taken":0,"max_hp_gain":0,"max_hp_loss":0,"event_name":"Shining Light","floor":12,"gold_loss":0},{"damage_healed":0,"gold_gain":0,"player_choice":"Copied","damage_taken":0,"max_hp_gain":0,"max_hp_loss":0,"event_name":"Duplicator","floor":19,"gold_loss":0,"cards_obtained":["Defragment"]},{"damage_healed":0,"gold_gain":0,"player_choice":"Ignored","damage_taken":0,"max_hp_gain":0,"max_hp_loss":0,"event_name":"Cursed Tome","floor":22,"gold_loss":0}],"is_beta":false,"boss_relics":[{"not_picked":["Velvet Choker","Black Star"],"picked":"Pandora\u0027s Box"}],"items_purged_floors":[13],"is_endless":false,"potions_floor_spawned":[4,8,11,16,18,23,28],"killed_by":"3 Cultists","ascension_level":3}