{"gold_per_floor":[119,119,119,135,154,154,169,169,169,169,180,190,216,243,243,341,341,351,351,351,20,40,40,51,51],"floor_reached":25,"playtime":1063,"items_purged":["Force Field+1"],"score":213,"play_id":"41351f0b-8769-45ce-afc7-4b12019d8476","local_time":"20210509013424","is_ascension_mode":true,"campfire_choices":[{"data":"Streamline","floor":6,"key":"SMITH"},{"data":"Streamline","floor":8,"key":"SMITH"},{"data":"Steam","floor":10,"key":"SMITH"},{"data":"Conserve Battery","floor":15,"key":"SMITH"},{"data":"RitualDagger","floor":23,"key":"SMITH"}],"neow_cost":"NONE","seed_source_timestamp":1668738054571100,"circlet_count":0,"master_deck":["Zap","Dualcast","Streamline+1","Streamline+1","Steam+1","Rebound","Lockon","Darkness","Undo","Conserve Battery+1","Leap+1","Fission+1","Reinforced Body+1","Creative AI","Beam Cell","Machine Learning","Hologram+1","Leap+1","RitualDagger+1","Genetic Algorithm+1","Secret Weapon+1","Darkness+1","Conserve Battery+1"],"relics":["Cracked Core","Ornamental Fan","Meat on the Bone","Odd Mushroom","Toxic Egg 2","Pandora\u0027s Box"],"potions_floor_usage":[16,22,24],"damage_taken":[{"damage":3,"enemies":"Small Slimes","floor":1,"turns":2},{"damage":0,"enemies":"2 Louse","floor":4,"turns":2},{"damage":0,"enemies":"Jaw Worm","floor":5,"turns":2},{"damage":5,"enemies":"Exordium Wildlife","floor":7,"turns":3},{"damage":0,"enemies":"Blue Slaver","floor":11,"turns":2},{"damage":3,"enemies":"Red Slaver","floor":12,"turns":3},{"damage":13,"enemies":"The Mushroom Lair","floor":13,"turns":4},{"damage":11,"enemies":"Lagavulin","floor":14,"turns":5},{"damage":13,"enemies":"Slime Boss","floor":16,"turns":10},{"damage":14,"enemies":"Shell Parasite","floor":18,"turns":8},{"damage":9,"enemies":"2 Thieves","floor":22,"turns":4},{"damage":33,"enemies":"Snake Plant","floor":24,"turns":8},{"damage":45,"enemies":"Slavers","floor":25,"turns":4}],"seed_played":"-1885435125570692282","potions_obtained":[{"floor":5,"key":"Strength Potion"},{"floor":14,"key":"GamblersBrew"},{"floor":16,"key":"Explosive Potion"},{"floor":18,"key":"GamblersBrew"},{"floor":22,"key":"ColorlessPotion"}],"is_trial":false,"path_per_floor":["M","?","?","M","M","R","M","R","T","R","M","M","?","E","R","B",null,"M","?","?","$","M","R","M","E"],"character_chosen":"DEFECT","items_purchased":["Genetic Algorithm+1","Secret Weapon+1"],"campfire_rested":0,"item_purchase_floors":[21,21],"current_hp_per_floor":[79,46,46,46,46,46,41,41,41,41,53,50,49,50,50,49,82,68,62,62,62,53,53,32,0],"gold":51,"neow_bonus":"TEN_PERCENT_HP_BONUS","is_prod":false,"is_daily":false,"chose_seed":false,"campfire_upgraded":5,"win_rate":0,"timestamp":1620538464,"path_taken":["M","?","?","M","M","R","M","R","T","R","M","M","?","E","R","BOSS","M","?","?","$","M","R","M","E"],"build_version":"2020-12-22","purchased_purges":1,"victory":false,"max_hp_per_floor":[82,82,82,82,82,82,82,82,82,82,82,82,82,82,82,82,82,82,82,82,82,82,82,82,82],"card_choices":[{"not_picked":["Conserve Battery","Chaos"],"picked":"Streamline","floor":1},{"not_picked":["Hologram","Undo"],"picked":"Steam","floor":4},{"not_picked":["Go for the Eyes","Aggregate"],"picked":"Rebound","floor":5},{"not_picked":["Rebound","Steam Power"],"picked":"Lockon","floor":7},{"not_picked":["Gash","Blizzard"],"picked":"Darkness","floor":11},{"not_picked":["Tempest","Force Field"],"picked":"Undo","floor":12},{"not_picked":["Steam","Turbo"],"picked":"Conserve Battery","floor":13},{"not_picked":["Fusion+1","Reinforced Body+1"],"picked":"Leap+1","floor":14},{"not_picked":["Meteor Strike","Reboot+1"],"picked":"Fission+1","floor":16},{"not_picked":["Blizzard","Aggregate+1"],"picked":"Leap+1","floor":18},{"not_picked":["Go for the Eyes","Consume+1"],"picked":"Darkness+1","floor":22},{"not_picked":["Loop","Force Field+1"],"picked":"Conserve Battery+1","floor":24}],"player_experience":310034,"relics_obtained":[{"floor":9,"key":"Meat on the Bone"},{"floor":13,"key":"Odd Mushroom"},{"floor":14,"key":"Toxic Egg 2"}],"event_choices":[{"damage_healed":0,"gold_gain":0,"player_choice":"Success","damage_taken":33,"relics_obtained":["Ornamental Fan"],"max_hp_gain":0,"max_hp_loss":0,"event_name":"Scrap Ooze","floor":2,"gold_loss":0},{"damage_healed":0,"gold_gain":0,"cards_transformed":["Strike_B"],"player_choice":"Change","damage_taken":0,"max_hp_gain":0,"max_hp_loss":0,"event_name":"Living Wall","floor":3,"gold_loss":0,"cards_obtained":["Streamline"]},{"damage_healed":0,"gold_gain":0,"player_choice":"Fought Mushrooms","damage_taken":0,"max_hp_gain":0,"max_hp_loss":0,"event_name":"Mushrooms","floor":13,"gold_loss":0},{"damage_healed":0,"gold_gain":0,"player_choice":"Joined the Cult","damage_taken":6,"max_hp_gain":0,"max_hp_loss":0,"event_name":"Nest","floor":19,"gold_loss":0,"cards_obtained":["RitualDagger"]},{"cards_removed":["Streamline"],"damage_healed":0,"gold_gain":0,"player_choice":"Elegance","damage_taken":0,"max_hp_gain":0,"max_hp_loss":0,"event_name":"Back to Basics","floor":20,"gold_loss":0}],"is_beta":false,"boss_relics":[{"not_picked":["Velvet Choker","Snecko Eye"],"picked":"Pandora\u0027s Box"}],"items_purged_floors":[21],"is_endless":false,"potions_floor_spawned":[5,14,16,18,22],"killed_by":"Slavers","ascension_level":1}