{"gold_per_floor":[119,119,130,148,168,168,201,213,281,281,300,312,333,87,87,187,187,206,206,220,21,33,62,62,95,177,0,0,0,100,118,118,213,213,232,107,123,138,138,138],"floor_reached":40,"playtime":1646,"items_purged":["Strike_B","Strike_B","Strike_B"],"score":498,"play_id":"94c014d1-06e9-4e2d-b7d9-868b8f0dc690","local_time":"20210515021511","is_ascension_mode":true,"campfire_choices":[{"data":"Rip and Tear","floor":6,"key":"SMITH"},{"floor":10,"key":"REST"},{"floor":15,"key":"REST"},{"floor":24,"key":"REST"},{"floor":29,"key":"REST"},{"floor":32,"key":"REST"}],"neow_cost":"NONE","seed_source_timestamp":164905582486600,"circlet_count":0,"master_deck":["Defend_B","Defend_B","Defend_B","Defend_B","Zap+1","Dualcast","Rip and Tear+1","Darkness","Compile Driver","Barrage","Hologram","Loop","Loop","Leap","Undo","Go for the Eyes","Seek","Coolheaded+1","Ball Lightning","Electrodynamics","Lockon+1","Chill","Coolheaded","Rainbow","Skim+1","Capacitor+1","Barrage+1","Stack+1"],"relics":["Cracked Core","CultistMask","Pocketwatch","Cables","Odd Mushroom","Oddly Smooth Stone","Inserter","Prayer Wheel","Akabeko","Bottled Tornado","Snecko Eye"],"potions_floor_usage":[25,37,40],"damage_taken":[{"damage":8,"enemies":"Small Slimes","floor":1,"turns":3},{"damage":1,"enemies":"Cultist","floor":3,"turns":3},{"damage":1,"enemies":"2 Louse","floor":4,"turns":3},{"damage":0,"enemies":"Large Slime","floor":5,"turns":3},{"damage":36,"enemies":"Lagavulin","floor":7,"turns":4},{"damage":11,"enemies":"Lots of Slimes","floor":8,"turns":3},{"damage":3,"enemies":"Looter","floor":11,"turns":2},{"damage":6,"enemies":"Exordium Wildlife","floor":12,"turns":2},{"damage":17,"enemies":"The Mushroom Lair","floor":13,"turns":5},{"damage":18,"enemies":"Hexaghost","floor":16,"turns":8},{"damage":8,"enemies":"Chosen","floor":18,"turns":4},{"damage":32,"enemies":"2 Thieves","floor":20,"turns":4},{"damage":10,"enemies":"Snecko","floor":22,"turns":5},{"damage":31,"enemies":"Book of Stabbing","floor":23,"turns":7},{"damage":31,"enemies":"Slavers","floor":25,"turns":4},{"damage":12,"enemies":"Sentry and Sphere","floor":31,"turns":4},{"damage":7,"enemies":"Champ","floor":33,"turns":11},{"damage":8,"enemies":"Orb Walker","floor":35,"turns":4},{"damage":34,"enemies":"3 Darklings","floor":37,"turns":7},{"damage":27,"enemies":"4 Shapes","floor":38,"turns":8},{"damage":9,"enemies":"Jaw Worm Horde","floor":40,"turns":1}],"seed_played":"-6518767704675340638","potions_obtained":[{"floor":1,"key":"Strength Potion"},{"floor":5,"key":"Swift Potion"},{"floor":7,"key":"Explosive Potion"},{"floor":31,"key":"PowerPotion"},{"floor":35,"key":"PowerPotion"}],"is_trial":false,"path_per_floor":["M","?","M","M","M","R","E","M","T","R","M","M","?","$","R","B",null,"M","?","M","$","M","E","R","E","T","?","$","R","?","M","R","B",null,"M","$","M","M","$","M"],"character_chosen":"DEFECT","items_purchased":["Oddly Smooth Stone","Go for the Eyes","FairyPotion"],"campfire_rested":5,"item_purchase_floors":[14,14,21],"current_hp_per_floor":[67,67,66,65,65,65,29,18,18,40,37,31,14,14,36,18,75,67,67,35,35,25,18,40,9,9,9,9,31,31,19,41,34,75,67,67,33,6,6,0],"gold":138,"neow_bonus":"UPGRADE_CARD","is_prod":false,"is_daily":false,"chose_seed":false,"campfire_upgraded":1,"win_rate":0,"timestamp":1621059311,"path_taken":["M","?","M","M","M","R","E","M","T","R","?","M","?","$","R","BOSS","M","?","?","$","M","E","R","E","T","?","?","R","?","M","R","BOSS","M","$","M","M","$","M"],"build_version":"2020-12-22","purchased_purges":3,"victory":false,"max_hp_per_floor":[75,75,75,75,75,75,75,75,75,75,75,75,75,75,75,75,75,75,75,75,75,75,75,75,75,75,75,75,75,75,75,75,75,75,75,75,75,75,75,75],"card_choices":[{"not_picked":["Leap","Static Discharge"],"picked":"Rip and Tear","floor":1},{"not_picked":["Conserve Battery","White Noise"],"picked":"Darkness","floor":3},{"not_picked":["Turbo","Double Energy"],"picked":"Compile Driver","floor":4},{"not_picked":["Go for the Eyes","Rip and Tear"],"picked":"Barrage","floor":5},{"not_picked":["Turbo","White Noise"],"picked":"Hologram","floor":7},{"not_picked":["Beam Cell","Redo"],"picked":"Loop","floor":8},{"not_picked":["Turbo","Gash"],"picked":"Loop","floor":11},{"not_picked":["Reboot","Stack"],"picked":"Leap","floor":12},{"not_picked":["Redo","Compile Driver"],"picked":"Undo","floor":13},{"not_picked":["Meteor Strike","Electrodynamics"],"picked":"Seek","floor":16},{"not_picked":["Compile Driver","Stack"],"picked":"Coolheaded+1","floor":18},{"not_picked":["Go for the Eyes","Steam"],"picked":"Ball Lightning","floor":20},{"not_picked":["Coolheaded","Turbo"],"picked":"Electrodynamics","floor":22},{"not_picked":["Redo","Rebound","Hologram"],"picked":"SKIP","floor":23},{"not_picked":["Leap","Rebound"],"picked":"Lockon+1","floor":25},{"not_picked":["Sweeping Beam","Hologram+1"],"picked":"Chill","floor":31},{"not_picked":["Hologram","Redo"],"picked":"Coolheaded","floor":31},{"not_picked":["Fission","Machine Learning"],"picked":"Rainbow","floor":33},{"not_picked":["Streamline+1","Gash+1"],"picked":"Skim+1","floor":35},{"not_picked":["Steam+1","Barrage+1"],"picked":"Capacitor+1","floor":35},{"not_picked":["Fusion","Reprogram","Steam"],"picked":"SKIP","floor":37},{"not_picked":["Redo","Compile Driver+1","Blizzard"],"picked":"SKIP","floor":37},{"not_picked":["Redo+1","Compile Driver+1"],"picked":"Barrage+1","floor":38},{"not_picked":["Reprogram+1","Reinforced Body+1"],"picked":"Stack+1","floor":38}],"player_experience":361956,"relics_obtained":[{"floor":7,"key":"Pocketwatch"},{"floor":9,"key":"Cables"},{"floor":13,"key":"Odd Mushroom"},{"floor":23,"key":"Prayer Wheel"},{"floor":25,"key":"Akabeko"},{"floor":26,"key":"Bottled Tornado"}],"event_choices":[{"damage_healed":0,"gold_gain":0,"player_choice":"Trade","damage_taken":0,"relics_obtained":["CultistMask"],"max_hp_gain":0,"max_hp_loss":0,"event_name":"FaceTrader","floor":2,"gold_loss":0},{"damage_healed":0,"gold_gain":0,"player_choice":"Fought Mushrooms","damage_taken":0,"max_hp_gain":0,"max_hp_loss":0,"event_name":"Mushrooms","floor":13,"gold_loss":0},{"cards_removed":["Strike_B"],"damage_healed":0,"gold_gain":0,"player_choice":"Offered Basic","damage_taken":0,"max_hp_gain":0,"max_hp_loss":0,"event_name":"Bonfire Elementals","floor":19,"gold_loss":0},{"damage_healed":0,"gold_gain":0,"player_choice":"Paid Fearfully","damage_taken":0,"max_hp_gain":0,"max_hp_loss":0,"event_name":"Masked Bandits","floor":27,"gold_loss":177},{"damage_healed":0,"gold_gain":100,"player_choice":"Pray","damage_taken":0,"max_hp_gain":0,"max_hp_loss":0,"event_name":"Golden Shrine","floor":30,"gold_loss":0}],"is_beta":false,"boss_relics":[{"not_picked":["Busted Crown","Ectoplasm"],"picked":"Inserter"},{"not_picked":["Runic Pyramid","Tiny House"],"picked":"Snecko Eye"}],"items_purged_floors":[14,21,36],"is_endless":false,"potions_floor_spawned":[1,5,7,16,20,31,35],"killed_by":"Jaw Worm Horde","ascension_level":2}