{"gold_per_floor":[18,38,113,129,143,143,170,184,209,236,236,236,264,281,281,378,378,390,406,421,38,38,65,65,96,122,122,135,135,135,168,168,269,269,284,297,297,313,326,326,357,357,384,416,416,446,457,485,485,485,485,485,8,42,42],"floor_reached":55,"playtime":5130,"items_purged":["Defend_B","Strike_B"],"score":1156,"play_id":"735909ac-e044-49f9-93e3-9bd6989b75f3","local_time":"20210519214508","is_ascension_mode":true,"campfire_choices":[{"data":"Loop","floor":6,"key":"SMITH"},{"data":"White Noise","floor":11,"key":"SMITH"},{"data":"Rainbow","floor":15,"key":"SMITH"},{"data":"Multi-Cast","floor":24,"key":"SMITH"},{"data":"Buffer","floor":27,"key":"SMITH"},{"data":"Coolheaded","floor":29,"key":"SMITH"},{"data":"Sweeping Beam","floor":32,"key":"SMITH"},{"data":"Creative AI","floor":40,"key":"SMITH"},{"floor":45,"key":"REST"},{"floor":49,"key":"RECALL"},{"data":"Turbo","floor":52,"key":"SMITH"}],"neow_cost":"NO_GOLD","seed_source_timestamp":577211242738500,"circlet_count":0,"master_deck":["Strike_B+1","Strike_B+1","Zap","Dualcast","Cold Snap","Sweeping Beam+1","Loop+1","Rainbow+1","White Noise+1","Turbo+1","Ball Lightning","Conserve Battery","Doom and Gloom","Multi-Cast+1","Go for the Eyes","Undo","Redo+1","Coolheaded+1","Buffer+1","Undo","Amplify","Creative AI+1","Compile Driver+1","Conserve Battery","Coolheaded+1","Skim+1","Double Energy+1","Recycle+1","Stack","Hologram+1","Skim+1","Blind","Heatsinks","Steam+1"],"relics":["Cracked Core","CaptainsWheel","Pocketwatch","Whetstone","Ancient Tea Set","MealTicket","SlaversCollar","Mummified Hand","Omamori","Thread and Needle","Lantern","Anchor","Black Star","Smiling Mask","Ginger","Mercury Hourglass","Nunchaku","Juzu Bracelet","Incense Burner","InkBottle","Mango","Orrery","StrikeDummy","Orichalcum"],"potions_floor_usage":[7,38,39,47,48,50,55,55],"damage_taken":[{"damage":3,"enemies":"Small Slimes","floor":1,"turns":5},{"damage":2,"enemies":"Jaw Worm","floor":2,"turns":3},{"damage":0,"enemies":"Cultist","floor":4,"turns":3},{"damage":13,"enemies":"Exordium Thugs","floor":5,"turns":5},{"damage":2,"enemies":"Gremlin Nob","floor":7,"turns":4},{"damage":0,"enemies":"Large Slime","floor":8,"turns":6},{"damage":10,"enemies":"Lagavulin","floor":13,"turns":3},{"damage":0,"enemies":"2 Fungi Beasts","floor":14,"turns":3},{"damage":6,"enemies":"Hexaghost","floor":16,"turns":9},{"damage":0,"enemies":"Spheric Guardian","floor":18,"turns":4},{"damage":3,"enemies":"Chosen","floor":19,"turns":4},{"damage":14,"enemies":"Centurion and Healer","floor":20,"turns":5},{"damage":0,"enemies":"Gremlin Leader","floor":23,"turns":3},{"damage":16,"enemies":"Book of Stabbing","floor":25,"turns":5},{"damage":0,"enemies":"Snecko","floor":28,"turns":3},{"damage":0,"enemies":"Slavers","floor":31,"turns":4},{"damage":16,"enemies":"Collector","floor":33,"turns":9},{"damage":2,"enemies":"3 Shapes","floor":35,"turns":4},{"damage":0,"enemies":"3 Darklings","floor":36,"turns":4},{"damage":21,"enemies":"Transient","floor":38,"turns":5},{"damage":10,"enemies":"Writhing Mass","floor":39,"turns":9},{"damage":10,"enemies":"Nemesis","floor":41,"turns":5},{"damage":19,"enemies":"Reptomancer","floor":44,"turns":10},{"damage":0,"enemies":"Nemesis","floor":46,"turns":7},{"damage":1,"enemies":"4 Shapes","floor":47,"turns":4},{"damage":0,"enemies":"Giant Head","floor":48,"turns":10},{"damage":0,"enemies":"Time Eater","floor":50,"turns":8},{"damage":18,"enemies":"Shield and Spear","floor":54,"turns":7},{"damage":71,"enemies":"The Heart","floor":55,"turns":11}],"seed_played":"-8328708464771152243","potions_obtained":[{"floor":2,"key":"LiquidMemories"},{"floor":7,"key":"FocusPotion"},{"floor":8,"key":"SneckoOil"},{"floor":13,"key":"CultistPotion"},{"floor":20,"key":"Block Potion"},{"floor":36,"key":"DistilledChaos"},{"floor":41,"key":"GamblersBrew"},{"floor":46,"key":"Strength Potion"},{"floor":47,"key":"ColorlessPotion"},{"floor":48,"key":"SmokeBomb"}],"is_trial":false,"path_per_floor":["M","M","?","M","M","R","E","M","T","T","R","?","E","M","R","B",null,"M","M","M","$","?","E","R","E","T","R","M","R","?","E","R","B",null,"M","M","?","M","M","R","E","?","T","E","R","E","M","E","R","B",null,"R","$","E","B"],"character_chosen":"DEFECT","items_purchased":["Mummified Hand","Coolheaded","Orrery","BlessingOfTheForge","Swift Potion","Blind","Heatsinks"],"campfire_rested":1,"item_purchase_floors":[21,21,53,53,53,53,53],"current_hp_per_floor":[72,70,59,59,46,46,44,44,44,44,44,44,34,34,34,28,75,75,72,58,73,73,73,73,57,57,57,57,57,57,57,57,41,75,73,73,73,52,42,42,32,32,32,13,35,35,34,48,48,48,89,89,89,71,0],"gold":42,"neow_bonus":"ONE_RARE_RELIC","is_prod":false,"is_daily":false,"chose_seed":false,"campfire_upgraded":9,"win_rate":0,"timestamp":1621475108,"path_taken":["M","M","?","M","M","R","E","M","T","?","R","?","E","M","R","BOSS","M","?","M","$","?","E","R","E","T","R","M","R","?","E","R","BOSS","M","M","?","?","M","R","E","?","T","E","R","E","M","E","R","BOSS","R","$","E","BOSS"],"build_version":"2020-12-22","purchased_purges":2,"victory":false,"max_hp_per_floor":[75,75,75,75,75,75,75,75,75,75,75,75,75,75,75,75,75,75,75,75,75,75,75,75,75,75,75,75,75,75,75,75,75,75,75,75,75,75,75,75,75,75,75,75,75,75,75,89,89,89,89,89,89,89,89],"card_choices":[{"not_picked":["Beam Cell","Turbo"],"picked":"Cold Snap","floor":1},{"not_picked":["Lockon","Fusion"],"picked":"Sweeping Beam","floor":2},{"not_picked":["Hologram","Storm"],"picked":"Loop","floor":4},{"not_picked":["Self Repair","Leap"],"picked":"Rainbow","floor":5},{"not_picked":["Compile Driver","Amplify"],"picked":"White Noise","floor":7},{"not_picked":["Compile Driver","Leap"],"picked":"Turbo","floor":8},{"not_picked":["Consume","Gash"],"picked":"Conserve Battery","floor":13},{"not_picked":["Reprogram","Turbo"],"picked":"Doom and Gloom","floor":14},{"not_picked":["All For One","Rainbow"],"picked":"Multi-Cast","floor":16},{"not_picked":["Turbo","Steam Power"],"picked":"Go for the Eyes","floor":18},{"not_picked":["Streamline","Leap"],"picked":"Undo","floor":19},{"not_picked":["Rebound","Stack"],"picked":"Redo+1","floor":20},{"not_picked":["Turbo+1","Hologram","Conserve Battery"],"picked":"SKIP","floor":23},{"not_picked":["Rebound","Loop"],"picked":"Buffer","floor":25},{"not_picked":["Tempest","Ball Lightning","Cold Snap"],"picked":"SKIP","floor":28},{"not_picked":["Heatsinks+1","Consume+1"],"picked":"Compile Driver+1","floor":31},{"not_picked":["Seek","Echo Form"],"picked":"Creative AI","floor":33},{"not_picked":["Gash","Skim"],"picked":"Compile Driver+1","floor":35},{"not_picked":["Ball Lightning+1","Barrage+1"],"picked":"Conserve Battery","floor":36},{"not_picked":["Streamline","Cold Snap","Multi-Cast"],"picked":"SKIP","floor":38},{"not_picked":["Gash","Recycle"],"picked":"Coolheaded+1","floor":39},{"not_picked":["Leap","Rebound"],"picked":"Skim+1","floor":41},{"not_picked":["Steam+1","Doom and Gloom"],"picked":"Double Energy+1","floor":44},{"not_picked":["Rainbow","Rebound","Coolheaded"],"picked":"SKIP","floor":46},{"not_picked":["Leap","Turbo"],"picked":"Recycle+1","floor":47},{"not_picked":["Rebound+1","Steam Power"],"picked":"Stack","floor":48},{"not_picked":["Stack","Compile Driver+1"],"picked":"Hologram+1","floor":53},{"not_picked":["Ball Lightning+1","Fission"],"picked":"Skim+1","floor":53},{"not_picked":["Turbo+1","Stack"],"picked":"Steam+1","floor":54}],"player_experience":368473,"relics_obtained":[{"floor":7,"key":"Pocketwatch"},{"floor":9,"key":"Whetstone"},{"floor":10,"key":"Ancient Tea Set"},{"floor":13,"key":"MealTicket"},{"floor":23,"key":"Omamori"},{"floor":25,"key":"Thread and Needle"},{"floor":26,"key":"Lantern"},{"floor":31,"key":"Anchor"},{"floor":41,"key":"Smiling Mask"},{"floor":41,"key":"Ginger"},{"floor":44,"key":"Mercury Hourglass"},{"floor":44,"key":"Nunchaku"},{"floor":46,"key":"Juzu Bracelet"},{"floor":46,"key":"Incense Burner"},{"floor":48,"key":"InkBottle"},{"floor":48,"key":"Mango"},{"floor":54,"key":"StrikeDummy"},{"floor":54,"key":"Orichalcum"}],"event_choices":[{"damage_healed":0,"gold_gain":75,"player_choice":"Gather Gold","damage_taken":11,"max_hp_gain":0,"max_hp_loss":0,"event_name":"World of Goop","floor":3,"gold_loss":0},{"damage_healed":0,"gold_gain":0,"cards_transformed":["Defend_B"],"player_choice":"Transformed","damage_taken":0,"max_hp_gain":0,"max_hp_loss":0,"event_name":"Transmorgrifier","floor":12,"gold_loss":0,"cards_obtained":["Ball Lightning"]},{"damage_healed":0,"gold_gain":0,"player_choice":"Ignored","damage_taken":0,"max_hp_gain":0,"max_hp_loss":0,"event_name":"Vampires","floor":22,"gold_loss":0},{"damage_healed":0,"gold_gain":0,"cards_transformed":["Strike_B","Defend_B"],"player_choice":"Became Test Subject","damage_taken":0,"max_hp_gain":0,"max_hp_loss":0,"event_name":"Drug Dealer","floor":30,"gold_loss":0,"cards_obtained":["Undo","Amplify"]},{"cards_removed":["Defend_B"],"damage_healed":0,"gold_gain":0,"player_choice":"Offered Basic","damage_taken":0,"max_hp_gain":0,"max_hp_loss":0,"event_name":"Bonfire Elementals","floor":37,"gold_loss":0},{"cards_removed":["Compile Driver"],"damage_healed":0,"gold_gain":0,"player_choice":"Removed Attack","damage_taken":0,"max_hp_gain":0,"max_hp_loss":0,"event_name":"Falling","floor":42,"gold_loss":0}],"is_beta":false,"boss_relics":[{"not_picked":["Tiny House","Velvet Choker"],"picked":"SlaversCollar"},{"not_picked":["Runic Dome","FrozenCore"],"picked":"Black Star"}],"items_purged_floors":[21,53],"is_endless":false,"potions_floor_spawned":[2,7,8,13,18,19,20,31,33,36,41,46,47,48],"killed_by":"The Heart","ascension_level":3}