{"gold_per_floor":[361,436,446,239,251,251,283,283,283,310,321,421,432,8,8,113,113,131,131,45,72,104,130,155,167,179,226,238,293,330,370,391,403],"floor_reached":33,"playtime":1481,"items_purged":[],"score":334,"play_id":"81209488-4c4c-4a02-b40d-6decf2d77af5","local_time":"20210519193402","is_ascension_mode":true,"campfire_choices":[{"data":"Go for the Eyes","floor":6,"key":"SMITH"},{"data":"Zap","floor":8,"key":"SMITH"},{"floor":15,"key":"REST"},{"floor":25,"key":"REST"},{"data":"Genetic Algorithm","floor":28,"key":"SMITH"},{"floor":32,"key":"REST"}],"neow_cost":"CURSE","seed_source_timestamp":572994779529900,"circlet_count":0,"master_deck":["Strike_B","Strike_B","Strike_B","Strike_B","Defend_B","Defend_B","Defend_B","Zap+1","Dualcast","Writhe","Rebound","Conserve Battery","Go for the Eyes+1","Conserve Battery","Glacier","Barrage","Sweeping Beam","Conserve Battery","Rip and Tear","Cold Snap","All For One","Redo","Ball Lightning","Genetic Algorithm+1","Compile Driver+1","Steam","Defragment+1","Double Energy+1","Gash+1","Core Surge","Coolheaded","Beam Cell+1"],"relics":["Cracked Core","Toolbox","The Courier","Blood Vial","Dream Catcher","Symbiotic Virus","Potion Belt","SacredBark","MawBank","InkBottle","CeramicFish"],"potions_floor_usage":[7,10,24,24,27,30,31],"damage_taken":[{"damage":9,"enemies":"2 Louse","floor":1,"turns":3},{"damage":0,"enemies":"Cultist","floor":3,"turns":4},{"damage":5,"enemies":"Jaw Worm","floor":5,"turns":3},{"damage":22,"enemies":"3 Sentries","floor":7,"turns":8},{"damage":9,"enemies":"Lagavulin","floor":10,"turns":9},{"damage":11,"enemies":"Exordium Thugs","floor":11,"turns":3},{"damage":13,"enemies":"3 Louse","floor":13,"turns":3},{"damage":4,"enemies":"Slime Boss","floor":16,"turns":7},{"damage":3,"enemies":"Shell Parasite","floor":18,"turns":4},{"damage":11,"enemies":"2 Thieves","floor":21,"turns":4},{"damage":12,"enemies":"Cultist and Chosen","floor":22,"turns":6},{"damage":42,"enemies":"Snake Plant","floor":23,"turns":6},{"damage":5,"enemies":"3 Cultists","floor":24,"turns":4},{"damage":16,"enemies":"Book of Stabbing","floor":27,"turns":4},{"damage":0,"enemies":"Centurion and Healer","floor":29,"turns":9},{"damage":22,"enemies":"Snake Plant","floor":30,"turns":4},{"damage":7,"enemies":"Cultist and Chosen","floor":31,"turns":4},{"damage":41,"enemies":"Collector","floor":33,"turns":5}],"seed_played":"3480598568969426404","potions_obtained":[{"floor":1,"key":"BlessingOfTheForge"},{"floor":3,"key":"SkillPotion"},{"floor":7,"key":"LiquidBronze"},{"floor":10,"key":"AttackPotion"},{"floor":13,"key":"FocusPotion"},{"floor":18,"key":"Swift Potion"},{"floor":23,"key":"AttackPotion"},{"floor":24,"key":"LiquidBronze"},{"floor":27,"key":"Strength Potion"},{"floor":30,"key":"FocusPotion"}],"is_trial":false,"path_per_floor":["M","?","M","$","M","R","E","R","T","E","M","?","M","$","R","B",null,"M","?","?","M","M","M","M","R","T","E","R","M","M","M","R","B"],"character_chosen":"DEFECT","items_purchased":["Go for the Eyes","Toolbox","Symbiotic Virus","Fruit Juice","Potion Belt","Rip and Tear"],"campfire_rested":3,"item_purchase_floors":[4,4,14,14,14,14],"current_hp_per_floor":[66,59,59,59,54,54,32,32,32,25,16,16,5,5,27,25,75,72,72,72,63,53,13,20,45,45,31,31,33,13,8,33,0],"gold":403,"neow_bonus":"TWO_FIFTY_GOLD","is_prod":false,"is_daily":false,"chose_seed":false,"campfire_upgraded":3,"win_rate":0,"timestamp":1621467242,"path_taken":["M","?","M","$","?","R","E","R","T","E","M","?","M","?","R","BOSS","M","?","?","M","M","M","M","R","T","E","R","M","?","M","R","BOSS"],"build_version":"2020-12-22","purchased_purges":0,"victory":false,"max_hp_per_floor":[75,75,75,75,75,75,75,75,75,75,75,75,75,75,75,75,75,75,75,75,75,75,75,85,85,85,85,85,85,85,85,85,85],"card_choices":[{"not_picked":["Chill","Turbo"],"picked":"Rebound","floor":1},{"not_picked":["Steam","Static Discharge"],"picked":"Conserve Battery","floor":3},{"not_picked":["Leap","Compile Driver"],"picked":"Conserve Battery","floor":5},{"not_picked":["Redo","Darkness"],"picked":"Glacier","floor":7},{"not_picked":["Stack","Redo"],"picked":"Barrage","floor":10},{"not_picked":["Barrage","Storm"],"picked":"Sweeping Beam","floor":11},{"not_picked":["Lockon","Amplify"],"picked":"Conserve Battery","floor":13},{"not_picked":["Static Discharge","Storm"],"picked":"Cold Snap","floor":15},{"not_picked":["Thunder Strike","Core Surge"],"picked":"All For One","floor":16},{"not_picked":["Stack","Rip and Tear"],"picked":"Redo","floor":18},{"not_picked":["Storm","Sunder"],"picked":"Ball Lightning","floor":21},{"not_picked":["Coolheaded","Go for the Eyes+1"],"picked":"Genetic Algorithm","floor":22},{"not_picked":["Beam Cell","Fusion"],"picked":"Compile Driver+1","floor":23},{"not_picked":["Turbo","Barrage+1"],"picked":"Steam","floor":24},{"not_picked":["Compile Driver","Leap+1"],"picked":"Defragment+1","floor":25},{"not_picked":["Tempest","BootSequence"],"picked":"Double Energy+1","floor":27},{"not_picked":["Conserve Battery","Steam"],"picked":"Gash+1","floor":29},{"not_picked":["Compile Driver","Barrage"],"picked":"Core Surge","floor":30},{"not_picked":["Beam Cell","Streamline"],"picked":"Coolheaded","floor":31},{"not_picked":["Redo","Compile Driver"],"picked":"Beam Cell+1","floor":32}],"player_experience":364300,"relics_obtained":[{"floor":7,"key":"The Courier"},{"floor":9,"key":"Blood Vial"},{"floor":10,"key":"Dream Catcher"},{"floor":26,"key":"InkBottle"},{"floor":27,"key":"CeramicFish"}],"event_choices":[{"damage_healed":0,"gold_gain":75,"player_choice":"Touch","damage_taken":7,"max_hp_gain":0,"max_hp_loss":0,"event_name":"FaceTrader","floor":2,"gold_loss":0},{"damage_healed":0,"gold_gain":100,"player_choice":"Pray","damage_taken":0,"max_hp_gain":0,"max_hp_loss":0,"event_name":"Golden Shrine","floor":12,"gold_loss":0},{"cards_removed":["Defend_B"],"damage_healed":0,"gold_gain":0,"player_choice":"Elegance","damage_taken":0,"max_hp_gain":0,"max_hp_loss":0,"event_name":"Back to Basics","floor":19,"gold_loss":0},{"damage_healed":0,"gold_gain":0,"player_choice":"Paid Gold","damage_taken":0,"relics_obtained":["MawBank"],"max_hp_gain":0,"max_hp_loss":0,"event_name":"WeMeetAgain","floor":20,"gold_loss":86}],"is_beta":false,"boss_relics":[{"not_picked":["FrozenCore","Runic Dome"],"picked":"SacredBark"}],"items_purged_floors":[],"is_endless":false,"potions_floor_spawned":[1,3,7,10,13,18,23,24,27,30],"killed_by":"Collector","ascension_level":2}