{"gold_per_floor":[110,185,59,59,73,73,173,173,173,197,218,234,234,274,274,398,398,423,439,455,476,476,575,575,619,619,632,39,39,53,68,68,194,194,207,221,96,112,112,145,145,168,168,186,186,199,224,247,247,247,247,247,0,36,36],"floor_reached":55,"playtime":2692,"items_purged":["Pain","Strike_B","Defend_B"],"score":850,"play_id":"8455e2da-a69a-4ffa-85a8-36cb57cace75","local_time":"20210519201927","is_ascension_mode":true,"campfire_choices":[{"data":"Biased Cognition","floor":6.0,"key":"SMITH"},{"data":"Ball Lightning","floor":8.0,"key":"SMITH"},{"floor":13.0,"key":"REST"},{"data":"Rip and Tear","floor":15.0,"key":"SMITH"},{"floor":32.0,"key":"REST"},{"data":"Seek","floor":41.0,"key":"SMITH"},{"floor":49,"key":"RECALL"},{"data":"Coolheaded","floor":52,"key":"SMITH"}],"neow_cost":"CURSE","seed_source_timestamp":574485397044400,"circlet_count":0,"master_deck":["Strike_B","Defend_B","Zap","Dualcast","Biased Cognition+1","Ball Lightning+1","Rip and Tear+1","Coolheaded+1","Conserve Battery","Core Surge","Seek+1","Leap+1","Conserve Battery+1","Ball Lightning+1","Coolheaded","Undo+1","Gash","Sweeping Beam+1","Core Surge","Conserve Battery+1","Hologram+1","Chaos+1","Leap+1","Biased Cognition+1"],"special_seed":0,"relics":["Cracked Core","Golden Idol","Letter Opener","HornCleat","Empty Cage","Calipers","Incense Burner","Vajra","Happy Flower","Sling","Busted Crown","PreservedInsect","DollysMirror","Kunai"],"potions_floor_usage":[50,50,55,55,55],"damage_taken":[{"damage":5.0,"enemies":"Cultist","floor":1.0,"turns":3.0},{"damage":0.0,"enemies":"2 Louse","floor":5.0,"turns":2.0},{"damage":8.0,"enemies":"Small Slimes","floor":10.0,"turns":2.0},{"damage":3.0,"enemies":"Exordium Thugs","floor":11.0,"turns":3.0},{"damage":8.0,"enemies":"Blue Slaver","floor":12.0,"turns":2.0},{"damage":7.0,"enemies":"Lagavulin","floor":14.0,"turns":4.0},{"damage":10.0,"enemies":"The Guardian","floor":16.0,"turns":9.0},{"damage":2.0,"enemies":"Chosen","floor":18.0,"turns":3.0},{"damage":0.0,"enemies":"Spheric Guardian","floor":19.0,"turns":3.0},{"damage":17.0,"enemies":"Snake Plant","floor":20.0,"turns":3.0},{"damage":28.0,"enemies":"Centurion and Healer","floor":21.0,"turns":9.0},{"damage":9.0,"enemies":"Gremlin Leader","floor":25.0,"turns":6.0},{"damage":3.0,"enemies":"Cultist and Chosen","floor":27.0,"turns":5.0},{"damage":10.0,"enemies":"Snake Plant","floor":30.0,"turns":4.0},{"damage":0.0,"enemies":"Chosen and Byrds","floor":31.0,"turns":4.0},{"damage":0.0,"enemies":"Champ","floor":33.0,"turns":13.0},{"damage":13.0,"enemies":"3 Shapes","floor":35.0,"turns":5.0},{"damage":5.0,"enemies":"3 Darklings","floor":36.0,"turns":4.0},{"damage":0.0,"enemies":"Spire Growth","floor":38.0,"turns":4.0},{"damage":0.0,"enemies":"Reptomancer","floor":40.0,"turns":6.0},{"damage":0.0,"enemies":"Transient","floor":42.0,"turns":5.0},{"damage":11.0,"enemies":"Writhing Mass","floor":44.0,"turns":5.0},{"damage":10.0,"enemies":"Jaw Worm Horde","floor":46.0,"turns":4.0},{"damage":1,"enemies":"4 Shapes","floor":47,"turns":4},{"damage":7,"enemies":"Maw","floor":48,"turns":5},{"damage":6,"enemies":"Awakened One","floor":50,"turns":14},{"damage":9,"enemies":"Shield and Spear","floor":54,"turns":7},{"damage":66,"enemies":"The Heart","floor":55,"turns":9}],"seed_played":"4875198324864891838","potions_obtained":[{"floor":10.0,"key":"PotionOfCapacity"},{"floor":12.0,"key":"PowerPotion"},{"floor":19.0,"key":"Block Potion"},{"floor":44.0,"key":"Weak Potion"},{"floor":47,"key":"SkillPotion"},{"floor":54,"key":"Dexterity Potion"}],"is_trial":false,"path_per_floor":["M","?","$","?","M","R","?","R","T","M","M","M","R","E","R","B",null,"M","M","M","M","?","?","?","E","T","M","$","?","M","M","R","B",null,"M","M","$","M","?","E","R","M","T","M","?","M","M","M","R","B",null,"R","$","E","B"],"character_chosen":"DEFECT","items_purchased":["Fire Potion","Vajra","Happy Flower","Sling","Gash","DollysMirror","Swift Potion","Fire Potion"],"campfire_rested":2,"item_purchase_floors":[3,28,28,28,28,53,53,53],"current_hp_per_floor":[70,59,59,41,41,41,41,41,41,33,30,22,44,37,37,27,75,73,73,56,28,28,28,28,19,19,16,16,16,6,6,28,28,75,62,57,57,57,57,57,57,57,57,46,46,36,35,28,28,22,75,75,75,66,0],"gold":36,"neow_bonus":"THREE_RARE_CARDS","is_prod":false,"is_daily":false,"chose_seed":false,"campfire_upgraded":5,"win_rate":0,"timestamp":1621469967,"path_taken":["M","?","$","?","M","R","?","R","T","?","M","M","R","E","R","BOSS","M","M","M","M","?","?","?","E","T","M","$","?","M","M","R","BOSS","M","M","$","M","?","E","R","M","T","M","?","M","M","M","R","BOSS","R","$","E","BOSS"],"build_version":"2020-12-22","purchased_purges":3,"victory":false,"max_hp_per_floor":[75,75,75,75,75,75,75,75,75,75,75,75,75,75,75,75,75,75,75,75,75,75,75,75,75,75,75,75,75,75,75,75,75,75,75,75,75,75,75,75,75,75,75,75,75,75,75,75,75,75,75,75,75,75,75],"card_choices":[{"not_picked":["All For One","Meteor Strike"],"picked":"Biased Cognition","floor":0.0},{"not_picked":["Compile Driver","Turbo"],"picked":"Ball Lightning","floor":1.0},{"not_picked":["Heatsinks","Force Field","Stack"],"picked":"SKIP","floor":5.0},{"not_picked":["Barrage","Sunder"],"picked":"Rip and Tear","floor":10.0},{"not_picked":["Redo","Leap"],"picked":"Coolheaded","floor":11.0},{"not_picked":["Rip and Tear","Ball Lightning"],"picked":"Conserve Battery","floor":12.0},{"not_picked":["Sweeping Beam","Consume"],"picked":"Core Surge","floor":14.0},{"not_picked":["Core Surge","Hyperbeam"],"picked":"Seek","floor":16.0},{"not_picked":["Steam","Barrage+1","Ball Lightning"],"picked":"SKIP","floor":18.0},{"not_picked":["Cold Snap","Steam"],"picked":"Leap+1","floor":19.0},{"not_picked":["Sweeping Beam","Force Field"],"picked":"Conserve Battery+1","floor":20.0},{"not_picked":["Barrage","Turbo"],"picked":"Ball Lightning+1","floor":21.0},{"not_picked":["Beam Cell+1","Leap+1"],"picked":"Coolheaded","floor":25.0},{"not_picked":["Steam","Biased Cognition"],"picked":"Undo+1","floor":27.0},{"not_picked":["Beam Cell","Ball Lightning","Coolheaded"],"picked":"SKIP","floor":30.0},{"not_picked":["Auto Shields+1","Barrage+1"],"picked":"Sweeping Beam+1","floor":31.0},{"not_picked":["Fission","Creative AI"],"picked":"Core Surge","floor":33.0},{"not_picked":["Stack+1"],"picked":"SKIP","floor":35.0},{"not_picked":["Stack+1"],"picked":"SKIP","floor":35.0},{"not_picked":[],"picked":"Conserve Battery+1","floor":36.0},{"not_picked":["Steam"],"picked":"SKIP","floor":38.0},{"not_picked":["Consume"],"picked":"SKIP","floor":40.0},{"not_picked":[],"picked":"Hologram+1","floor":42.0},{"not_picked":["Heatsinks"],"picked":"SKIP","floor":44.0},{"not_picked":["Barrage"],"picked":"SKIP","floor":46.0},{"not_picked":[],"picked":"Chaos+1","floor":47},{"not_picked":[],"picked":"Leap+1","floor":48},{"not_picked":["Barrage"],"picked":"SKIP","floor":54}],"player_experience":365781,"relics_obtained":[{"floor":9.0,"key":"Letter Opener"},{"floor":14.0,"key":"HornCleat"},{"floor":25.0,"key":"Calipers"},{"floor":26.0,"key":"Incense Burner"},{"floor":40.0,"key":"PreservedInsect"},{"floor":54,"key":"Kunai"}],"event_choices":[{"damage_healed":0.0,"max_hp_gain":0.0,"max_hp_loss":0.0,"gold_gain":75.0,"event_name":"World of Goop","player_choice":"Gather Gold","floor":2.0,"gold_loss":0.0,"damage_taken":11.0},{"damage_healed":0.0,"max_hp_gain":0.0,"max_hp_loss":0.0,"gold_gain":0.0,"event_name":"Golden Idol","player_choice":"Take Damage","floor":4.0,"gold_loss":0.0,"damage_taken":18.0,"relics_obtained":["Golden Idol"]},{"damage_healed":0.0,"max_hp_gain":0.0,"max_hp_loss":0.0,"gold_gain":100.0,"event_name":"Golden Shrine","player_choice":"Pray","floor":7.0,"gold_loss":0.0,"damage_taken":0.0},{"cards_removed":["Defend_B"],"damage_healed":0.0,"max_hp_gain":0.0,"max_hp_loss":0.0,"gold_gain":0.0,"event_name":"Back to Basics","player_choice":"Elegance","floor":22.0,"gold_loss":0.0,"damage_taken":0.0},{"damage_healed":0.0,"max_hp_gain":0.0,"max_hp_loss":0.0,"gold_gain":99.0,"event_name":"Nest","player_choice":"Stole From Cult","floor":23.0,"gold_loss":0.0,"damage_taken":0.0},{"damage_healed":0.0,"max_hp_gain":0.0,"max_hp_loss":0.0,"gold_gain":0.0,"event_name":"Cursed Tome","player_choice":"Ignored","floor":24.0,"gold_loss":0.0,"damage_taken":0.0},{"damage_healed":0.0,"max_hp_gain":0.0,"max_hp_loss":0.0,"gold_gain":0.0,"event_name":"Mysterious Sphere","player_choice":"Ignored","floor":39.0,"gold_loss":0.0,"damage_taken":0.0},{"cards_removed":["Defend_B"],"damage_healed":0.0,"max_hp_gain":0.0,"max_hp_loss":0.0,"gold_gain":0.0,"event_name":"Purifier","player_choice":"Purged","floor":45.0,"gold_loss":0.0,"damage_taken":0.0}],"is_beta":false,"boss_relics":[{"not_picked":["Ectoplasm","SacredBark"],"picked":"Empty Cage"},{"not_picked":["Calling Bell","Velvet Choker"],"picked":"Busted Crown"}],"items_purged_floors":[3,28,37],"is_endless":false,"potions_floor_spawned":[10,12,16,19,20,27,33,38,44,46,47,48,54],"killed_by":"The Heart","ascension_level":2}