{"gold_per_floor":[111,127,127,77,95,95,130,147,147,163,180,193,193,205,205,306,356,372,383,16,16,16],"floor_reached":22,"playtime":698,"items_purged":["Strike_B"],"score":209,"play_id":"fcade821-349f-4d5c-8c62-7dac594a7660","local_time":"20210518004142","is_ascension_mode":true,"campfire_choices":[{"data":"Streamline","floor":6,"key":"SMITH"},{"data":"Creative AI","floor":13,"key":"SMITH"},{"floor":15,"key":"REST"}],"neow_cost":"TEN_PERCENT_HP_LOSS","seed_source_timestamp":419438649023800,"circlet_count":0,"master_deck":["Strike_B","Strike_B+1","Defend_B","Defend_B","Defend_B","Defend_B","Zap","Dualcast","Streamline+1","Cold Snap","Ball Lightning","Hyperbeam","BootSequence","Sweeping Beam","Creative AI+1","Coolheaded","Storm","Echo Form","Compile Driver","Heatsinks+1","RitualDagger"],"relics":["Cracked Core","Torii","Nunchaku","Happy Flower","Tiny House","Vajra","ClockworkSouvenir"],"potions_floor_usage":[16,16,22],"damage_taken":[{"damage":2,"enemies":"Jaw Worm","floor":1,"turns":3},{"damage":1,"enemies":"2 Louse","floor":2,"turns":2},{"damage":0,"enemies":"Small Slimes","floor":5,"turns":2},{"damage":31,"enemies":"Lagavulin","floor":7,"turns":4},{"damage":7,"enemies":"2 Fungi Beasts","floor":8,"turns":3},{"damage":0,"enemies":"Large Slime","floor":10,"turns":3},{"damage":0,"enemies":"Looter","floor":11,"turns":2},{"damage":8,"enemies":"Blue Slaver","floor":12,"turns":3},{"damage":0,"enemies":"Red Slaver","floor":14,"turns":2},{"damage":15,"enemies":"Hexaghost","floor":16,"turns":8},{"damage":1,"enemies":"Chosen","floor":18,"turns":4},{"damage":28,"enemies":"Shell Parasite","floor":19,"turns":5},{"damage":43,"enemies":"Shelled Parasite and Fungi","floor":22,"turns":4}],"seed_played":"-1128672680443441148","potions_obtained":[{"floor":7,"key":"SpeedPotion"},{"floor":8,"key":"CultistPotion"},{"floor":10,"key":"LiquidBronze"},{"floor":12,"key":"Regen Potion"},{"floor":17,"key":"Fire Potion"},{"floor":19,"key":"Swift Potion"}],"is_trial":false,"path_per_floor":["M","M","?","?","M","R","E","M","T","M","M","M","R","M","R","B",null,"M","M","$","?","M"],"character_chosen":"DEFECT","items_purchased":["Vajra","ClockworkSouvenir"],"campfire_rested":1,"item_purchase_floors":[20,20],"current_hp_per_floor":[66,65,70,70,70,70,39,32,32,32,32,24,24,24,45,45,78,77,49,49,43,0],"gold":16,"neow_bonus":"ONE_RARE_RELIC","is_prod":false,"is_daily":false,"chose_seed":false,"campfire_upgraded":2,"win_rate":0,"timestamp":1621312902,"path_taken":["M","M","?","?","M","R","E","M","T","M","M","M","R","M","R","BOSS","M","M","$","?","M"],"build_version":"2020-12-22","purchased_purges":1,"victory":false,"max_hp_per_floor":[68,68,73,73,73,73,73,73,73,73,73,73,73,73,73,73,78,78,78,78,78,78],"card_choices":[{"not_picked":["Redo","BootSequence"],"picked":"Streamline","floor":1},{"not_picked":["Rebound","Redo"],"picked":"Cold Snap","floor":2},{"not_picked":["Stack","Blizzard"],"picked":"Ball Lightning","floor":5},{"not_picked":["Auto Shields","Steam"],"picked":"Hyperbeam","floor":7},{"not_picked":["Ball Lightning","Turbo"],"picked":"BootSequence","floor":8},{"not_picked":["Beam Cell","Ball Lightning"],"picked":"Sweeping Beam","floor":10},{"not_picked":["Melter","Hello World"],"picked":"Creative AI","floor":11},{"not_picked":["Sweeping Beam","Stack"],"picked":"Coolheaded","floor":12},{"not_picked":["BootSequence","Barrage"],"picked":"Storm","floor":14},{"not_picked":["Reboot","Rainbow"],"picked":"Echo Form","floor":16},{"not_picked":["Streamline","Ball Lightning"],"picked":"Compile Driver","floor":17},{"not_picked":["Redo","Steam"],"picked":"Heatsinks+1","floor":18},{"not_picked":["Ball Lightning","Beam Cell","Hello World"],"picked":"SKIP","floor":19}],"player_experience":363602,"relics_obtained":[{"floor":7,"key":"Nunchaku"},{"floor":9,"key":"Happy Flower"}],"event_choices":[{"damage_healed":0,"gold_gain":0,"player_choice":"Donut","damage_taken":0,"max_hp_gain":5,"max_hp_loss":0,"event_name":"Big Fish","floor":3,"gold_loss":0},{"cards_removed":["Strike_B"],"damage_healed":0,"gold_gain":0,"player_choice":"Card Removal","damage_taken":0,"max_hp_gain":0,"max_hp_loss":0,"event_name":"The Cleric","floor":4,"gold_loss":50},{"damage_healed":0,"gold_gain":0,"player_choice":"Joined the Cult","damage_taken":6,"max_hp_gain":0,"max_hp_loss":0,"event_name":"Nest","floor":21,"gold_loss":0,"cards_obtained":["RitualDagger"]}],"is_beta":false,"boss_relics":[{"not_picked":["Inserter","Ectoplasm"],"picked":"Tiny House"}],"items_purged_floors":[20],"is_endless":false,"potions_floor_spawned":[7,8,10,12,14,19],"killed_by":"Shelled Parasite and Fungi","ascension_level":2}