{"gold_per_floor":[119,137,151,151,174,174,214,214,214,214,52,52,87,105,105,235,235,251,266,87,108,108,108,33,49,76,115,115,21,21,44,44,169,169,190,190,253,253,74,117,117,150,150,189,189,205,224,224,224,224],"floor_reached":51,"playtime":2500,"items_purged":["Strike_B","Strike_B","Zap"],"score":1018,"play_id":"0c1c114d-81dc-4031-9f41-1f52e2bb5668","local_time":"20210521011934","is_ascension_mode":true,"campfire_choices":[{"data":"1","floor":6.0,"key":"LIFT"},{"data":"2","floor":8.0,"key":"LIFT"},{"floor":12.0,"key":"REST"},{"data":"3","floor":15.0,"key":"LIFT"},{"data":"Hologram","floor":23.0,"key":"SMITH"},{"data":"White Noise","floor":28.0,"key":"SMITH"},{"floor":32.0,"key":"REST"},{"data":"Scrape","floor":41,"key":"SMITH"},{"data":"Hologram","floor":45,"key":"SMITH"},{"floor":49,"key":"REST"}],"neow_cost":"TEN_PERCENT_HP_LOSS","seed_source_timestamp":0,"circlet_count":0,"master_deck":["Defend_B","Defend_B","Defend_B+1","Defend_B","Dualcast","Streamline","FTL","Cold Snap","Cold Snap","Machine Learning","White Noise+1","Scrape+1","Gash","Doom and Gloom","Seek","CurseOfTheBell","Leap+1","Beam Cell","FTL","Hologram+1","Gash+1","Finesse","Leap","Reboot","Turbo+1","Good Instincts+1","Gash","Gash","Defragment+1","Hyperbeam","Hologram+1","Parasite","Gash"],"special_seed":0,"relics":["Cracked Core","Girya","Golden Idol","Potion Belt","Juzu Bracelet","Pantograph","Calling Bell","Bag of Marbles","Cables","TungstenRod","Nilry\u0027s Codex","Blood Vial","Happy Flower","SlaversCollar","FossilizedHelix","Toy Ornithopter","Mummified Hand","War Paint"],"potions_floor_usage":[44,50,50],"damage_taken":[{"damage":0.0,"enemies":"Cultist","floor":1.0,"turns":4.0},{"damage":5.0,"enemies":"Small Slimes","floor":2.0,"turns":2.0},{"damage":1.0,"enemies":"2 Louse","floor":3.0,"turns":3.0},{"damage":2.0,"enemies":"Exordium Wildlife","floor":5.0,"turns":3.0},{"damage":17.0,"enemies":"Lagavulin","floor":7.0,"turns":6.0},{"damage":14.0,"enemies":"3 Sentries","floor":13.0,"turns":5.0},{"damage":0.0,"enemies":"Looter","floor":14.0,"turns":1.0},{"damage":0.0,"enemies":"Slime Boss","floor":16.0,"turns":7.0},{"damage":0.0,"enemies":"Spheric Guardian","floor":18.0,"turns":3.0},{"damage":0.0,"enemies":"3 Byrds","floor":19.0,"turns":1.0},{"damage":8.0,"enemies":"Centurion and Healer","floor":21.0,"turns":6.0},{"damage":5.0,"enemies":"Cultist and Chosen","floor":25.0,"turns":4.0},{"damage":20.0,"enemies":"Gremlin Leader","floor":27.0,"turns":5.0},{"damage":19.0,"enemies":"Snake Plant","floor":31.0,"turns":3.0},{"damage":47.0,"enemies":"Automaton","floor":33.0,"turns":7.0},{"damage":8.0,"enemies":"3 Shapes","floor":35.0,"turns":4.0},{"damage":7.0,"enemies":"Mind Bloom Boss Battle","floor":37.0,"turns":7.0},{"damage":16,"enemies":"Reptomancer","floor":40,"turns":7},{"damage":0,"enemies":"Giant Head","floor":42,"turns":6},{"damage":12,"enemies":"Nemesis","floor":44,"turns":5},{"damage":0,"enemies":"Orb Walker","floor":46,"turns":2},{"damage":14,"enemies":"Writhing Mass","floor":47,"turns":5},{"damage":38,"enemies":"Awakened One","floor":50,"turns":9}],"seed_played":"-6359140258611501687","potions_obtained":[{"floor":1.0,"key":"Strength Potion"},{"floor":2.0,"key":"Block Potion"},{"floor":3.0,"key":"Swift Potion"},{"floor":16.0,"key":"AttackPotion"},{"floor":21.0,"key":"EssenceOfDarkness"},{"floor":25.0,"key":"ColorlessPotion"},{"floor":31.0,"key":"Ancient Potion"},{"floor":42,"key":"DuplicationPotion"},{"floor":47,"key":"SpeedPotion"}],"is_trial":false,"path_per_floor":["M","M","M","?","M","R","E","R","T","?","$","R","E","M","R","B",null,"M","M","$","M","?","R","?","M","T","E","R","$","?","M","R","B",null,"M","?","?","?","$","E","R","E","T","E","R","M","M","?","R","B",null],"character_chosen":"DEFECT","items_purchased":["Scrape","Gash","FTL","Finesse","Gash"],"campfire_rested":3,"item_purchase_floors":[11,11,20,29,39],"current_hp_per_floor":[68,63,62,45,43,43,26,26,26,26,26,46,32,32,32,57,68,68,68,68,60,48,48,48,43,43,25,25,25,25,8,28,8,68,60,51,61,61,61,47,47,49,49,44,44,46,34,34,53,27],"gold":224,"neow_bonus":"ONE_RARE_RELIC","is_prod":false,"is_daily":false,"chose_seed":false,"campfire_upgraded":4,"win_rate":0,"timestamp":1621574374,"path_taken":["M","M","M","?","M","R","E","R","T","?","$","R","E","M","R","BOSS","M","M","$","M","?","R","?","M","T","E","R","$","?","M","R","BOSS","M","?","?","?","?","E","R","E","T","E","R","M","M","?","R","BOSS"],"build_version":"2020-12-22","purchased_purges":3,"victory":true,"max_hp_per_floor":[68,68,68,68,68,68,68,68,68,68,68,68,68,68,68,68,68,68,68,68,68,68,68,68,68,68,68,68,68,68,68,68,68,68,68,68,68,65,65,65,65,65,65,65,65,65,65,65,65,65],"card_choices":[{"not_picked":["Chaos","Skim"],"picked":"Streamline","floor":1.0},{"not_picked":["Redo","Sunder"],"picked":"FTL","floor":2.0},{"not_picked":["Darkness","Beam Cell"],"picked":"Cold Snap","floor":3.0},{"not_picked":["Conserve Battery","Force Field"],"picked":"Cold Snap","floor":5.0},{"not_picked":["Barrage","Steam"],"picked":"Machine Learning","floor":7.0},{"not_picked":["Glacier","Compile Driver","Storm"],"picked":"SKIP","floor":13.0},{"not_picked":["Hologram","BootSequence"],"picked":"Doom and Gloom","floor":14.0},{"not_picked":["Biased Cognition","Rainbow"],"picked":"Seek","floor":16.0},{"not_picked":["Redo","Barrage"],"picked":"Leap+1","floor":18.0},{"not_picked":["Rip and Tear","Conserve Battery"],"picked":"Beam Cell","floor":19.0},{"not_picked":["Conserve Battery","Recycle"],"picked":"Hologram","floor":21.0},{"not_picked":["Cold Snap+1","Steam"],"picked":"Gash+1","floor":25.0},{"not_picked":["Static Discharge","Consume","Storm"],"picked":"SKIP","floor":27.0},{"not_picked":["Stack","Go for the Eyes"],"picked":"Leap","floor":31.0},{"not_picked":["Amplify","Buffer"],"picked":"Reboot","floor":33.0},{"not_picked":["Skim+1","Streamline+1"],"picked":"Turbo+1","floor":35.0},{"not_picked":["Panacea","Dark Shackles"],"picked":"Good Instincts","floor":36.0},{"not_picked":["Hologram+1","Go for the Eyes+1"],"picked":"Gash","floor":37.0},{"not_picked":["Cold Snap","Compile Driver+1"],"picked":"Defragment+1","floor":40},{"not_picked":["Conserve Battery","Undo+1"],"picked":"Hyperbeam","floor":42},{"not_picked":["Leap+1","Self Repair"],"picked":"Hologram","floor":44},{"not_picked":["Chill+1","Leap+1","Rebound"],"picked":"SKIP","floor":46},{"not_picked":["Sweeping Beam+1","Hello World+1"],"picked":"Gash","floor":47}],"player_experience":375109,"relics_obtained":[{"floor":7.0,"key":"Potion Belt"},{"floor":9.0,"key":"Juzu Bracelet"},{"floor":13.0,"key":"Pantograph"},{"floor":17.0,"key":"Bag of Marbles"},{"floor":17.0,"key":"Cables"},{"floor":17.0,"key":"TungstenRod"},{"floor":22.0,"key":"Nilry\u0027s Codex"},{"floor":26.0,"key":"Blood Vial"},{"floor":27.0,"key":"Happy Flower"},{"floor":37.0,"key":"FossilizedHelix"},{"floor":40,"key":"Toy Ornithopter"},{"floor":42,"key":"Mummified Hand"},{"floor":44,"key":"War Paint"}],"event_choices":[{"damage_healed":0.0,"max_hp_gain":0.0,"max_hp_loss":0.0,"gold_gain":0.0,"event_name":"Golden Idol","player_choice":"Take Damage","floor":4.0,"gold_loss":0.0,"damage_taken":17.0,"relics_obtained":["Golden Idol"]},{"damage_healed":0.0,"max_hp_gain":0.0,"max_hp_loss":0.0,"gold_gain":0.0,"cards_transformed":["Strike_B"],"event_name":"Living Wall","player_choice":"Change","floor":10.0,"gold_loss":0.0,"damage_taken":0.0,"cards_obtained":["White Noise"]},{"damage_healed":0.0,"max_hp_gain":0.0,"max_hp_loss":0.0,"gold_gain":0.0,"event_name":"Cursed Tome","player_choice":"Obtained Book","floor":22.0,"gold_loss":0.0,"damage_taken":16.0},{"cards_removed":["Strike_B"],"damage_healed":0.0,"max_hp_gain":0.0,"max_hp_loss":0.0,"gold_gain":0.0,"event_name":"Beggar","player_choice":"Gave Gold","floor":24.0,"gold_loss":75.0,"damage_taken":0.0},{"damage_healed":0.0,"max_hp_gain":0.0,"max_hp_loss":0.0,"gold_gain":0.0,"event_name":"Vampires","player_choice":"Ignored","floor":30.0,"gold_loss":0.0,"damage_taken":0.0},{"damage_healed":0.0,"max_hp_gain":0.0,"max_hp_loss":0.0,"gold_gain":0.0,"event_name":"SensoryStone","player_choice":"Memory 3","floor":36.0,"gold_loss":0.0,"damage_taken":10.0},{"damage_healed":0.0,"max_hp_gain":0.0,"max_hp_loss":0.0,"gold_gain":0.0,"event_name":"MindBloom","player_choice":"Fight","floor":37.0,"gold_loss":0.0,"damage_taken":0.0},{"damage_healed":0.0,"max_hp_gain":0.0,"max_hp_loss":3.0,"gold_gain":0.0,"event_name":"Winding Halls","player_choice":"Max HP","floor":38.0,"gold_loss":0.0,"damage_taken":0.0},{"damage_healed":0,"gold_gain":0,"player_choice":"Ignored","damage_taken":0,"max_hp_gain":0,"max_hp_loss":0,"event_name":"Tomb of Lord Red Mask","floor":48,"gold_loss":0}],"is_beta":false,"boss_relics":[{"not_picked":["Snecko Eye","Sozu"],"picked":"Calling Bell"},{"not_picked":["Runic Pyramid","Velvet Choker"],"picked":"SlaversCollar"}],"items_purged_floors":[11,20,39],"is_endless":false,"potions_floor_spawned":[1,2,3,16,21,25,31,42,47],"ascension_level":4}