{"gold_per_floor":[18,18,18,29,47,47,74,93,93,105,125,125,136,136,136,136],"floor_reached":16,"playtime":805,"items_purged":[],"score":130,"play_id":"c17e1b46-6917-4783-9282-a82a9c2192f1","local_time":"20210607173602","is_ascension_mode":true,"campfire_choices":[{"data":"Fission","floor":6,"key":"SMITH"},{"data":"Tempest","floor":12,"key":"SMITH"},{"data":"Coolheaded","floor":15,"key":"SMITH"}],"neow_cost":"NO_GOLD","seed_source_timestamp":2208163811207600,"circlet_count":0,"master_deck":["Strike_B","Strike_B","Strike_B","Defend_B","Defend_B","Defend_B","Zap","Dualcast","Amplify","Tempest+1","Beam Cell","Fission+1","Self Repair","Compile Driver","Consume","Turbo","Conserve Battery","Coolheaded+1"],"relics":["Cracked Core","Pantograph"],"potions_floor_usage":[10,16],"damage_taken":[{"damage":0,"enemies":"2 Louse","floor":1,"turns":2},{"damage":4,"enemies":"Jaw Worm","floor":4,"turns":3},{"damage":1,"enemies":"Cultist","floor":5,"turns":4},{"damage":46,"enemies":"Lagavulin","floor":7,"turns":7},{"damage":13,"enemies":"Exordium Wildlife","floor":8,"turns":4},{"damage":1,"enemies":"3 Louse","floor":10,"turns":3},{"damage":14,"enemies":"Red Slaver","floor":11,"turns":4},{"damage":3,"enemies":"Exordium Thugs","floor":13,"turns":4},{"damage":72,"enemies":"Hexaghost","floor":16,"turns":11}],"seed_played":"8377496725026528232","potions_obtained":[{"floor":4,"key":"Swift Potion"},{"floor":11,"key":"AttackPotion"},{"floor":13,"key":"FearPotion"}],"is_trial":false,"path_per_floor":["M","?","?","M","M","R","E","M","T","M","M","R","M","?","R","B"],"character_chosen":"DEFECT","items_purchased":[],"campfire_rested":0,"item_purchase_floors":[],"current_hp_per_floor":[75,75,75,71,75,75,36,37,37,43,43,43,47,47,47,0],"gold":136,"neow_bonus":"THREE_RARE_CARDS","is_prod":false,"is_daily":false,"chose_seed":false,"campfire_upgraded":3,"win_rate":0,"timestamp":1623101762,"path_taken":["M","?","?","M","M","R","E","M","T","M","M","R","?","?","R","BOSS"],"build_version":"2020-12-22","purchased_purges":0,"victory":false,"max_hp_per_floor":[75,75,75,75,75,75,75,75,75,75,75,75,75,75,75,75],"card_choices":[{"not_picked":["Rainbow","Machine Learning"],"picked":"Amplify","floor":0},{"not_picked":["Go for the Eyes","Reprogram"],"picked":"Tempest","floor":1},{"not_picked":["Double Energy","Aggregate"],"picked":"Self Repair","floor":4},{"not_picked":["Redo","Sweeping Beam"],"picked":"Compile Driver","floor":5},{"not_picked":["Turbo","Barrage"],"picked":"Consume","floor":7},{"not_picked":["Steam","Aggregate"],"picked":"Turbo","floor":8},{"not_picked":["Steam","Hologram"],"picked":"Conserve Battery","floor":10},{"not_picked":["Sweeping Beam","Blizzard"],"picked":"Coolheaded","floor":11},{"not_picked":["Rainbow","Sunder","Force Field"],"picked":"SKIP","floor":13}],"player_experience":413499,"relics_obtained":[{"floor":7,"key":"Pantograph"}],"event_choices":[{"damage_healed":0,"gold_gain":0,"cards_transformed":["Strike_B"],"player_choice":"Change","damage_taken":0,"max_hp_gain":0,"max_hp_loss":0,"event_name":"Living Wall","floor":2,"gold_loss":0,"cards_obtained":["Beam Cell"]},{"damage_healed":0,"gold_gain":0,"cards_transformed":["Defend_B"],"player_choice":"Transformed","damage_taken":0,"max_hp_gain":0,"max_hp_loss":0,"event_name":"Transmorgrifier","floor":3,"gold_loss":0,"cards_obtained":["Fission"]},{"damage_healed":0,"gold_gain":0,"player_choice":"Ignored","damage_taken":0,"max_hp_gain":0,"max_hp_loss":0,"event_name":"Liars Game","floor":14,"gold_loss":0}],"is_beta":false,"boss_relics":[],"items_purged_floors":[],"is_endless":false,"potions_floor_spawned":[4,11,13],"killed_by":"Hexaghost","ascension_level":5}