{"gold_per_floor":[116,116,126,146,158,158,191,191,267,284,313,324,344,27,27,125,125,144,158,73,88,102,102,131,144,144,162,176,176,176,176,176,275,325,336,98,148,196,213,239,239,250,250,250,266,266,9,9,9,9,9,9,9,38,38],"floor_reached":56,"playtime":3019,"items_purged":[],"score":1595,"play_id":"f64e8dad-6d79-4f79-b0dc-7fa2638ff4ed","local_time":"20210607183047","is_ascension_mode":true,"campfire_choices":[{"data":"Skim","floor":6.0,"key":"SMITH"},{"data":"Glacier","floor":8.0,"key":"SMITH"},{"data":"Consume","floor":15.0,"key":"SMITH"},{"data":"Storm","floor":23.0,"key":"SMITH"},{"data":"Thunder Strike","floor":29.0,"key":"SMITH"},{"data":"Defragment","floor":32.0,"key":"SMITH"},{"data":"Double Energy","floor":41.0,"key":"SMITH"},{"data":"Buffer","floor":44.0,"key":"SMITH"},{"floor":49.0,"key":"RECALL"},{"data":"Creative AI","floor":52.0,"key":"SMITH"}],"neow_cost":"NONE","seed_source_timestamp":2208977796213800,"circlet_count":0,"master_deck":["Zap","Dualcast","Glacier+1","Skim+1","Cold Snap","Cold Snap","Consume+1","Electrodynamics+1","Conserve Battery","Double Energy+1","Thunder Strike+1","FTL","White Noise","Buffer+1","Tempest","Defragment+1","Turbo+1","Storm+1","Self Repair","Defragment+1","Coolheaded+1","Fission+1","Multi-Cast+1","Storm+1","Fusion+1","Coolheaded+1","Master of Strategy+1","Creative AI+1","Lockon","Reinforced Body+1"],"special_seed":0,"relics":["Busted Crown","Prayer Wheel","Anchor","Membership Card","HornCleat","Pandora\u0027s Box","Bag of Marbles","Mercury Hourglass","Toxic Egg 2","Tiny House","Mummified Hand","Lee\u0027s Waffle","Lizard Tail","Mango","Gremlin Horn","Question Card","Potion Belt","White Beast Statue"],"potions_floor_usage":[55],"damage_taken":[{"damage":7.0,"enemies":"Small Slimes","floor":1.0,"turns":4.0},{"damage":1.0,"enemies":"Cultist","floor":3.0,"turns":4.0},{"damage":0.0,"enemies":"Jaw Worm","floor":4.0,"turns":4.0},{"damage":0.0,"enemies":"2 Fungi Beasts","floor":5.0,"turns":5.0},{"damage":12.0,"enemies":"3 Sentries","floor":7.0,"turns":11.0},{"damage":2.0,"enemies":"Looter","floor":10.0,"turns":3.0},{"damage":19.0,"enemies":"Lagavulin","floor":11.0,"turns":7.0},{"damage":2.0,"enemies":"Blue Slaver","floor":12.0,"turns":4.0},{"damage":0.0,"enemies":"3 Louse","floor":13.0,"turns":4.0},{"damage":0.0,"enemies":"Hexaghost","floor":16.0,"turns":13.0},{"damage":0.0,"enemies":"Chosen","floor":18.0,"turns":4.0},{"damage":2.0,"enemies":"2 Thieves","floor":19.0,"turns":3.0},{"damage":0.0,"enemies":"Snake Plant","floor":21.0,"turns":3.0},{"damage":6.0,"enemies":"Snecko","floor":22.0,"turns":5.0},{"damage":0.0,"enemies":"Book of Stabbing","floor":24.0,"turns":4.0},{"damage":0.0,"enemies":"Cultist and Chosen","floor":25.0,"turns":3.0},{"damage":0.0,"enemies":"3 Cultists","floor":27.0,"turns":2.0},{"damage":0.0,"enemies":"Centurion and Healer","floor":28.0,"turns":3.0},{"damage":0.0,"enemies":"Automaton","floor":33.0,"turns":6.0},{"damage":4.0,"enemies":"3 Darklings","floor":35.0,"turns":3.0},{"damage":0.0,"enemies":"Mind Bloom Boss Battle","floor":37.0,"turns":4.0},{"damage":0.0,"enemies":"2 Orb Walkers","floor":38.0,"turns":2.0},{"damage":0.0,"enemies":"Orb Walker","floor":39.0,"turns":3.0},{"damage":4.0,"enemies":"Nemesis","floor":40.0,"turns":3.0},{"damage":0.0,"enemies":"Sphere and 2 Shapes","floor":42.0,"turns":2.0},{"damage":8.0,"enemies":"Spire Growth","floor":45.0,"turns":3.0},{"damage":22.0,"enemies":"Awakened One","floor":50.0,"turns":7.0},{"damage":0.0,"enemies":"Shield and Spear","floor":54.0,"turns":2.0},{"damage":38,"enemies":"The Heart","floor":55,"turns":8}],"seed_played":"5850357339623890662","potions_obtained":[{"floor":1.0,"key":"ColorlessPotion"},{"floor":3.0,"key":"Fire Potion"},{"floor":7.0,"key":"LiquidMemories"},{"floor":11.0,"key":"PotionOfCapacity"},{"floor":16.0,"key":"Dexterity Potion"},{"floor":18.0,"key":"Block Potion"},{"floor":28.0,"key":"LiquidMemories"},{"floor":34.0,"key":"EssenceOfSteel"},{"floor":35.0,"key":"Swift Potion"},{"floor":45.0,"key":"GamblersBrew"},{"floor":54.0,"key":"SpeedPotion"}],"is_trial":false,"path_per_floor":["M","?","M","M","M","R","E","R","T","M","E","M","M","$","R","B",null,"M","M","?","M","M","R","E","M","T","M","M","R","?","?","R","B",null,"M","$","?","?","M","E","R","M","T","R","M","?","$","?","R","B",null,"R","$","E","B",null],"character_chosen":"DEFECT","items_purchased":["Membership Card","HornCleat","Consume","Mummified Hand","Multi-Cast+1","Lee\u0027s Waffle","Creative AI","Lockon","Potion Belt","BlessingOfTheForge","Reinforced Body+1"],"campfire_rested":0,"item_purchase_floors":[14,14,14,36,36,36,47,47,47,47,47],"current_hp_per_floor":[68,68,67,67,67,67,55,55,55,53,34,32,32,32,32,32,64,64,62,62,62,56,56,56,63,63,70,75,75,75,75,75,75,80,80,87,87,101,101,101,101,101,101,101,93,83,83,83,83,68,89,89,89,89,58],"gold":38,"neow_bonus":"BOSS_RELIC","is_prod":false,"is_daily":false,"chose_seed":false,"campfire_upgraded":9,"win_rate":0,"timestamp":1623105047,"path_taken":["M","?","M","M","M","R","E","R","T","M","E","M","?","$","R","BOSS","M","M","?","M","M","R","E","M","T","M","M","R","?","?","R","BOSS","M","$","?","?","M","E","R","M","T","R","M","?","$","?","R","BOSS","R","$","E","BOSS"],"build_version":"2020-12-22","purchased_purges":0,"victory":true,"max_hp_per_floor":[75,75,75,75,75,75,75,75,75,75,75,75,75,75,75,75,75,75,75,75,75,75,75,75,75,75,75,75,75,75,75,75,75,80,80,87,87,101,101,101,101,101,101,101,101,101,101,96,96,96,96,96,96,96,96],"card_choices":[{"not_picked":[],"picked":"Glacier","floor":1.0},{"not_picked":["Stack"],"picked":"SKIP","floor":3.0},{"not_picked":[],"picked":"Skim","floor":4.0},{"not_picked":["Steam"],"picked":"SKIP","floor":5.0},{"not_picked":["Steam"],"picked":"SKIP","floor":5.0},{"not_picked":[],"picked":"Leap","floor":7.0},{"not_picked":[],"picked":"Cold Snap","floor":10.0},{"not_picked":["Sweeping Beam"],"picked":"SKIP","floor":10.0},{"not_picked":["Hologram"],"picked":"SKIP","floor":11.0},{"not_picked":["Turbo"],"picked":"SKIP","floor":12.0},{"not_picked":["Turbo"],"picked":"SKIP","floor":12.0},{"not_picked":[],"picked":"Cold Snap","floor":13.0},{"not_picked":["Aggregate"],"picked":"SKIP","floor":13.0},{"not_picked":[],"picked":"Electrodynamics","floor":16.0},{"not_picked":[],"picked":"Defragment+1","floor":18.0},{"not_picked":["Steam"],"picked":"SKIP","floor":18.0},{"not_picked":[],"picked":"Turbo+1","floor":19.0},{"not_picked":["Rip and Tear"],"picked":"SKIP","floor":19.0},{"not_picked":["Redo"],"picked":"SKIP","floor":21.0},{"not_picked":["Streamline+1"],"picked":"SKIP","floor":21.0},{"not_picked":[],"picked":"Storm","floor":22.0},{"not_picked":["Sweeping Beam+1"],"picked":"SKIP","floor":22.0},{"not_picked":[],"picked":"Self Repair","floor":24.0},{"not_picked":["Chaos"],"picked":"SKIP","floor":25.0},{"not_picked":["Steam"],"picked":"SKIP","floor":25.0},{"not_picked":[],"picked":"Defragment","floor":27.0},{"not_picked":["Gash+1"],"picked":"SKIP","floor":27.0},{"not_picked":[],"picked":"Coolheaded+1","floor":28.0},{"not_picked":["Stack+1"],"picked":"SKIP","floor":28.0},{"not_picked":["Stack+1"],"picked":"SKIP","floor":28.0},{"not_picked":[],"picked":"Fission+1","floor":33.0},{"not_picked":["Rebound"],"picked":"SKIP","floor":35.0},{"not_picked":["Compile Driver"],"picked":"SKIP","floor":35.0},{"not_picked":[],"picked":"Storm+1","floor":39.0},{"not_picked":[],"picked":"Fusion+1","floor":39.0},{"not_picked":["FTL"],"picked":"SKIP","floor":40.0},{"not_picked":[],"picked":"Coolheaded+1","floor":42.0},{"not_picked":["Barrage+1"],"picked":"SKIP","floor":42.0},{"not_picked":["Scrape","Steam+1"],"picked":"SKIP","floor":45.0},{"not_picked":["Genetic Algorithm+1","Doom and Gloom"],"picked":"SKIP","floor":45.0},{"not_picked":["Discovery+1"],"picked":"Master of Strategy+1","floor":46.0},{"not_picked":["Chill+1","Beam Cell+1"],"picked":"SKIP","floor":54.0}],"player_experience":414304,"relics_obtained":[{"floor":7.0,"key":"Prayer Wheel"},{"floor":11.0,"key":"Anchor"},{"floor":24.0,"key":"Mercury Hourglass"},{"floor":26.0,"key":"Toxic Egg 2"},{"floor":37.0,"key":"Lizard Tail"},{"floor":38.0,"key":"Mango"},{"floor":40.0,"key":"Gremlin Horn"},{"floor":43.0,"key":"Question Card"},{"floor":54.0,"key":"White Beast Statue"}],"event_choices":[{"cards_removed":["Defend_B"],"damage_healed":0.0,"max_hp_gain":0.0,"max_hp_loss":0.0,"gold_gain":0.0,"event_name":"Purifier","player_choice":"Purged","floor":2.0,"gold_loss":0.0,"damage_taken":0.0},{"damage_healed":0.0,"max_hp_gain":0.0,"max_hp_loss":0.0,"gold_gain":0.0,"event_name":"Addict","player_choice":"Obtained Relic","floor":20.0,"gold_loss":85.0,"damage_taken":0.0,"relics_obtained":["Bag of Marbles"]},{"cards_removed":["Leap"],"damage_healed":0.0,"max_hp_gain":0.0,"max_hp_loss":0.0,"gold_gain":0.0,"event_name":"Back to Basics","player_choice":"Elegance","floor":30.0,"gold_loss":0.0,"damage_taken":0.0},{"damage_healed":0.0,"max_hp_gain":0.0,"max_hp_loss":0.0,"gold_gain":0.0,"event_name":"Beggar","player_choice":"Ignored","floor":31.0,"gold_loss":0.0,"damage_taken":0.0},{"damage_healed":0.0,"max_hp_gain":0.0,"max_hp_loss":0.0,"gold_gain":0.0,"event_name":"MindBloom","player_choice":"Fight","floor":37.0,"gold_loss":0.0,"damage_taken":0.0},{"damage_healed":0.0,"max_hp_gain":0.0,"max_hp_loss":0.0,"gold_gain":0.0,"event_name":"Mysterious Sphere","player_choice":"Fight","floor":38.0,"gold_loss":0.0,"damage_taken":0.0},{"damage_healed":0.0,"max_hp_gain":0.0,"max_hp_loss":0.0,"gold_gain":0.0,"event_name":"SensoryStone","player_choice":"Memory 3","floor":46.0,"gold_loss":0.0,"damage_taken":10.0},{"damage_healed":0.0,"max_hp_gain":0.0,"max_hp_loss":5.0,"gold_gain":0.0,"event_name":"Winding Halls","player_choice":"Max HP","floor":48.0,"gold_loss":0.0,"damage_taken":0.0}],"is_beta":false,"boss_relics":[{"not_picked":["Nuclear Battery","Runic Pyramid"],"picked":"Pandora\u0027s Box"},{"not_picked":["Cursed Key","Empty Cage"],"picked":"Tiny House"}],"items_purged_floors":[],"is_endless":false,"potions_floor_spawned":[1,3,7,11,16,18,28,33,35,38,40,45,54],"ascension_level":5}