{"gold_per_floor":[14,29,29,54,69,69,110,110,110,140,163,237,237,256,256,386,386,406,419,439,439,454,454,454],"floor_reached":24,"playtime":2084,"items_purged":[],"score":260,"play_id":"deee80bd-54ab-4a2d-9fc2-7b8843627428","local_time":"20210708230100","is_ascension_mode":true,"campfire_choices":[{"data":"Glacier","floor":6,"key":"SMITH"},{"data":"Defragment","floor":8,"key":"SMITH"},{"data":"Multi-Cast","floor":13,"key":"SMITH"},{"floor":15,"key":"REST"},{"floor":23,"key":"REST"}],"neow_cost":"NO_GOLD","seed_source_timestamp":63791312166600,"circlet_count":0,"master_deck":["Strike_B","Strike_B","Strike_B","Strike_B","Defend_B","Defend_B","Defend_B","Defend_B","Zap","Dualcast","Glacier+1","Rebound","Conserve Battery","Coolheaded","Defragment+1","Multi-Cast+1","Ball Lightning","Amplify","Compile Driver+1","Ball Lightning","Genetic Algorithm+1","Conserve Battery+1"],"relics":["Cracked Core","Pocketwatch","Golden Idol","Question Card","Mummified Hand","Gremlin Horn","Frozen Egg 2","Nuclear Battery"],"potions_floor_usage":[7,18,24],"damage_taken":[{"damage":2,"enemies":"Jaw Worm","floor":1,"turns":3},{"damage":0,"enemies":"Cultist","floor":2,"turns":4},{"damage":0,"enemies":"Small Slimes","floor":4,"turns":3},{"damage":7,"enemies":"Red Slaver","floor":5,"turns":4},{"damage":4,"enemies":"Gremlin Nob","floor":7,"turns":4},{"damage":0,"enemies":"Large Slime","floor":11,"turns":7},{"damage":7,"enemies":"Blue Slaver","floor":14,"turns":3},{"damage":20,"enemies":"Slime Boss","floor":16,"turns":13},{"damage":8,"enemies":"2 Thieves","floor":18,"turns":5},{"damage":6,"enemies":"Shell Parasite","floor":19,"turns":6},{"damage":1,"enemies":"Sentry and Sphere","floor":20,"turns":6},{"damage":14,"enemies":"Shelled Parasite and Fungi","floor":22,"turns":11},{"damage":57,"enemies":"Gremlin Leader","floor":24,"turns":4}],"seed_played":"-973080519406790864","potions_obtained":[{"floor":1,"key":"EssenceOfDarkness"},{"floor":14,"key":"GamblersBrew"},{"floor":22,"key":"PowerPotion"}],"is_trial":false,"path_per_floor":["M","M","?","M","M","R","E","R","T","?","M","T","R","M","R","B",null,"M","M","M","?","M","R","E"],"character_chosen":"DEFECT","items_purchased":[],"campfire_rested":2,"item_purchase_floors":[],"current_hp_per_floor":[66,66,48,48,41,41,37,37,37,37,37,37,37,30,52,32,64,56,50,49,49,35,57,0],"gold":454,"neow_bonus":"ONE_RARE_RELIC","is_prod":false,"is_daily":false,"chose_seed":false,"campfire_upgraded":3,"win_rate":0,"timestamp":1625799660,"path_taken":["M","M","?","M","M","R","E","R","T","?","M","?","R","M","R","BOSS","M","M","M","?","?","R","E"],"build_version":"2020-12-22","purchased_purges":0,"victory":false,"max_hp_per_floor":[75,75,75,75,75,75,75,75,75,75,75,75,75,75,75,75,75,75,75,75,75,75,75,75],"card_choices":[{"not_picked":["Beam Cell","Sweeping Beam"],"picked":"Glacier","floor":1},{"not_picked":["Chaos","Leap"],"picked":"Rebound","floor":2},{"not_picked":["Hello World","Turbo"],"picked":"Conserve Battery","floor":4},{"not_picked":["Hello World","Streamline"],"picked":"Coolheaded","floor":5},{"not_picked":["Beam Cell","Storm"],"picked":"Defragment","floor":7},{"not_picked":["Redo","Stack","Hologram"],"picked":"Multi-Cast","floor":11},{"not_picked":["Hologram","Reprogram","Chill"],"picked":"Ball Lightning","floor":14},{"not_picked":["Hyperbeam","Machine Learning+1","Core Surge"],"picked":"Amplify","floor":16},{"not_picked":["Heatsinks+1","Redo","Conserve Battery"],"picked":"Compile Driver+1","floor":18},{"not_picked":["Sweeping Beam","Aggregate","Steam"],"picked":"Ball Lightning","floor":19},{"not_picked":["Skim","Undo","Sweeping Beam+1"],"picked":"Genetic Algorithm","floor":20},{"not_picked":["Rebound","Doom and Gloom+1","Go for the Eyes"],"picked":"Conserve Battery+1","floor":22}],"player_experience":454665,"relics_obtained":[{"floor":7,"key":"Question Card"},{"floor":9,"key":"Mummified Hand"},{"floor":12,"key":"Frozen Egg 2"}],"event_choices":[{"damage_healed":0,"gold_gain":0,"player_choice":"Take Damage","damage_taken":18,"relics_obtained":["Golden Idol"],"max_hp_gain":0,"max_hp_loss":0,"event_name":"Golden Idol","floor":3,"gold_loss":0},{"damage_healed":0,"gold_gain":30,"player_choice":"Searched \u00273\u0027 times","damage_taken":0,"relics_obtained":["Gremlin Horn"],"max_hp_gain":0,"max_hp_loss":0,"event_name":"Dead Adventurer","floor":10,"gold_loss":0},{"damage_healed":0,"gold_gain":0,"player_choice":"Upgraded","damage_taken":0,"max_hp_gain":0,"max_hp_loss":0,"event_name":"Upgrade Shrine","floor":21,"gold_loss":0,"cards_upgraded":["Genetic Algorithm"]}],"is_beta":false,"boss_relics":[{"not_picked":["SlaversCollar","Snecko Eye"],"picked":"Nuclear Battery"}],"items_purged_floors":[],"is_endless":false,"potions_floor_spawned":[1,14,22],"killed_by":"Gremlin Leader","ascension_level":6}