{"gold_per_floor":[118,132,145,145,157,157,182,199,226,226,241,241,257,285,285,384,384,400,413,413,328,23,23,56,76,76,16,42,54,54],"floor_reached":30,"playtime":1685,"items_purged":[],"score":399,"play_id":"8179ceda-7014-48de-9913-9b316b43371a","local_time":"20210708220824","is_ascension_mode":true,"campfire_choices":[{"data":"Rip and Tear","floor":6,"key":"SMITH"},{"data":"Zap","floor":10,"key":"SMITH"},{"data":"Turbo","floor":12,"key":"SMITH"},{"data":"Conserve Battery","floor":15,"key":"SMITH"},{"data":"Glacier","floor":23,"key":"SMITH"}],"neow_cost":"NONE","seed_source_timestamp":61034407843100,"circlet_count":0,"master_deck":["Strike_B","Strike_B","Defend_B","Defend_B","Defend_B+1","Defend_B","Zap+1","Dualcast+1","Gash","Rip and Tear+1","Ball Lightning","Cold Snap","Self Repair","Turbo+1","Leap","Conserve Battery+1","Coolheaded","Creative AI","Stack","Glacier+1","Blizzard+1","Loop","Injury","Capacitor","Reboot","BootSequence","Barrage"],"relics":["Cracked Core","Akabeko","DataDisk","Nunchaku","Centennial Puzzle","Cursed Key","Oddly Smooth Stone","Torii","Strawberry","Smiling Mask","War Paint"],"potions_floor_usage":[7,16,24,25,30,30],"damage_taken":[{"damage":1,"enemies":"Cultist","floor":1,"turns":3},{"damage":4,"enemies":"Small Slimes","floor":2,"turns":3},{"damage":0,"enemies":"2 Louse","floor":3,"turns":1},{"damage":0,"enemies":"Large Slime","floor":5,"turns":4},{"damage":0,"enemies":"Gremlin Nob","floor":7,"turns":2},{"damage":9,"enemies":"Gremlin Gang","floor":8,"turns":3},{"damage":0,"enemies":"Exordium Wildlife","floor":11,"turns":1},{"damage":0,"enemies":"3 Louse","floor":13,"turns":1},{"damage":8,"enemies":"3 Sentries","floor":14,"turns":4},{"damage":11,"enemies":"The Guardian","floor":16,"turns":11},{"damage":6,"enemies":"2 Thieves","floor":18,"turns":3},{"damage":0,"enemies":"Chosen","floor":19,"turns":6},{"damage":20,"enemies":"Slavers","floor":24,"turns":4},{"damage":19,"enemies":"Shelled Parasite and Fungi","floor":25,"turns":3},{"damage":24,"enemies":"Book of Stabbing","floor":28,"turns":7},{"damage":13,"enemies":"Sentry and Sphere","floor":29,"turns":8},{"damage":28,"enemies":"Gremlin Leader","floor":30,"turns":6}],"seed_played":"-6915699769021539480","potions_obtained":[{"floor":1,"key":"PowerPotion"},{"floor":5,"key":"SteroidPotion"},{"floor":8,"key":"Block Potion"},{"floor":13,"key":"AttackPotion"},{"floor":19,"key":"Energy Potion"},{"floor":24,"key":"SteroidPotion"},{"floor":29,"key":"EssenceOfSteel"}],"is_trial":false,"path_per_floor":["M","M","M","?","M","R","E","M","T","R","M","R","M","E","R","B",null,"M","M","?","?","$","R","E","M","T","?","E","M","E"],"character_chosen":"DEFECT","items_purchased":["Torii"],"campfire_rested":0,"item_purchase_floors":[22],"current_hp_per_floor":[67,63,63,63,63,63,63,54,54,54,54,54,54,53,53,49,69,70,75,75,75,75,75,62,50,50,50,33,27,0],"gold":54,"neow_bonus":"RANDOM_COMMON_RELIC","is_prod":false,"is_daily":false,"chose_seed":false,"campfire_upgraded":5,"win_rate":0,"timestamp":1625796504,"path_taken":["M","M","M","?","M","R","E","M","T","R","M","R","M","E","R","BOSS","M","M","?","?","$","R","E","M","T","?","E","M","E"],"build_version":"2020-12-22","purchased_purges":0,"victory":false,"max_hp_per_floor":[75,75,75,75,75,75,75,75,75,75,75,75,75,75,75,75,75,75,75,75,75,75,75,82,82,82,82,82,82,82],"card_choices":[{"not_picked":["Reinforced Body","Leap"],"picked":"Gash","floor":1},{"not_picked":["Consume","Go for the Eyes"],"picked":"Rip and Tear","floor":2},{"not_picked":["Sweeping Beam","Static Discharge"],"picked":"Ball Lightning","floor":3},{"not_picked":["Conserve Battery","Beam Cell"],"picked":"Cold Snap","floor":5},{"not_picked":["Cold Snap","Fission"],"picked":"Self Repair","floor":7},{"not_picked":["Streamline","Redo"],"picked":"Turbo","floor":8},{"not_picked":["Double Energy","Steam Power"],"picked":"Leap","floor":11},{"not_picked":["Beam Cell","Barrage"],"picked":"Conserve Battery","floor":13},{"not_picked":["Amplify","Go for the Eyes"],"picked":"Coolheaded","floor":14},{"not_picked":["Core Surge","Hyperbeam"],"picked":"Creative AI","floor":16},{"not_picked":["Rebound+1","Self Repair"],"picked":"Stack","floor":18},{"not_picked":["Chaos","Lockon","Ball Lightning"],"picked":"SKIP","floor":19},{"not_picked":["Sweeping Beam","Leap"],"picked":"Blizzard+1","floor":24},{"not_picked":["Turbo","Self Repair"],"picked":"Loop","floor":25},{"not_picked":["Conserve Battery","Thunder Strike"],"picked":"BootSequence","floor":28},{"not_picked":["Streamline","Sweeping Beam"],"picked":"Barrage","floor":29}],"player_experience":452287,"relics_obtained":[{"floor":7,"key":"DataDisk"},{"floor":9,"key":"Nunchaku"},{"floor":14,"key":"Centennial Puzzle"},{"floor":24,"key":"Strawberry"},{"floor":26,"key":"Smiling Mask"},{"floor":28,"key":"War Paint"}],"event_choices":[{"damage_healed":0,"gold_gain":0,"player_choice":"Ignored","damage_taken":0,"max_hp_gain":0,"max_hp_loss":0,"event_name":"Liars Game","floor":4,"gold_loss":0},{"damage_healed":0,"gold_gain":0,"player_choice":"Read","damage_taken":0,"max_hp_gain":0,"max_hp_loss":0,"event_name":"The Library","floor":20,"gold_loss":0,"cards_obtained":["Glacier"]},{"damage_healed":0,"gold_gain":0,"player_choice":"Obtained Relic","damage_taken":0,"relics_obtained":["Oddly Smooth Stone"],"max_hp_gain":0,"max_hp_loss":0,"event_name":"Addict","floor":21,"gold_loss":85},{"damage_healed":0,"gold_gain":0,"cards_transformed":["Strike_B","Strike_B"],"player_choice":"Transformed Cards","damage_taken":0,"max_hp_gain":0,"max_hp_loss":0,"event_name":"Designer","floor":27,"gold_loss":60,"cards_obtained":["Capacitor","Reboot"]}],"is_beta":false,"boss_relics":[{"not_picked":["Runic Dome","Philosopher\u0027s Stone"],"picked":"Cursed Key"}],"items_purged_floors":[],"is_endless":false,"potions_floor_spawned":[1,5,8,13,14,19,24,29],"killed_by":"Gremlin Leader","ascension_level":6}