{"gold_per_floor":[365,141,91,41,55,55,87,87,87,122,122,152,168,199,199,199],"floor_reached":16,"playtime":693,"items_purged":["Strike_B"],"score":151,"play_id":"8d6a174c-4527-4030-be3d-4108fee6f1b9","local_time":"20210708222007","is_ascension_mode":true,"campfire_choices":[{"data":"Zap","floor":6,"key":"SMITH"},{"floor":8,"key":"REST"},{"data":"Loop","floor":11,"key":"SMITH"},{"data":"Hologram","floor":15,"key":"SMITH"}],"neow_cost":"PERCENT_DAMAGE","seed_source_timestamp":62729392243900,"circlet_count":0,"master_deck":["Strike_B","Strike_B","Defend_B","Defend_B","Defend_B","Defend_B","Zap+1","Dualcast","Compile Driver","Coolheaded","Storm","Genetic Algorithm","Loop+1","Coolheaded","Hologram+1"],"relics":["Cracked Core","Lizard Tail","Shuriken","Centennial Puzzle","Pocketwatch"],"potions_floor_usage":[7,10,10,16],"damage_taken":[{"damage":0,"enemies":"Small Slimes","floor":1,"turns":4},{"damage":4,"enemies":"Jaw Worm","floor":5,"turns":4},{"damage":25,"enemies":"3 Sentries","floor":7,"turns":7},{"damage":7,"enemies":"Gremlin Nob","floor":10,"turns":3},{"damage":2,"enemies":"2 Louse","floor":13,"turns":2},{"damage":41,"enemies":"3 Sentries","floor":14,"turns":10},{"damage":37,"enemies":"Slime Boss","floor":16,"turns":12}],"seed_played":"-6994667530773663551","potions_obtained":[{"floor":5,"key":"Weak Potion"},{"floor":7,"key":"AttackPotion"},{"floor":14,"key":"SpeedPotion"}],"is_trial":false,"path_per_floor":["M","$","?","$","M","R","E","R","T","E","R","?","M","E","R","B"],"character_chosen":"DEFECT","items_purchased":["Coolheaded","Storm","Fire Potion","Weak Potion"],"campfire_rested":1,"item_purchase_floors":[2,2,2,4],"current_hp_per_floor":[50,50,50,50,46,46,21,43,43,36,36,36,34,37,37,0],"gold":199,"neow_bonus":"TWO_FIFTY_GOLD","is_prod":false,"is_daily":false,"chose_seed":false,"campfire_upgraded":3,"win_rate":0,"timestamp":1625797207,"path_taken":["M","$","?","?","M","R","E","R","T","E","R","?","M","E","R","BOSS"],"build_version":"2020-12-22","purchased_purges":1,"victory":false,"max_hp_per_floor":[75,75,75,75,75,75,75,75,75,75,75,75,75,75,75,75],"card_choices":[{"not_picked":["Turbo","Gash"],"picked":"Compile Driver","floor":1},{"not_picked":["Barrage","Chaos"],"picked":"Genetic Algorithm","floor":5},{"not_picked":["Recycle","Gash","Steam Power"],"picked":"SKIP","floor":7},{"not_picked":["Rebound","Seek"],"picked":"Loop","floor":10},{"not_picked":["Beam Cell","Steam"],"picked":"Coolheaded","floor":13},{"not_picked":["Steam","Chaos"],"picked":"Hologram","floor":14}],"player_experience":453972,"relics_obtained":[{"floor":7,"key":"Lizard Tail"},{"floor":9,"key":"Shuriken"},{"floor":10,"key":"Centennial Puzzle"},{"floor":14,"key":"Pocketwatch"}],"event_choices":[{"cards_removed":["Strike_B"],"damage_healed":0,"gold_gain":0,"player_choice":"Card Removal","damage_taken":0,"max_hp_gain":0,"max_hp_loss":0,"event_name":"The Cleric","floor":3,"gold_loss":50},{"damage_healed":0,"gold_gain":30,"player_choice":"Searched \u00272\u0027 times","damage_taken":0,"max_hp_gain":0,"max_hp_loss":0,"event_name":"Dead Adventurer","floor":12,"gold_loss":0}],"is_beta":false,"boss_relics":[],"items_purged_floors":[2],"is_endless":false,"potions_floor_spawned":[5,7,14],"killed_by":"Slime Boss","ascension_level":6}