{"gold_per_floor":[111,186,0,13,23,23,53,53,53,70,23,23,23,39,39,135,135,148,148,23,41,51,85,85,85,85,85,119,119,153,166,166,265,265,275,289,141,152,169,200,211,224,224,161,196,196,215,67,67,67,67,67,42,73,73],"floor_reached":56,"playtime":3022,"items_purged":["Decay","Strike_B","Strike_B"],"score":1715,"play_id":"3ab0f175-b59f-43e9-bf48-d39f7fa0d7a8","local_time":"20210715154112","is_ascension_mode":true,"campfire_choices":[{"data":"Defragment","floor":6.0,"key":"SMITH"},{"data":"Creative AI","floor":13.0,"key":"SMITH"},{"data":"Coolheaded","floor":15.0,"key":"SMITH"},{"data":"Lockon","floor":25.0,"key":"SMITH"},{"floor":27.0,"key":"REST"},{"data":"Barrage","floor":29.0,"key":"SMITH"},{"floor":32.0,"key":"REST"},{"floor":49.0,"key":"RECALL"},{"data":"Double Energy","floor":52.0,"key":"SMITH"}],"neow_cost":"CURSE","seed_source_timestamp":45145087445400,"circlet_count":0,"master_deck":["Defend_B","Defend_B","Zap","Dualcast","Creative AI+1","Core Surge","Coolheaded+1","Glacier+1","Defragment+1","Double Energy","Self Repair+1","Loop+1","Cold Snap+1","Rebound","Buffer+1","Loop+1","Ball Lightning+1","Double Energy+1","Barrage+1","Lockon+1","Ball Lightning","Electrodynamics+1","Consume+1","Stack+1","Turbo+1","Turbo+1","Loop+1","Recycle+1"],"special_seed":0,"relics":["Cracked Core","Membership Card","Bottled Tornado","Frozen Egg 2","Black Star","Runic Capacitor","Thread and Needle","White Beast Statue","Pantograph","Sundial","InkBottle","Whetstone","Bag of Preparation","Runic Pyramid","DataDisk","Potion Belt","Ornamental Fan","Anchor","Lantern","Calipers","Centennial Puzzle","Kunai"],"potions_floor_usage":[55,55,55],"damage_taken":[{"damage":3.0,"enemies":"2 Louse","floor":1.0,"turns":2.0},{"damage":6.0,"enemies":"Small Slimes","floor":4.0,"turns":3.0},{"damage":0.0,"enemies":"Cultist","floor":5.0,"turns":4.0},{"damage":23.0,"enemies":"Gremlin Nob","floor":7.0,"turns":5.0},{"damage":0.0,"enemies":"Looter","floor":10.0,"turns":3.0},{"damage":24.0,"enemies":"Gremlin Gang","floor":14.0,"turns":4.0},{"damage":26.0,"enemies":"Hexaghost","floor":16.0,"turns":8.0},{"damage":13.0,"enemies":"3 Byrds","floor":18.0,"turns":8.0},{"damage":4.0,"enemies":"Chosen","floor":21.0,"turns":7.0},{"damage":14.0,"enemies":"3 Cultists","floor":22.0,"turns":7.0},{"damage":50.0,"enemies":"Slavers","floor":23.0,"turns":9.0},{"damage":17.0,"enemies":"Book of Stabbing","floor":28.0,"turns":5.0},{"damage":31.0,"enemies":"Gremlin Leader","floor":30.0,"turns":8.0},{"damage":0.0,"enemies":"Snecko","floor":31.0,"turns":4.0},{"damage":0.0,"enemies":"Champ","floor":33.0,"turns":9.0},{"damage":4.0,"enemies":"3 Darklings","floor":35.0,"turns":4.0},{"damage":8.0,"enemies":"Orb Walker","floor":36.0,"turns":4.0},{"damage":0.0,"enemies":"Maw","floor":38.0,"turns":6.0},{"damage":14.0,"enemies":"Spire Growth","floor":39.0,"turns":5.0},{"damage":7.0,"enemies":"Reptomancer","floor":40.0,"turns":6.0},{"damage":0.0,"enemies":"Sphere and 2 Shapes","floor":41.0,"turns":5.0},{"damage":0.0,"enemies":"4 Shapes","floor":42.0,"turns":3.0},{"damage":0.0,"enemies":"Nemesis","floor":45.0,"turns":5.0},{"damage":16.0,"enemies":"Jaw Worm Horde","floor":47.0,"turns":3.0},{"damage":0.0,"enemies":"Time Eater","floor":50.0,"turns":9.0},{"damage":8.0,"enemies":"Shield and Spear","floor":54.0,"turns":4.0},{"damage":58,"enemies":"The Heart","floor":55,"turns":8}],"seed_played":"-5886891620540049551","potions_obtained":[{"floor":1.0,"key":"GamblersBrew"},{"floor":4.0,"key":"Block Potion"},{"floor":16.0,"key":"SpeedPotion"},{"floor":28.0,"key":"Weak Potion"},{"floor":30.0,"key":"FocusPotion"},{"floor":31.0,"key":"Fire Potion"},{"floor":33.0,"key":"SkillPotion"},{"floor":35.0,"key":"GamblersBrew"},{"floor":41.0,"key":"EssenceOfDarkness"},{"floor":42.0,"key":"Weak Potion"},{"floor":45.0,"key":"Block Potion"},{"floor":54.0,"key":"Dexterity Potion"}],"is_trial":false,"path_per_floor":["M","?","$","M","M","R","E","?","T","M","$","?","R","M","R","B",null,"M","?","$","M","M","E","?","R","T","R","E","R","E","M","R","B",null,"M","M","$","M","M","E","M","M","T","$","E","?","M","$","R","B",null,"R","$","E","B",null],"character_chosen":"DEFECT","items_purchased":["Membership Card","Loop+1","Cold Snap","Runic Capacitor","Fruit Juice","DataDisk","Energy Potion","Calipers","PowerPotion"],"campfire_rested":2,"item_purchase_floors":[3,11,11,20,20,37,37,48,53],"current_hp_per_floor":[65,54,54,48,48,48,25,25,25,25,25,75,75,61,61,45,68,65,65,65,71,67,32,32,32,32,56,39,39,18,28,52,80,80,76,78,78,80,76,69,69,79,79,79,80,80,64,64,64,80,80,80,80,72,22],"gold":73,"neow_bonus":"TRANSFORM_TWO_CARDS","is_prod":false,"is_daily":false,"chose_seed":false,"campfire_upgraded":6,"win_rate":0,"timestamp":1626378072,"path_taken":["M","?","$","M","M","R","E","?","T","M","$","?","R","?","R","BOSS","M","?","$","M","M","E","?","R","T","R","E","R","E","?","R","BOSS","M","M","$","M","M","E","M","M","T","$","E","?","M","$","R","BOSS","R","$","E","BOSS"],"build_version":"2020-12-22","purchased_purges":3,"victory":true,"max_hp_per_floor":[75,75,75,75,75,75,75,75,75,75,75,75,75,75,75,75,75,75,75,75,75,75,80,80,80,80,80,80,80,80,80,80,80,80,80,80,80,80,80,80,80,80,80,80,80,80,80,80,80,80,80,80,80,80,80],"card_choices":[{"not_picked":["Compile Driver","Streamline"],"picked":"Coolheaded","floor":1.0},{"not_picked":["Streamline","Gash"],"picked":"Glacier","floor":4.0},{"not_picked":["Rebound","Sweeping Beam"],"picked":"Defragment","floor":5.0},{"not_picked":["Hologram","Hyperbeam"],"picked":"Double Energy","floor":7.0},{"not_picked":["Gash","Sweeping Beam"],"picked":"Self Repair+1","floor":10.0},{"not_picked":["Recycle","Turbo"],"picked":"Rebound","floor":14.0},{"not_picked":["Creative AI+1","Rainbow"],"picked":"Buffer+1","floor":16.0},{"not_picked":["Hologram","Go for the Eyes","Skim"],"picked":"SKIP","floor":18.0},{"not_picked":["Skim","Aggregate"],"picked":"Ball Lightning","floor":21.0},{"not_picked":["Coolheaded","Compile Driver"],"picked":"Double Energy","floor":22.0},{"not_picked":["Steam Power","Scrape"],"picked":"Barrage","floor":23.0},{"not_picked":["Gash+1","Melter","Barrage"],"picked":"SKIP","floor":28.0},{"not_picked":["Beam Cell","Static Discharge+1","Multi-Cast"],"picked":"SKIP","floor":30.0},{"not_picked":["Heatsinks+1","Streamline"],"picked":"Ball Lightning","floor":31.0},{"not_picked":["Amplify","All For One"],"picked":"Electrodynamics+1","floor":33.0},{"not_picked":["Gash","Compile Driver","Streamline"],"picked":"SKIP","floor":35.0},{"not_picked":["Barrage+1","Coolheaded+1"],"picked":"Consume+1","floor":36.0},{"not_picked":["Doom and Gloom","Streamline","Steam"],"picked":"SKIP","floor":38.0},{"not_picked":["Coolheaded","Barrage+1"],"picked":"Stack+1","floor":39.0},{"not_picked":["Steam","Hologram+1","Hyperbeam"],"picked":"SKIP","floor":40.0},{"not_picked":["Consume","FTL+1"],"picked":"Turbo+1","floor":41.0},{"not_picked":["Redo+1","Leap"],"picked":"Turbo+1","floor":42.0},{"not_picked":["Chill","Lockon+1"],"picked":"Loop+1","floor":45.0},{"not_picked":["Barrage","Hologram+1"],"picked":"Recycle+1","floor":47.0},{"not_picked":["Compile Driver","Beam Cell+1","Multi-Cast"],"picked":"SKIP","floor":54.0}],"player_experience":473557,"relics_obtained":[{"floor":7.0,"key":"Bottled Tornado"},{"floor":9.0,"key":"Frozen Egg 2"},{"floor":23.0,"key":"Thread and Needle"},{"floor":23.0,"key":"White Beast Statue"},{"floor":26.0,"key":"Pantograph"},{"floor":28.0,"key":"Sundial"},{"floor":28.0,"key":"InkBottle"},{"floor":30.0,"key":"Whetstone"},{"floor":30.0,"key":"Bag of Preparation"},{"floor":40.0,"key":"Potion Belt"},{"floor":40.0,"key":"Ornamental Fan"},{"floor":45.0,"key":"Anchor"},{"floor":45.0,"key":"Lantern"},{"floor":54.0,"key":"Centennial Puzzle"},{"floor":54.0,"key":"Kunai"}],"event_choices":[{"damage_healed":0.0,"max_hp_gain":0.0,"max_hp_loss":0.0,"gold_gain":75.0,"event_name":"World of Goop","player_choice":"Gather Gold","floor":2.0,"gold_loss":0.0,"damage_taken":11.0},{"damage_healed":0.0,"max_hp_gain":0.0,"max_hp_loss":0.0,"gold_gain":0.0,"event_name":"Living Wall","player_choice":"Grow","floor":8.0,"gold_loss":0.0,"damage_taken":0.0,"cards_upgraded":["Glacier"]},{"damage_healed":50.0,"max_hp_gain":0.0,"max_hp_loss":0.0,"gold_gain":0.0,"event_name":"Wheel of Change","player_choice":"Full Heal","floor":12.0,"gold_loss":0.0,"damage_taken":0.0},{"damage_healed":0.0,"max_hp_gain":0.0,"max_hp_loss":0.0,"gold_gain":0.0,"event_name":"The Library","player_choice":"Read","floor":19.0,"gold_loss":0.0,"damage_taken":0.0,"cards_obtained":["Loop"]},{"damage_healed":0.0,"max_hp_gain":0.0,"max_hp_loss":0.0,"gold_gain":0.0,"cards_transformed":["Strike_B"],"event_name":"Transmorgrifier","player_choice":"Transformed","floor":24.0,"gold_loss":0.0,"damage_taken":0.0,"cards_obtained":["Lockon"]},{"cards_removed":["Defend_B"],"damage_healed":0.0,"max_hp_gain":0.0,"max_hp_loss":0.0,"gold_gain":0.0,"event_name":"Falling","player_choice":"Removed Skill","floor":46.0,"gold_loss":0.0,"damage_taken":0.0}],"is_beta":false,"boss_relics":[{"not_picked":["Busted Crown","Velvet Choker"],"picked":"Black Star"},{"not_picked":["Tiny House","SlaversCollar"],"picked":"Runic Pyramid"}],"items_purged_floors":[3,37,44],"is_endless":false,"potions_floor_spawned":[1,4,16,21,28,30,31,33,35,36,38,39,41,42,45,47,54],"ascension_level":7}