{"gold_per_floor":[12,28,28,103,122,122,201,201,201,239,8,51,71,112,112,233,233,253,15,28,42,58,98,98,111,165,165,165,205,205,155,155,275,275,288,308,322,128,153,153,189,189,216,249,582,39,55,65,65,65],"floor_reached":51,"playtime":2849,"items_purged":["Strike_B","Strike_B","Strike_B"],"score":1051,"play_id":"6fa155b7-fdcd-4a39-9c9d-503daf87b480","local_time":"20210715213237","is_ascension_mode":true,"campfire_choices":[{"data":"Zap","floor":6,"key":"SMITH"},{"floor":8,"key":"REST"},{"floor":15,"key":"REST"},{"data":"Defragment","floor":24,"key":"SMITH"},{"data":"Defragment","floor":28,"key":"SMITH"},{"data":"Storm","floor":30,"key":"SMITH"},{"floor":32,"key":"REST"},{"floor":40,"key":"REST"},{"data":"Glacier","floor":49,"key":"SMITH"}],"neow_cost":"NO_GOLD","seed_source_timestamp":66654091448399,"circlet_count":0,"master_deck":["Strike_B","Defend_B","Defend_B","Defend_B","Defend_B","Zap+1","Dualcast","Thunder Strike","Ball Lightning","Coolheaded","Glacier+1","Cold Snap","Auto Shields+1","Leap+1","Recycle+1","Ball Lightning","Electrodynamics","Coolheaded+1","Defragment+1","Defragment+1","Capacitor","Capacitor","Storm+1","Machine Learning","Compile Driver+1","Ball Lightning","Double Energy+1","Glacier+1","Undo+1","Tempest+1","Multi-Cast+1","Static Discharge","Heatsinks","Leap+1"],"relics":["Cracked Core","WingedGreaves","Toxic Egg 2","Toy Ornithopter","The Courier","PreservedInsect","Velvet Choker","Oddly Smooth Stone","TungstenRod","SlaversCollar","OrangePellets","Blood Vial","Smiling Mask","Question Card","Lee\u0027s Waffle","Potion Belt"],"potions_floor_usage":[7,12,12,16,21,25,25,33,35,47,50,50,50],"damage_taken":[{"damage":1,"enemies":"Cultist","floor":1,"turns":3},{"damage":6,"enemies":"Small Slimes","floor":2,"turns":3},{"damage":2,"enemies":"2 Louse","floor":5,"turns":2},{"damage":20,"enemies":"Gremlin Nob","floor":7,"turns":4},{"damage":12,"enemies":"Lagavulin","floor":10,"turns":7},{"damage":2,"enemies":"Gremlin Nob","floor":12,"turns":5},{"damage":1,"enemies":"Blue Slaver","floor":13,"turns":4},{"damage":6,"enemies":"Lagavulin","floor":14,"turns":8},{"damage":35,"enemies":"The Guardian","floor":16,"turns":14},{"damage":5,"enemies":"2 Thieves","floor":18,"turns":4},{"damage":0,"enemies":"Shell Parasite","floor":20,"turns":5},{"damage":12,"enemies":"Shelled Parasite and Fungi","floor":21,"turns":5},{"damage":1,"enemies":"Cultist and Chosen","floor":22,"turns":6},{"damage":10,"enemies":"Gremlin Leader","floor":23,"turns":6},{"damage":9,"enemies":"Sentry and Sphere","floor":25,"turns":5},{"damage":13,"enemies":"Slavers","floor":29,"turns":4},{"damage":29,"enemies":"Collector","floor":33,"turns":7},{"damage":3,"enemies":"Orb Walker","floor":35,"turns":3},{"damage":19,"enemies":"3 Darklings","floor":36,"turns":5},{"damage":32,"enemies":"Spire Growth","floor":37,"turns":6},{"damage":0,"enemies":"4 Shapes","floor":39,"turns":5},{"damage":12,"enemies":"Giant Head","floor":41,"turns":8},{"damage":5,"enemies":"Nemesis","floor":44,"turns":6},{"damage":19,"enemies":"Writhing Mass","floor":47,"turns":4},{"damage":9,"enemies":"3 Darklings","floor":48,"turns":3},{"damage":38,"enemies":"Awakened One","floor":50,"turns":18}],"seed_played":"-7147275918648978755","potions_obtained":[{"floor":2,"key":"Explosive Potion"},{"floor":10,"key":"FearPotion"},{"floor":14,"key":"BlessingOfTheForge"},{"floor":16,"key":"Fruit Juice"},{"floor":18,"key":"AttackPotion"},{"floor":20,"key":"Swift Potion"},{"floor":21,"key":"Block Potion"},{"floor":29,"key":"BlessingOfTheForge"},{"floor":33,"key":"Swift Potion"},{"floor":35,"key":"SpeedPotion"},{"floor":37,"key":"Weak Potion"},{"floor":48,"key":"SpeedPotion"}],"is_trial":false,"path_per_floor":["M","M","?","?","M","R","?","R","T","E","$","E","M","E","R","B",null,"M","$","M","M","M","E","R","M","T","?","R","E","R","?","R","B",null,"M","M","M","$","M","R","E","?","T","E","?","$","M","M","R","B",null],"character_chosen":"DEFECT","items_purchased":["Leap+1","Fire Potion","Block Potion","Defragment","Defragment","Capacitor","Capacitor","OrangePellets","Lee\u0027s Waffle","Potion Belt","Static Discharge","Heatsinks","Ancient Potion","GamblersBrew"],"campfire_rested":4,"item_purchase_floors":[11,11,11,19,19,19,19,38,46,46,46,46,46,46],"current_hp_per_floor":[67,61,43,32,30,30,10,32,32,20,20,28,27,21,43,13,60,55,55,55,53,52,42,42,43,43,43,43,30,30,30,54,30,68,70,51,19,19,19,43,31,31,31,28,28,87,73,66,66,45],"gold":65,"neow_bonus":"THREE_RARE_CARDS","is_prod":false,"is_daily":false,"chose_seed":false,"campfire_upgraded":5,"win_rate":0,"timestamp":1626399157,"path_taken":["M","?","?","?","M","R","?","R","T","E","?","E","M","E","R","BOSS","M","$","M","M","M","E","R","M","T","?","R","E","R","?","R","BOSS","M","?","M","$","M","R","E","?","T","E","?","$","M","M","R","BOSS"],"build_version":"2020-12-22","purchased_purges":3,"victory":true,"max_hp_per_floor":[75,75,75,75,75,75,75,75,75,75,75,75,75,75,75,75,75,75,75,75,80,80,80,80,80,80,80,80,80,80,80,80,80,80,80,80,80,80,80,80,80,80,80,80,80,87,87,87,87,87],"card_choices":[{"not_picked":["All For One","Creative AI"],"picked":"Thunder Strike","floor":0},{"not_picked":["Capacitor","Streamline"],"picked":"Ball Lightning","floor":1},{"not_picked":["Streamline","Conserve Battery"],"picked":"Coolheaded","floor":2},{"not_picked":["Ball Lightning","Barrage"],"picked":"Glacier","floor":5},{"not_picked":["BootSequence","FTL"],"picked":"Cold Snap","floor":7},{"not_picked":["Loop","Multi-Cast+1"],"picked":"Auto Shields+1","floor":10},{"not_picked":["Stack+1","Doom and Gloom"],"picked":"Recycle+1","floor":12},{"not_picked":["Beam Cell","Stack+1","Redo+1"],"picked":"SKIP","floor":13},{"not_picked":["Leap+1","Steam Power+1"],"picked":"Ball Lightning","floor":14},{"not_picked":["Seek+1","All For One"],"picked":"Electrodynamics","floor":16},{"not_picked":["Stack+1","Steam+1"],"picked":"Coolheaded+1","floor":18},{"not_picked":["Barrage","Hologram+1"],"picked":"Storm","floor":20},{"not_picked":["Hologram+1","Loop"],"picked":"Machine Learning","floor":21},{"not_picked":["Rebound","Steam Power+1","Hologram+1"],"picked":"SKIP","floor":22},{"not_picked":["Reboot+1","Turbo+1"],"picked":"Compile Driver+1","floor":23},{"not_picked":["Steam+1","Doom and Gloom"],"picked":"Ball Lightning","floor":25},{"not_picked":["FTL+1","Darkness+1","Cold Snap"],"picked":"SKIP","floor":29},{"not_picked":["Streamline","Gash+1"],"picked":"Double Energy+1","floor":35},{"not_picked":["Leap+1","Sweeping Beam+1"],"picked":"Glacier+1","floor":36},{"not_picked":["Ball Lightning","Cold Snap","Compile Driver"],"picked":"SKIP","floor":37},{"not_picked":["Loop+1","Aggregate+1"],"picked":"Undo+1","floor":39},{"not_picked":["Cold Snap","Aggregate+1"],"picked":"Tempest+1","floor":41},{"not_picked":["Gash+1","Sweeping Beam+1"],"picked":"Multi-Cast+1","floor":44},{"not_picked":["Loop","Turbo+1","White Noise+1"],"picked":"Leap+1","floor":47},{"not_picked":["Loop","Storm+1","Compile Driver","Rebound+1"],"picked":"SKIP","floor":48}],"player_experience":476579,"relics_obtained":[{"floor":7,"key":"WingedGreaves"},{"floor":9,"key":"Toxic Egg 2"},{"floor":10,"key":"Toy Ornithopter"},{"floor":12,"key":"The Courier"},{"floor":14,"key":"PreservedInsect"},{"floor":26,"key":"Oddly Smooth Stone"},{"floor":29,"key":"TungstenRod"},{"floor":41,"key":"Blood Vial"},{"floor":43,"key":"Smiling Mask"},{"floor":44,"key":"Question Card"}],"event_choices":[{"damage_healed":0,"gold_gain":0,"player_choice":"Take Damage","damage_taken":18,"relics_obtained":["Golden Idol"],"max_hp_gain":0,"max_hp_loss":0,"event_name":"Golden Idol","floor":3,"gold_loss":0},{"damage_healed":0,"gold_gain":75,"player_choice":"Gather Gold","damage_taken":11,"max_hp_gain":0,"max_hp_loss":0,"event_name":"World of Goop","floor":4,"gold_loss":0},{"damage_healed":0,"gold_gain":0,"player_choice":"Searched \u00271\u0027 times","damage_taken":0,"max_hp_gain":0,"max_hp_loss":0,"event_name":"Dead Adventurer","floor":7,"gold_loss":0},{"damage_healed":0,"gold_gain":0,"player_choice":"Ignored","damage_taken":0,"max_hp_gain":0,"max_hp_loss":0,"event_name":"Vampires","floor":27,"gold_loss":0},{"damage_healed":0,"gold_gain":0,"player_choice":"Bet on Murderer","damage_taken":0,"max_hp_gain":0,"max_hp_loss":0,"event_name":"The Joust","floor":31,"gold_loss":50},{"damage_healed":0,"gold_gain":0,"player_choice":"Ignored","damage_taken":0,"max_hp_gain":0,"max_hp_loss":0,"event_name":"Tomb of Lord Red Mask","floor":42,"gold_loss":0},{"damage_healed":0,"gold_gain":333,"player_choice":"Gave Idol","damage_taken":0,"max_hp_gain":0,"max_hp_loss":0,"event_name":"The Moai Head","floor":45,"relics_lost":["Golden Idol"],"gold_loss":0}],"is_beta":false,"boss_relics":[{"not_picked":["Sozu","Snecko Eye"],"picked":"Velvet Choker"},{"not_picked":["Busted Crown","Tiny House"],"picked":"SlaversCollar"}],"items_purged_floors":[11,38,46],"is_endless":false,"potions_floor_spawned":[2,10,14,16,18,20,21,29,33,35,37,44,48],"ascension_level":8}