{"gold_per_floor":[113,124,137,137,87,87,162,162,185,360,393,172,197,210,210,313,313,331,39,51,231,74,74,86,104,104,104,130,149,149,478,478,578,578,596,195,195,44,56,87,99,99,99,99,99,125,125,159,159,159],"floor_reached":51,"playtime":3171,"items_purged":["Defend_B","Doubt","Defend_B","Strike_B+1"],"score":1160,"play_id":"09bb7211-81e6-483e-a20f-f61734a147ca","local_time":"20210715144616","is_ascension_mode":true,"campfire_choices":[{"data":"Melter","floor":6,"key":"SMITH"},{"floor":8,"key":"REST"},{"floor":15,"key":"REST"},{"data":"Echo Form","floor":23,"key":"SMITH"},{"floor":27,"key":"REST"},{"floor":32,"key":"REST"},{"data":"Defragment","floor":42,"key":"SMITH"},{"data":"Defragment","floor":44,"key":"SMITH"},{"data":"Defragment","floor":45,"key":"SMITH"},{"data":"Capacitor","floor":47,"key":"SMITH"},{"data":"Thunder Strike","floor":49,"key":"SMITH"}],"neow_cost":"PERCENT_DAMAGE","seed_source_timestamp":41952717072300,"circlet_count":0,"master_deck":["Strike_B+1","Zap+1","Dualcast","Melter+1","Conserve Battery","Coolheaded","Ball Lightning","Capacitor+1","Defragment+1","Cold Snap","Echo Form+1","Barrage+1","BootSequence+1","Sweeping Beam+1","Double Energy","Compile Driver","Buffer","Coolheaded","Genetic Algorithm+1","Turbo+1","Reboot+1","Core Surge","Leap+1","Genetic Algorithm+1","Defragment+1","Defragment+1","Double Energy+1","Coolheaded+1","Thunder Strike+1","Hologram+1"],"relics":["Cracked Core","Torii","Whetstone","Happy Flower","Letter Opener","Astrolabe","Membership Card","Thread and Needle","WingedGreaves","Toxic Egg 2","Pocketwatch","Old Coin","Runic Pyramid","Incense Burner","War Paint","Boot","FossilizedHelix","HornCleat","Dream Catcher"],"potions_floor_usage":[11,13,24,24,25,28,29,31,41,48,50],"damage_taken":[{"damage":7,"enemies":"Jaw Worm","floor":1,"turns":3},{"damage":1,"enemies":"2 Louse","floor":2,"turns":2},{"damage":7,"enemies":"Small Slimes","floor":3,"turns":3},{"damage":32,"enemies":"3 Sentries","floor":11,"turns":9},{"damage":8,"enemies":"Gremlin Nob","floor":13,"turns":3},{"damage":9,"enemies":"Blue Slaver","floor":14,"turns":3},{"damage":10,"enemies":"Hexaghost","floor":16,"turns":10},{"damage":7,"enemies":"3 Byrds","floor":18,"turns":4},{"damage":18,"enemies":"2 Thieves","floor":20,"turns":4},{"damage":18,"enemies":"Snecko","floor":24,"turns":6},{"damage":1,"enemies":"Centurion and Healer","floor":25,"turns":7},{"damage":17,"enemies":"Gremlin Leader","floor":28,"turns":8},{"damage":0,"enemies":"Sentry and Sphere","floor":29,"turns":4},{"damage":3,"enemies":"Book of Stabbing","floor":31,"turns":6},{"damage":1,"enemies":"Champ","floor":33,"turns":10},{"damage":0,"enemies":"3 Shapes","floor":35,"turns":6},{"damage":0,"enemies":"Orb Walker","floor":39,"turns":4},{"damage":0,"enemies":"Reptomancer","floor":40,"turns":6},{"damage":0,"enemies":"Transient","floor":41,"turns":5},{"damage":0,"enemies":"Giant Head","floor":46,"turns":10},{"damage":0,"enemies":"Reptomancer","floor":48,"turns":8},{"damage":0,"enemies":"Donu and Deca","floor":50,"turns":9}],"seed_played":"-7681553261073739356","potions_obtained":[{"floor":1,"key":"Block Potion"},{"floor":2,"key":"Dexterity Potion"},{"floor":16,"key":"FocusPotion"},{"floor":20,"key":"Swift Potion"},{"floor":24,"key":"Explosive Potion"},{"floor":28,"key":"SkillPotion"},{"floor":29,"key":"PowerPotion"},{"floor":40,"key":"Fire Potion"},{"floor":46,"key":"Fire Potion"}],"is_trial":false,"path_per_floor":["M","M","M","?","?","R","?","R","T","?","E","$","E","M","R","B",null,"M","$","M","?","$","R","M","M","T","R","E","M","T","E","R","B",null,"M","$","?","$","M","E","M","R","T","R","R","E","R","E","R","B",null],"character_chosen":"DEFECT","items_purchased":["Capacitor","DuplicationPotion","Membership Card","Thread and Needle","Buffer","Regen Potion","Incense Burner","Genetic Algorithm+1","War Paint","LiquidMemories","Ancient Potion","Defragment","Double Energy+1"],"campfire_rested":4,"item_purchase_floors":[12,12,19,19,22,22,36,36,36,36,36,38,38],"current_hp_per_floor":[43,42,35,40,40,40,29,53,53,53,21,21,13,4,28,18,65,58,58,40,21,21,21,17,16,16,40,23,23,23,20,44,43,71,71,71,71,71,71,71,71,71,71,71,71,71,71,71,71,71],"gold":159,"neow_bonus":"ONE_RARE_RELIC","is_prod":false,"is_daily":false,"chose_seed":false,"campfire_upgraded":7,"win_rate":0,"timestamp":1626374776,"path_taken":["M","M","M","?","?","R","?","R","T","?","E","$","E","M","R","BOSS","M","$","M","?","$","R","?","M","T","R","E","?","?","E","R","BOSS","M","$","?","?","M","E","M","R","T","R","R","E","R","E","R","BOSS"],"build_version":"2020-12-22","purchased_purges":4,"victory":true,"max_hp_per_floor":[75,75,75,80,80,80,80,80,80,80,80,80,80,80,80,80,80,80,80,80,80,80,80,80,80,80,80,80,80,80,80,80,80,80,80,80,80,80,80,80,80,80,80,80,80,80,80,80,80,80],"card_choices":[{"not_picked":["Force Field","Self Repair"],"picked":"Melter","floor":1},{"not_picked":["Barrage","Compile Driver"],"picked":"Conserve Battery","floor":2},{"not_picked":["Chaos","Capacitor"],"picked":"Coolheaded","floor":3},{"not_picked":["Storm","Hologram"],"picked":"Ball Lightning","floor":11},{"not_picked":["Gash","Conserve Battery"],"picked":"Defragment","floor":13},{"not_picked":["Compile Driver","Reprogram"],"picked":"Cold Snap","floor":14},{"not_picked":["All For One","Thunder Strike"],"picked":"Echo Form","floor":16},{"not_picked":["Gash","Barrage"],"picked":"Double Energy","floor":18},{"not_picked":["Barrage","Aggregate"],"picked":"Compile Driver","floor":20},{"not_picked":["Stack","Go for the Eyes"],"picked":"Coolheaded","floor":24},{"not_picked":["Hologram","Chaos"],"picked":"Genetic Algorithm","floor":25},{"not_picked":["Buffer","Redo+1"],"picked":"Turbo+1","floor":28},{"not_picked":["Ball Lightning","Turbo+1","Rebound"],"picked":"SKIP","floor":29},{"not_picked":["Go for the Eyes","Turbo+1"],"picked":"Reboot+1","floor":31},{"not_picked":["Multi-Cast+1","Echo Form"],"picked":"Core Surge","floor":33},{"not_picked":["Sunder","Stack+1"],"picked":"Leap+1","floor":35},{"not_picked":["Rip and Tear","Double Energy+1"],"picked":"Coolheaded+1","floor":39},{"not_picked":["BootSequence+1","Melter+1"],"picked":"Thunder Strike","floor":40},{"not_picked":["Rebound","Redo+1","Go for the Eyes"],"picked":"SKIP","floor":41},{"not_picked":["Gash","Turbo+1"],"picked":"Hologram+1","floor":46},{"not_picked":["Sweeping Beam+1","Go for the Eyes","Scrape+1"],"picked":"SKIP","floor":48}],"player_experience":470386,"relics_obtained":[{"floor":9,"key":"Whetstone"},{"floor":11,"key":"Happy Flower"},{"floor":13,"key":"Letter Opener"},{"floor":26,"key":"WingedGreaves"},{"floor":28,"key":"Toxic Egg 2"},{"floor":30,"key":"Pocketwatch"},{"floor":31,"key":"Old Coin"},{"floor":40,"key":"Boot"},{"floor":43,"key":"FossilizedHelix"},{"floor":46,"key":"HornCleat"},{"floor":48,"key":"Dream Catcher"}],"event_choices":[{"damage_healed":0,"gold_gain":0,"player_choice":"Donut","damage_taken":0,"max_hp_gain":5,"max_hp_loss":0,"event_name":"Big Fish","floor":4,"gold_loss":0},{"cards_removed":["Strike_B"],"damage_healed":0,"gold_gain":0,"player_choice":"Card Removal","damage_taken":0,"max_hp_gain":0,"max_hp_loss":0,"event_name":"The Cleric","floor":5,"gold_loss":50},{"damage_healed":0,"gold_gain":75,"player_choice":"Gather Gold","damage_taken":11,"max_hp_gain":0,"max_hp_loss":0,"event_name":"World of Goop","floor":7,"gold_loss":0},{"damage_healed":0,"gold_gain":175,"player_choice":"AGREE","damage_taken":0,"max_hp_gain":0,"max_hp_loss":0,"event_name":"Liars Game","floor":10,"gold_loss":0,"cards_obtained":["Doubt"]},{"damage_healed":0,"gold_gain":180,"player_choice":"GOLD GOLD ","damage_taken":19,"max_hp_gain":0,"max_hp_loss":0,"event_name":"Knowing Skull","floor":21,"potions_obtained":[],"gold_loss":0,"cards_obtained":[]},{"damage_healed":0,"gold_gain":0,"player_choice":"Copied","damage_taken":0,"max_hp_gain":0,"max_hp_loss":0,"event_name":"Duplicator","floor":37,"gold_loss":0,"cards_obtained":["Defragment"]}],"is_beta":false,"boss_relics":[{"not_picked":["SlaversCollar","Busted Crown"],"picked":"Astrolabe"},{"not_picked":["Runic Dome","Snecko Eye"],"picked":"Runic Pyramid"}],"items_purged_floors":[12,22,36,38],"is_endless":false,"potions_floor_spawned":[1,2,16,20,24,28,29,40,46],"ascension_level":6}