{"gold_per_floor":[112,122,139,156,156,185,185,214,214,540,540,540,102,121,121,244,244,259,19,22,45,45,45,65,123,123,123,123,123,161,182,182,313,313,336,399,419,439,439,473,486,501,501,501],"floor_reached":44,"playtime":3427,"items_purged":["Strike_B"],"score":798,"play_id":"7cce2d28-6ecc-47ce-a755-fd1646855849","local_time":"20210713192929","is_ascension_mode":true,"campfire_choices":[{"floor":12,"key":"REST"},{"data":"Defragment","floor":15,"key":"SMITH"},{"data":"Fission","floor":23,"key":"SMITH"},{"floor":27,"key":"REST"},{"data":"Echo Form","floor":29,"key":"SMITH"},{"floor":32,"key":"REST"}],"neow_cost":"NONE","seed_source_timestamp":481750135413500,"circlet_count":0,"master_deck":["Zap","Dualcast","Hologram","Go for the Eyes","Defragment+1","Coolheaded","Barrage","Doom and Gloom","Chill","Coolheaded","Cold Snap","Fission+1","Blizzard","Echo Form+1","Turbo+1","Multi-Cast","Core Surge","Scrape","Amplify","Genetic Algorithm","Loop+1","Ball Lightning+1","Compile Driver+1"],"relics":["Cracked Core","Bag of Marbles","Symbiotic Virus","WingedGreaves","Cables","Old Coin","Golden Idol","InkBottle","Empty Cage","Singing Bowl","Eternal Feather","Pandora\u0027s Box","Emotion Chip","Strawberry","Meat on the Bone"],"potions_floor_usage":[6,25,42,42,44],"damage_taken":[{"damage":0,"enemies":"Cultist","floor":1,"turns":3},{"damage":3,"enemies":"2 Louse","floor":2,"turns":2},{"damage":2,"enemies":"Jaw Worm","floor":3,"turns":3},{"damage":9,"enemies":"3 Louse","floor":4,"turns":5},{"damage":8,"enemies":"Lagavulin","floor":6,"turns":5},{"damage":18,"enemies":"3 Sentries","floor":8,"turns":6},{"damage":19,"enemies":"Lagavulin","floor":10,"turns":4},{"damage":3,"enemies":"Exordium Wildlife","floor":14,"turns":6},{"damage":0,"enemies":"The Guardian","floor":16,"turns":11},{"damage":9,"enemies":"3 Byrds","floor":18,"turns":4},{"damage":2,"enemies":"2 Thieves","floor":20,"turns":5},{"damage":16,"enemies":"Snake Plant","floor":21,"turns":5},{"damage":15,"enemies":"Centurion and Healer","floor":24,"turns":5},{"damage":25,"enemies":"Slavers","floor":25,"turns":3},{"damage":22,"enemies":"Gremlin Leader","floor":30,"turns":9},{"damage":2,"enemies":"Sentry and Sphere","floor":31,"turns":4},{"damage":5,"enemies":"Collector","floor":33,"turns":10},{"damage":0,"enemies":"3 Shapes","floor":35,"turns":7},{"damage":20,"enemies":"Mind Bloom Boss Battle","floor":36,"turns":10},{"damage":0,"enemies":"Orb Walker","floor":37,"turns":4},{"damage":28,"enemies":"3 Darklings","floor":38,"turns":7},{"damage":67,"enemies":"Nemesis","floor":40,"turns":7},{"damage":8,"enemies":"Writhing Mass","floor":41,"turns":6},{"damage":22,"enemies":"Transient","floor":42,"turns":5},{"damage":6,"enemies":"Spire Growth","floor":44,"turns":3}],"seed_played":"8123357974424608354","potions_obtained":[{"floor":4,"key":"AttackPotion"},{"floor":10,"key":"SteroidPotion"},{"floor":16,"key":"FairyPotion"},{"floor":22,"key":"FairyPotion"},{"floor":25,"key":"EssenceOfDarkness"},{"floor":40,"key":"DistilledChaos"},{"floor":42,"key":"Dexterity Potion"}],"is_trial":false,"path_per_floor":["M","M","M","M","?","E","T","E","T","E","?","R","$","M","R","B",null,"M","$","M","M","?","R","M","E","T","R","?","R","E","M","R","B",null,"M","?","M","M","?","E","M","M","T","M"],"character_chosen":"DEFECT","items_purchased":["Coolheaded","InkBottle","ColorlessPotion","Singing Bowl"],"campfire_rested":3,"item_purchase_floors":[13,13,13,19],"current_hp_per_floor":[68,65,63,54,59,51,51,33,33,14,14,36,36,33,33,33,64,55,55,53,39,39,39,26,1,1,33,33,42,22,20,53,48,72,72,54,56,30,30,33,25,3,3,0],"gold":501,"neow_bonus":"TRANSFORM_CARD","is_prod":false,"is_daily":false,"chose_seed":false,"campfire_upgraded":3,"win_rate":0,"timestamp":1626218969,"path_taken":["M","M","?","M","?","E","?","E","T","E","?","R","$","M","R","BOSS","M","$","M","M","?","R","?","E","T","R","?","R","E","M","R","BOSS","M","?","M","M","?","E","M","?","T","M"],"build_version":"2020-12-22","purchased_purges":1,"victory":false,"max_hp_per_floor":[75,75,75,75,80,80,80,80,80,80,74,74,74,74,74,74,74,74,74,74,76,76,76,78,78,78,78,78,78,80,80,80,80,80,80,82,84,86,82,91,91,91,91,91],"card_choices":[{"not_picked":["Hologram","Consume"],"picked":"Go for the Eyes","floor":1},{"not_picked":["Barrage","Self Repair"],"picked":"Defragment","floor":2},{"not_picked":["Hologram","Gash"],"picked":"Coolheaded","floor":3},{"not_picked":["Storm","Hologram"],"picked":"Barrage","floor":4},{"not_picked":["Coolheaded","Turbo"],"picked":"Doom and Gloom","floor":6},{"not_picked":["Gash","Consume"],"picked":"Chill","floor":8},{"not_picked":["Gash","Streamline","Sunder"],"picked":"SKIP","floor":10},{"not_picked":["Gash","Streamline","Sunder"],"picked":"SKIP","floor":10},{"not_picked":["Redo","Rip and Tear"],"picked":"Cold Snap","floor":14},{"not_picked":["Core Surge","Meteor Strike"],"picked":"Fission","floor":16},{"not_picked":["Force Field","Stack","Compile Driver"],"picked":"SKIP","floor":18},{"not_picked":["Aggregate","Beam Cell"],"picked":"Blizzard","floor":20},{"not_picked":["Stack","Cold Snap+1","Redo"],"picked":"Singing Bowl","floor":21},{"not_picked":["Tempest+1","Stack","Reprogram"],"picked":"Singing Bowl","floor":24},{"not_picked":["Beam Cell","Consume"],"picked":"Echo Form","floor":25},{"not_picked":["Go for the Eyes","Redo","Steam"],"picked":"Singing Bowl","floor":30},{"not_picked":["Hello World","Hologram"],"picked":"Turbo+1","floor":31},{"not_picked":["Hyperbeam","Echo Form"],"picked":"Multi-Cast","floor":33},{"not_picked":["Turbo+1","Self Repair"],"picked":"Loop+1","floor":35},{"not_picked":["Redo+1","Chill","Rebound"],"picked":"Singing Bowl","floor":36},{"not_picked":["Leap","Steam Power","Aggregate"],"picked":"Singing Bowl","floor":37},{"not_picked":["Recycle+1","Fusion+1","Sunder"],"picked":"Singing Bowl","floor":38},{"not_picked":["Rebound+1","Sunder","Lockon"],"picked":"Singing Bowl","floor":40},{"not_picked":["Cold Snap","Compile Driver"],"picked":"Ball Lightning+1","floor":41},{"not_picked":["Rebound+1","Chaos"],"picked":"Compile Driver+1","floor":42}],"player_experience":461402,"relics_obtained":[{"floor":6,"key":"Bag of Marbles"},{"floor":7,"key":"Symbiotic Virus"},{"floor":8,"key":"WingedGreaves"},{"floor":9,"key":"Cables"},{"floor":10,"key":"Old Coin"},{"floor":25,"key":"Eternal Feather"},{"floor":36,"key":"Emotion Chip"},{"floor":40,"key":"Strawberry"},{"floor":43,"key":"Meat on the Bone"}],"event_choices":[{"damage_healed":0,"gold_gain":0,"player_choice":"Donut","damage_taken":0,"max_hp_gain":5,"max_hp_loss":0,"event_name":"Big Fish","floor":5,"gold_loss":0},{"damage_healed":0,"gold_gain":0,"player_choice":"Lose Max HP","damage_taken":0,"relics_obtained":["Golden Idol"],"max_hp_gain":0,"max_hp_loss":6,"event_name":"Golden Idol","floor":11,"gold_loss":0},{"damage_healed":0,"gold_gain":0,"player_choice":"Got Potions","damage_taken":0,"max_hp_gain":0,"max_hp_loss":0,"event_name":"Lab","floor":22,"gold_loss":0},{"damage_healed":0,"gold_gain":0,"player_choice":"Ignored","damage_taken":0,"max_hp_gain":0,"max_hp_loss":0,"event_name":"The Mausoleum","floor":28,"gold_loss":0},{"damage_healed":0,"gold_gain":0,"player_choice":"Fight","damage_taken":0,"max_hp_gain":0,"max_hp_loss":0,"event_name":"MindBloom","floor":36,"gold_loss":0},{"damage_healed":0,"gold_gain":0,"player_choice":"Max HP","damage_taken":0,"max_hp_gain":0,"max_hp_loss":4,"event_name":"Winding Halls","floor":39,"gold_loss":0}],"is_beta":false,"boss_relics":[{"not_picked":["SacredBark","Coffee Dripper"],"picked":"Empty Cage"},{"not_picked":["Velvet Choker","Runic Dome"],"picked":"Pandora\u0027s Box"}],"items_purged_floors":[13],"is_endless":false,"potions_floor_spawned":[4,10,16,20,24,25,31,40,42],"killed_by":"Spire Growth","ascension_level":6}