{"gold_per_floor":[116,126,137,155,166,200,228,228,228,228,242,252,278,47,47,145,145,162,194,209,124,124,156,156,185,209,209,509,519,96,122,122,223,223,235,91,104,122,122,155,155,184,184,184,41,41,91,105,105,105],"floor_reached":51,"playtime":3718,"items_purged":["Strike_B","Strike_B+1"],"score":1260,"play_id":"5d14d7c1-1d17-4fe5-89f7-212d0f6ae60d","local_time":"20210827122230","is_ascension_mode":true,"campfire_choices":[{"floor":8,"key":"REST"},{"floor":15,"key":"REST"},{"data":"Glacier","floor":24,"key":"SMITH"},{"data":"Defragment","floor":32,"key":"SMITH"},{"data":"Dualcast","floor":41,"key":"SMITH"},{"data":"Glacier","floor":44,"key":"SMITH"},{"data":"Rip and Tear","floor":46,"key":"SMITH"},{"data":"Echo Form","floor":49,"key":"SMITH"}],"neow_cost":"TEN_PERCENT_HP_LOSS","seed_source_timestamp":174433161784000,"circlet_count":0,"master_deck":["AscendersBane","Strike_B+1","Defend_B+1","Defend_B+1","Defend_B+1","Zap+1","Dualcast+1","Ball Lightning","Defragment+1","Rip and Tear+1","BootSequence","Rip and Tear","Go for the Eyes","Electrodynamics","Beam Cell","Steam","All For One","Barrage+1","Conserve Battery+1","Glacier+1","Cold Snap+1","Glacier+1","Steam+1","All For One","Gash+1","Reinforced Body+1","Consume+1","Master of Strategy+1","Trip+1","Turbo+1","Scrape+1","Gash","Dark Shackles+1","Echo Form+1"],"relics":["Cracked Core","White Beast Statue","Odd Mushroom","Shuriken","Juzu Bracelet","Medical Kit","SacredBark","Red Mask","Unceasing Top","Ancient Tea Set","MealTicket","Boot","Old Coin","Toxic Egg 2","Blood Vial","Inserter","Lee\u0027s Waffle","War Paint","Potion Belt","Bottled Tornado","Bird Faced Urn"],"potions_floor_usage":[6,6,12,16,19,19,20,23,25,31,33,37,38,40,42,47,50,50],"damage_taken":[{"damage":6,"enemies":"Cultist","floor":1,"turns":3},{"damage":0,"enemies":"2 Louse","floor":2,"turns":2},{"damage":0,"enemies":"Small Slimes","floor":3,"turns":2},{"damage":16,"enemies":"3 Louse","floor":4,"turns":3},{"damage":1,"enemies":"Looter","floor":5,"turns":2},{"damage":5,"enemies":"3 Sentries","floor":6,"turns":5},{"damage":29,"enemies":"The Mushroom Lair","floor":7,"turns":4},{"damage":0,"enemies":"Exordium Thugs","floor":11,"turns":2},{"damage":0,"enemies":"Large Slime","floor":12,"turns":3},{"damage":16,"enemies":"Gremlin Nob","floor":13,"turns":3},{"damage":0,"enemies":"Slime Boss","floor":16,"turns":5},{"damage":10,"enemies":"Shell Parasite","floor":18,"turns":6},{"damage":8,"enemies":"Masked Bandits","floor":19,"turns":4},{"damage":6,"enemies":"Spheric Guardian","floor":20,"turns":3},{"damage":11,"enemies":"Book of Stabbing","floor":23,"turns":5},{"damage":9,"enemies":"Slavers","floor":25,"turns":4},{"damage":3,"enemies":"Centurion and Healer","floor":29,"turns":5},{"damage":2,"enemies":"Book of Stabbing","floor":31,"turns":7},{"damage":24,"enemies":"Collector","floor":33,"turns":11},{"damage":1,"enemies":"3 Darklings","floor":35,"turns":7},{"damage":1,"enemies":"3 Shapes","floor":37,"turns":3},{"damage":20,"enemies":"3 Darklings","floor":38,"turns":7},{"damage":17,"enemies":"Nemesis","floor":40,"turns":7},{"damage":5,"enemies":"Giant Head","floor":42,"turns":10},{"damage":0,"enemies":"Mind Bloom Boss Battle","floor":47,"turns":7},{"damage":3,"enemies":"Spire Growth","floor":48,"turns":5},{"damage":0,"enemies":"Awakened One","floor":50,"turns":11}],"seed_played":"7711582705096674924","potions_obtained":[{"floor":4,"key":"EssenceOfSteel"},{"floor":5,"key":"BlessingOfTheForge"},{"floor":7,"key":"BlessingOfTheForge"},{"floor":11,"key":"DistilledChaos"},{"floor":12,"key":"ColorlessPotion"},{"floor":13,"key":"EssenceOfSteel"},{"floor":16,"key":"Ancient Potion"},{"floor":18,"key":"SkillPotion"},{"floor":19,"key":"SteroidPotion"},{"floor":20,"key":"LiquidBronze"},{"floor":23,"key":"LiquidMemories"},{"floor":25,"key":"LiquidMemories"},{"floor":29,"key":"ColorlessPotion"},{"floor":31,"key":"LiquidBronze"},{"floor":33,"key":"DuplicationPotion"},{"floor":35,"key":"SteroidPotion"},{"floor":37,"key":"Weak Potion"},{"floor":38,"key":"ColorlessPotion"},{"floor":40,"key":"SkillPotion"},{"floor":42,"key":"Explosive Potion"},{"floor":47,"key":"SteroidPotion"},{"floor":48,"key":"Swift Potion"}],"is_trial":false,"path_per_floor":["M","M","M","M","M","E","?","R","T","?","M","M","E","$","R","B",null,"M","?","M","?","?","E","R","E","T","?","?","M","$","E","R","B",null,"M","$","M","M","?","E","R","E","T","R","$","R","?","M","R","B",null],"character_chosen":"DEFECT","items_purchased":["Medical Kit","Toxic Egg 2","Regen Potion","Lee\u0027s Waffle","Gash","Dark Shackles+1"],"campfire_rested":2,"item_purchase_floors":[14,30,30,36,45,45],"current_hp_per_floor":[62,62,62,46,45,40,11,31,31,31,31,31,15,15,35,35,60,50,42,36,36,36,25,25,16,16,16,16,13,28,68,68,44,62,63,75,74,55,45,30,30,27,27,27,42,42,44,45,45,53],"gold":105,"neow_bonus":"REMOVE_TWO","is_prod":false,"is_daily":false,"chose_seed":false,"campfire_upgraded":6,"win_rate":0,"timestamp":1630081350,"path_taken":["M","M","M","?","M","E","?","R","T","?","M","?","E","$","R","BOSS","M","?","M","?","?","E","R","E","T","?","?","M","$","E","R","BOSS","M","$","M","M","?","E","R","E","T","R","$","R","?","M","R","BOSS"],"build_version":"2020-12-22","purchased_purges":2,"victory":true,"max_hp_per_floor":[68,68,68,68,68,68,68,68,68,68,68,68,68,68,68,68,68,68,68,68,68,68,68,68,68,68,68,68,68,68,68,68,68,68,68,75,75,75,75,75,75,75,75,75,75,75,75,75,75,75],"card_choices":[{"not_picked":["Compile Driver","Go for the Eyes"],"picked":"Ball Lightning","floor":1},{"not_picked":["Auto Shields","Stack"],"picked":"Defragment","floor":2},{"not_picked":["Rebound","Hologram"],"picked":"Rip and Tear","floor":3},{"not_picked":["Sunder","Defragment"],"picked":"BootSequence","floor":4},{"not_picked":["Darkness","Consume"],"picked":"Rip and Tear","floor":5},{"not_picked":["Darkness","Loop"],"picked":"Go for the Eyes","floor":6},{"not_picked":["Ball Lightning","Steam"],"picked":"Electrodynamics","floor":7},{"not_picked":["Ball Lightning","Barrage"],"picked":"Beam Cell","floor":11},{"not_picked":["Steam Power","Force Field"],"picked":"Steam","floor":12},{"not_picked":["Redo","Hologram","Streamline"],"picked":"SKIP","floor":13},{"not_picked":["Redo","Hologram","Streamline"],"picked":"SKIP","floor":13},{"not_picked":["Meteor Strike","Buffer"],"picked":"All For One","floor":16},{"not_picked":["Streamline","Beam Cell"],"picked":"Barrage+1","floor":18},{"not_picked":["Capacitor","Compile Driver"],"picked":"Conserve Battery","floor":20},{"not_picked":["Compile Driver+1","Heatsinks"],"picked":"Cold Snap+1","floor":23},{"not_picked":["Coolheaded","Barrage"],"picked":"Reboot","floor":25},{"not_picked":["Gash+1","Streamline+1"],"picked":"Glacier","floor":29},{"not_picked":["Skim+1","Self Repair"],"picked":"Steam+1","floor":31},{"not_picked":["Rainbow+1","Multi-Cast+1"],"picked":"All For One","floor":33},{"not_picked":["Cold Snap+1","Ball Lightning+1"],"picked":"Gash+1","floor":35},{"not_picked":["Leap+1","Loop+1"],"picked":"Reinforced Body+1","floor":37},{"not_picked":["Streamline","Steam Power+1"],"picked":"Consume+1","floor":38},{"not_picked":["PanicButton+1","Dramatic Entrance"],"picked":"Master of Strategy+1","floor":39},{"not_picked":["Forethought+1","Impatience+1"],"picked":"Trip+1","floor":39},{"not_picked":["Gash","Heatsinks+1"],"picked":"Turbo+1","floor":40},{"not_picked":["White Noise+1","Leap+1"],"picked":"Scrape+1","floor":42},{"not_picked":["Leap+1","Cold Snap+1"],"picked":"Echo Form","floor":48}],"player_experience":764279,"relics_obtained":[{"floor":6,"key":"White Beast Statue"},{"floor":7,"key":"Odd Mushroom"},{"floor":9,"key":"Shuriken"},{"floor":13,"key":"Juzu Bracelet"},{"floor":19,"key":"Red Mask"},{"floor":23,"key":"Ancient Tea Set"},{"floor":25,"key":"MealTicket"},{"floor":26,"key":"Boot"},{"floor":31,"key":"Blood Vial"},{"floor":40,"key":"War Paint"},{"floor":42,"key":"Potion Belt"},{"floor":43,"key":"Bottled Tornado"},{"floor":47,"key":"Bird Faced Urn"}],"event_choices":[{"damage_healed":0,"gold_gain":0,"player_choice":"Fought Mushrooms","damage_taken":0,"max_hp_gain":0,"max_hp_loss":0,"event_name":"Mushrooms","floor":7,"gold_loss":0},{"damage_healed":0,"gold_gain":0,"player_choice":"Leave","damage_taken":0,"max_hp_gain":0,"max_hp_loss":0,"event_name":"FaceTrader","floor":10,"gold_loss":0},{"damage_healed":0,"gold_gain":0,"player_choice":"Fought Bandits","damage_taken":0,"max_hp_gain":0,"max_hp_loss":0,"event_name":"Masked Bandits","floor":19,"gold_loss":0},{"damage_healed":0,"gold_gain":0,"player_choice":"Obtained Relic","damage_taken":0,"relics_obtained":["Unceasing Top"],"max_hp_gain":0,"max_hp_loss":0,"event_name":"Addict","floor":21,"gold_loss":85},{"damage_healed":0,"gold_gain":0,"player_choice":"Read","damage_taken":0,"max_hp_gain":0,"max_hp_loss":0,"event_name":"The Library","floor":22,"gold_loss":0,"cards_obtained":["Glacier"]},{"damage_healed":0,"gold_gain":0,"player_choice":"Simplicity","damage_taken":0,"max_hp_gain":0,"max_hp_loss":0,"event_name":"Back to Basics","floor":27,"gold_loss":0,"cards_upgraded":["Strike_B","Strike_B","Defend_B","Defend_B","Defend_B"]},{"cards_removed":["Reboot"],"damage_healed":0,"gold_gain":0,"player_choice":"Gave Card","damage_taken":0,"relics_obtained":["Old Coin"],"max_hp_gain":0,"max_hp_loss":0,"event_name":"WeMeetAgain","floor":28,"gold_loss":0},{"damage_healed":0,"gold_gain":0,"player_choice":"Memory 3","damage_taken":10,"max_hp_gain":0,"max_hp_loss":0,"event_name":"SensoryStone","floor":39,"gold_loss":0},{"damage_healed":0,"gold_gain":0,"player_choice":"Fight","damage_taken":0,"max_hp_gain":0,"max_hp_loss":0,"event_name":"MindBloom","floor":47,"gold_loss":0}],"is_beta":false,"boss_relics":[{"not_picked":["FrozenCore","Calling Bell"],"picked":"SacredBark"},{"not_picked":["Runic Dome","SlaversCollar"],"picked":"Inserter"}],"items_purged_floors":[14,30],"is_endless":false,"potions_floor_spawned":[4,5,7,11,12,13,16,18,19,20,23,25,29,31,33,35,37,38,40,42,47,48],"ascension_level":10}