{"gold_per_floor":[112,127,137,137,148,148,177,177,177,203,220,200,200,210,210,288,288,303,319,1,76,76,110,110,137,210,244,257,29,29,29,29,105,105,117,132,132,150,163,194,194,210,210,239,259,289,302,317,317,317,317,317,32,64,64],"floor_reached":56,"playtime":3654,"items_purged":["Strike_B"],"score":1902,"play_id":"9d4572f9-5355-4c89-9ee4-5caf9daafde5","local_time":"20210914140018","is_ascension_mode":true,"campfire_choices":[{"data":"Sweeping Beam","floor":6.0,"key":"SMITH"},{"data":"Sunder","floor":8.0,"key":"SMITH"},{"data":"Reinforced Body","floor":13.0,"key":"SMITH"},{"data":"Ball Lightning","floor":15.0,"key":"SMITH"},{"data":"Biased Cognition","floor":24,"key":"SMITH"},{"data":"Undo","floor":30,"key":"SMITH"},{"data":"Coolheaded","floor":32,"key":"SMITH"},{"floor":49,"key":"RECALL"},{"data":"Coolheaded","floor":52,"key":"SMITH"}],"neow_cost":"NONE","seed_source_timestamp":1027098173755100,"circlet_count":0,"master_deck":["AscendersBane","Strike_B","Strike_B","Strike_B","Defend_B","Defend_B","Defend_B","Defend_B","Zap+1","Dualcast","Sweeping Beam+1","Sunder+1","Ball Lightning","Ball Lightning+1","Reinforced Body+1","Cold Snap","BootSequence","Biased Cognition+1","Genetic Algorithm+1","Self Repair+1","Undo+1","Coolheaded+1","Genetic Algorithm+1","Turbo+1","Defragment+1","Amplify","Coolheaded+1","Compile Driver+1","Coolheaded+1","Consume+1","Capacitor+1","Core Surge","Barrage","Hologram+1","Steam+1","Chaos+1","Dark Shackles+1","Undo+1"],"special_seed":0,"relics":["Cracked Core","White Beast Statue","Ginger","Incense Burner","Coffee Dripper","Eternal Feather","Vajra","Potion Belt","Frozen Egg 2","Bag of Preparation","Toy Ornithopter","Gremlin Horn","Inserter","Toxic Egg 2","Bag of Marbles","War Paint","DataDisk","Lizard Tail"],"potions_floor_usage":[22,23,25,27,28,33,40,50,54,55,55,55,55],"damage_taken":[{"damage":3.0,"enemies":"2 Louse","floor":1.0,"turns":2.0},{"damage":0.0,"enemies":"Small Slimes","floor":2.0,"turns":2.0},{"damage":1.0,"enemies":"Cultist","floor":3.0,"turns":3.0},{"damage":13.0,"enemies":"Red Slaver","floor":5.0,"turns":4.0},{"damage":5.0,"enemies":"3 Sentries","floor":7.0,"turns":5.0},{"damage":22.0,"enemies":"Lagavulin","floor":10.0,"turns":7.0},{"damage":3.0,"enemies":"Exordium Thugs","floor":11.0,"turns":4.0},{"damage":0.0,"enemies":"3 Louse","floor":14.0,"turns":5.0},{"damage":22.0,"enemies":"Slime Boss","floor":16.0,"turns":8.0},{"damage":1.0,"enemies":"Spheric Guardian","floor":18.0,"turns":3.0},{"damage":4.0,"enemies":"Shell Parasite","floor":19.0,"turns":5.0},{"damage":0,"enemies":"Sentry and Sphere","floor":22,"turns":1},{"damage":45,"enemies":"Slavers","floor":23,"turns":6},{"damage":9,"enemies":"Book of Stabbing","floor":25,"turns":5},{"damage":22,"enemies":"Slavers","floor":27,"turns":6},{"damage":0,"enemies":"Shelled Parasite and Fungi","floor":28,"turns":9},{"damage":5,"enemies":"Collector","floor":33,"turns":11},{"damage":1,"enemies":"Orb Walker","floor":35,"turns":5},{"damage":11,"enemies":"3 Shapes","floor":36,"turns":4},{"damage":6,"enemies":"Sphere and 2 Shapes","floor":38,"turns":4},{"damage":0,"enemies":"Jaw Worm Horde","floor":39,"turns":6},{"damage":8,"enemies":"Nemesis","floor":40,"turns":11},{"damage":0,"enemies":"3 Darklings","floor":42,"turns":8},{"damage":1,"enemies":"Giant Head","floor":44,"turns":9},{"damage":0,"enemies":"Maw","floor":45,"turns":8},{"damage":4,"enemies":"Nemesis","floor":46,"turns":7},{"damage":10,"enemies":"Spire Growth","floor":47,"turns":6},{"damage":0,"enemies":"Sphere and 2 Shapes","floor":48,"turns":4},{"damage":44,"enemies":"Donu and Deca","floor":50,"turns":14},{"damage":47,"enemies":"Shield and Spear","floor":54,"turns":13},{"damage":34,"enemies":"The Heart","floor":55,"turns":13}],"seed_played":"5886855244115183186","potions_obtained":[{"floor":1.0,"key":"FocusPotion"},{"floor":10.0,"key":"FearPotion"},{"floor":16.0,"key":"SteroidPotion"},{"floor":19.0,"key":"SmokeBomb"},{"floor":23,"key":"Strength Potion"},{"floor":25,"key":"EssenceOfSteel"},{"floor":27,"key":"SkillPotion"},{"floor":28,"key":"Swift Potion"},{"floor":33,"key":"Block Potion"},{"floor":35,"key":"BlessingOfTheForge"},{"floor":36,"key":"AttackPotion"},{"floor":38,"key":"FocusPotion"},{"floor":40,"key":"LiquidMemories"},{"floor":42,"key":"Ancient Potion"},{"floor":45,"key":"GamblersBrew"},{"floor":54,"key":"Strength Potion"}],"is_trial":false,"path_per_floor":["M","M","M","?","M","R","E","R","T","E","M","?","R","M","R","B",null,"M","M","$","?","M","E","R","E","T","E","M","$","R","T","R","B",null,"M","M","?","M","M","E","?","M","T","E","M","E","M","M","R","B",null,"R","$","E","B",null],"character_chosen":"DEFECT","items_purchased":["Eternal Feather","Defragment+1","Toy Ornithopter","DataDisk","Dark Shackles+1","ColorlessPotion"],"campfire_rested":0,"item_purchase_floors":[20,29,29,53,53,53],"current_hp_per_floor":[65,65,64,69,56,56,51,51,51,29,26,26,26,26,26,4,61,60,56,56,48,48,13,25,26,26,4,14,14,29,29,44,54,74,80,69,69,73,80,80,76,76,76,76,76,76,66,76,76,42,68,76,76,39,35],"gold":64,"neow_bonus":"UPGRADE_CARD","is_prod":false,"is_daily":false,"chose_seed":false,"campfire_upgraded":8,"win_rate":0,"timestamp":1631642418,"path_taken":["M","M","M","?","M","R","E","R","T","E","M","?","R","M","R","BOSS","M","M","$","?","M","E","R","E","T","E","?","$","R","?","R","BOSS","M","M","?","M","M","E","?","?","T","E","M","E","M","M","R","BOSS","R","$","E","BOSS"],"build_version":"2020-12-22","purchased_purges":1,"victory":true,"max_hp_per_floor":[75,75,75,80,80,80,80,80,80,80,80,80,80,80,80,80,80,80,80,80,80,80,80,80,80,80,80,80,80,80,80,80,80,80,80,80,80,80,80,80,76,76,76,76,76,76,76,76,76,76,76,76,76,76,76],"card_choices":[{"not_picked":["Melter","Hologram"],"picked":"Sweeping Beam","floor":1.0},{"not_picked":["Compile Driver","Ball Lightning"],"picked":"Sunder","floor":2.0},{"not_picked":["Barrage","Self Repair"],"picked":"Ball Lightning","floor":3.0},{"not_picked":["Stack","Turbo"],"picked":"Ball Lightning","floor":5.0},{"not_picked":["Creative AI","Loop"],"picked":"Reinforced Body","floor":7.0},{"not_picked":["Ball Lightning","Gash"],"picked":"Cold Snap","floor":10.0},{"not_picked":["Tempest","Gash","Amplify"],"picked":"SKIP","floor":11.0},{"not_picked":["Gash","Force Field"],"picked":"BootSequence","floor":14.0},{"not_picked":["Fission","Core Surge"],"picked":"Biased Cognition","floor":16.0},{"not_picked":["Redo","Coolheaded"],"picked":"Genetic Algorithm","floor":18.0},{"not_picked":["Scrape","Coolheaded"],"picked":"Self Repair+1","floor":19.0},{"not_picked":["Force Field","Fusion"],"picked":"Undo","floor":23},{"not_picked":["Blizzard","Thunder Strike"],"picked":"Coolheaded","floor":25},{"not_picked":["FTL","Force Field"],"picked":"Genetic Algorithm","floor":27},{"not_picked":["Ball Lightning","Melter+1"],"picked":"Turbo+1","floor":28},{"not_picked":["All For One","Reboot"],"picked":"Amplify","floor":33},{"not_picked":["Hello World+1","Lockon"],"picked":"Coolheaded+1","floor":35},{"not_picked":["Lockon","Sunder+1"],"picked":"Compile Driver+1","floor":36},{"not_picked":["Coolheaded","Streamline","Rebound"],"picked":"SKIP","floor":38},{"not_picked":["Conserve Battery","Redo+1"],"picked":"Coolheaded","floor":39},{"not_picked":["Compile Driver","Gash"],"picked":"Consume+1","floor":40},{"not_picked":["Steam+1","Compile Driver"],"picked":"Capacitor+1","floor":42},{"not_picked":["Gash+1","Sunder"],"picked":"Core Surge","floor":44},{"not_picked":["Hello World+1","Redo+1"],"picked":"Barrage","floor":45},{"not_picked":["Fusion+1","Compile Driver"],"picked":"Hologram+1","floor":46},{"not_picked":["Capacitor+1","Gash"],"picked":"Steam+1","floor":47},{"not_picked":["Streamline+1","Hyperbeam"],"picked":"Chaos+1","floor":48},{"not_picked":["Cold Snap+1","Sweeping Beam"],"picked":"Undo+1","floor":54}],"player_experience":852955,"relics_obtained":[{"floor":7.0,"key":"White Beast Statue"},{"floor":9.0,"key":"Ginger"},{"floor":10.0,"key":"Incense Burner"},{"floor":23,"key":"Vajra"},{"floor":25,"key":"Potion Belt"},{"floor":26,"key":"Frozen Egg 2"},{"floor":27,"key":"Bag of Preparation"},{"floor":31,"key":"Gremlin Horn"},{"floor":40,"key":"Toxic Egg 2"},{"floor":44,"key":"Bag of Marbles"},{"floor":46,"key":"War Paint"},{"floor":54,"key":"Lizard Tail"}],"event_choices":[{"damage_healed":0.0,"max_hp_gain":5.0,"max_hp_loss":0.0,"gold_gain":0.0,"event_name":"Big Fish","player_choice":"Donut","floor":4.0,"gold_loss":0.0,"damage_taken":0.0},{"damage_healed":0.0,"max_hp_gain":0.0,"max_hp_loss":0.0,"gold_gain":0.0,"event_name":"The Woman in Blue","player_choice":"Bought 1 Potion","floor":12.0,"gold_loss":0.0,"damage_taken":0.0},{"damage_healed":0.0,"max_hp_gain":0.0,"max_hp_loss":0.0,"gold_gain":75.0,"event_name":"FaceTrader","player_choice":"Touch","floor":21.0,"gold_loss":0.0,"damage_taken":8.0},{"damage_healed":0,"gold_gain":0,"player_choice":"Ignored","damage_taken":0,"max_hp_gain":0,"max_hp_loss":0,"event_name":"Tomb of Lord Red Mask","floor":37,"gold_loss":0},{"damage_healed":0,"gold_gain":0,"player_choice":"Max HP","damage_taken":0,"max_hp_gain":0,"max_hp_loss":4,"event_name":"Winding Halls","floor":41,"gold_loss":0}],"is_beta":false,"boss_relics":[{"not_picked":["Pandora\u0027s Box","Nuclear Battery"],"picked":"Coffee Dripper"},{"not_picked":["Philosopher\u0027s Stone","Empty Cage"],"picked":"Inserter"}],"items_purged_floors":[20],"is_endless":false,"potions_floor_spawned":[1,10,11,14,16,18,19,22,23,25,27,28,33,35,36,38,39,40,42,44,45,46,47,48,54],"ascension_level":13}