{"gold_per_floor":[116,136,155,174,194,227,227,252,321,321,321,332,117,130,130,232,232,252,68,78,92,102,132,152,77,103,115,143,155,167,207,219,333,345,377,389,414,7,7,7,33,33,58,74,108,118,118,10,10,10,10,10,10,10],"floor_reached":54,"playtime":4510,"items_purged":["Strike_B","Go for the Eyes","Zap"],"score":1303,"play_id":"ef1d8a49-bf6f-4144-a2db-be193edd550a","local_time":"20210914124339","is_ascension_mode":true,"campfire_choices":[{"data":"Doom and Gloom","floor":7.0,"key":"SMITH"},{"floor":11.0,"key":"REST"},{"data":"White Noise","floor":15.0,"key":"SMITH"},{"floor":27.0,"key":"REST"},{"floor":30.0,"key":"REST"},{"floor":32.0,"key":"REST"},{"data":"Creative AI","floor":40.0,"key":"SMITH"},{"data":"Fission","floor":42.0,"key":"SMITH"},{"floor":47.0,"key":"REST"},{"floor":49.0,"key":"RECALL"},{"data":"Rainbow","floor":52.0,"key":"SMITH"}],"neow_cost":"NONE","seed_source_timestamp":1022297225074000,"circlet_count":0,"master_deck":["AscendersBane","Meteor Strike","Conserve Battery","Coolheaded","Doom and Gloom+1","Ball Lightning","Cold Snap","Hologram","White Noise+1","Steam","Creative AI+1","Rainbow+1","Go for the Eyes","FTL","Barrage","Genetic Algorithm","Conserve Battery","Reinforced Body","Compile Driver+1","Defragment","Capacitor","Recycle","Stack+1","Rebound","Fission+1","Force Field+1","Dramatic Entrance","Finesse","Barrage+1","Coolheaded","Recycle+1","Creative AI","Chaos","Amplify"],"special_seed":0,"relics":["Cracked Core","Akabeko","Bag of Preparation","The Courier","Gambling Chip","Toy Ornithopter","Pandora\u0027s Box","Runic Capacitor","Smiling Mask","MawBank","Blood Vial","SlaversCollar","Art of War","InkBottle","Regal Pillow","Mercury Hourglass"],"potions_floor_usage":[],"damage_taken":[{"damage":1.0,"enemies":"Cultist","floor":1.0,"turns":3.0},{"damage":0.0,"enemies":"Jaw Worm","floor":2.0,"turns":3.0},{"damage":3.0,"enemies":"2 Louse","floor":3.0,"turns":4.0},{"damage":15.0,"enemies":"Large Slime","floor":4.0,"turns":5.0},{"damage":9.0,"enemies":"Looter","floor":5.0,"turns":3.0},{"damage":4.0,"enemies":"Gremlin Nob","floor":6.0,"turns":3.0},{"damage":13.0,"enemies":"Lagavulin","floor":8.0,"turns":5.0},{"damage":0.0,"enemies":"Gremlin Gang","floor":12.0,"turns":1.0},{"damage":8.0,"enemies":"Exordium Thugs","floor":14.0,"turns":3.0},{"damage":0.0,"enemies":"Slime Boss","floor":16.0,"turns":5.0},{"damage":12.0,"enemies":"2 Thieves","floor":18.0,"turns":3.0},{"damage":2.0,"enemies":"Shell Parasite","floor":20.0,"turns":6.0},{"damage":1.0,"enemies":"Centurion and Healer","floor":21.0,"turns":7.0},{"damage":11.0,"enemies":"Snake Plant","floor":22.0,"turns":6.0},{"damage":18.0,"enemies":"Gremlin Leader","floor":23.0,"turns":7.0},{"damage":23.0,"enemies":"3 Cultists","floor":24.0,"turns":4.0},{"damage":10.0,"enemies":"Centurion and Healer","floor":28.0,"turns":8.0},{"damage":15.0,"enemies":"Book of Stabbing","floor":31.0,"turns":6.0},{"damage":21.0,"enemies":"Champ","floor":33.0,"turns":11.0},{"damage":19.0,"enemies":"3 Darklings","floor":35.0,"turns":6.0},{"damage":0.0,"enemies":"Orb Walker","floor":37.0,"turns":7.0},{"damage":4.0,"enemies":"Giant Head","floor":41.0,"turns":7.0},{"damage":10.0,"enemies":"Spire Growth","floor":44.0,"turns":6.0},{"damage":4.0,"enemies":"Reptomancer","floor":45.0,"turns":7.0},{"damage":21.0,"enemies":"Transient","floor":46.0,"turns":5.0},{"damage":39.0,"enemies":"Donu and Deca","floor":50.0,"turns":8.0},{"damage":68,"enemies":"Shield and Spear","floor":54,"turns":4}],"seed_played":"8009700372177753228","potions_obtained":[{"floor":2.0,"key":"Swift Potion"},{"floor":4.0,"key":"ColorlessPotion"},{"floor":5.0,"key":"Block Potion"},{"floor":14.0,"key":"DistilledChaos"},{"floor":21.0,"key":"Fire Potion"},{"floor":24.0,"key":"Ancient Potion"},{"floor":31.0,"key":"FearPotion"},{"floor":45.0,"key":"LiquidMemories"},{"floor":46.0,"key":"EntropicBrew"}],"is_trial":false,"path_per_floor":["M","M","M","M","M","E","R","E","T","?","R","M","$","M","R","B",null,"M","$","M","M","M","E","M","?","T","R","M","?","R","E","R","B",null,"M","?","M","$","?","R","E","R","T","M","E","M","R","$","R","B",null,"R","$","E"],"character_chosen":"DEFECT","items_purchased":["Toy Ornithopter","Explosive Potion","Reinforced Body","Runic Capacitor","Art of War","InkBottle","Coolheaded","Amplify"],"campfire_rested":5,"item_purchase_floors":[13,13,19,19,38,38,38,48],"current_hp_per_floor":[67,67,64,49,40,36,36,23,23,23,45,45,45,37,37,37,66,54,54,52,51,40,27,9,9,9,31,21,21,43,28,50,31,64,47,37,39,39,39,39,37,37,37,34,32,18,55,55,55,33,65,65,65,0],"gold":10,"neow_bonus":"ONE_RANDOM_RARE_CARD","is_prod":false,"is_daily":false,"chose_seed":false,"campfire_upgraded":5,"win_rate":0,"timestamp":1631637819,"path_taken":["M","M","M","M","M","E","R","E","T","?","R","M","$","M","R","BOSS","M","$","M","M","M","E","?","?","T","R","M","?","R","E","R","BOSS","M","?","M","$","?","R","E","R","T","?","E","M","R","?","R","BOSS","R","$","E"],"build_version":"2020-12-22","purchased_purges":3,"victory":false,"max_hp_per_floor":[75,75,75,75,75,75,75,75,75,75,75,75,75,75,75,75,75,75,75,75,75,75,75,75,75,75,75,75,75,75,75,75,75,75,75,75,75,75,75,75,75,75,75,75,75,75,75,75,75,75,75,75,75,75],"card_choices":[{"not_picked":["Hologram","Redo"],"picked":"Conserve Battery","floor":1.0},{"not_picked":["Blizzard","Steam"],"picked":"Coolheaded","floor":2.0},{"not_picked":["Redo","FTL"],"picked":"Doom and Gloom","floor":3.0},{"not_picked":["Scrape","Consume"],"picked":"Ball Lightning","floor":4.0},{"not_picked":["Echo Form","Chill"],"picked":"Go for the Eyes","floor":5.0},{"not_picked":["Chill","Leap"],"picked":"Cold Snap","floor":6.0},{"not_picked":["Force Field","Barrage"],"picked":"Hologram","floor":8.0},{"not_picked":["Beam Cell","Ball Lightning"],"picked":"White Noise","floor":12.0},{"not_picked":["Streamline","Cold Snap"],"picked":"Steam","floor":14.0},{"not_picked":["Meteor Strike","All For One"],"picked":"Creative AI","floor":16.0},{"not_picked":["Streamline","Darkness"],"picked":"Conserve Battery","floor":18.0},{"not_picked":["Beam Cell","Conserve Battery+1"],"picked":"Compile Driver+1","floor":20.0},{"not_picked":["FTL","Gash"],"picked":"Defragment","floor":21.0},{"not_picked":["Cold Snap","Gash","Steam"],"picked":"SKIP","floor":22.0},{"not_picked":["Core Surge","Doom and Gloom+1"],"picked":"Capacitor","floor":23.0},{"not_picked":["Cold Snap","Reprogram"],"picked":"Recycle","floor":24.0},{"not_picked":["Sweeping Beam","Redo"],"picked":"Stack+1","floor":28.0},{"not_picked":["Sweeping Beam","Rainbow"],"picked":"Rebound","floor":31.0},{"not_picked":["Electrodynamics","All For One"],"picked":"Fission","floor":33.0},{"not_picked":["Go for the Eyes","Doom and Gloom"],"picked":"Force Field+1","floor":35.0},{"not_picked":["Panacea","HandOfGreed"],"picked":"Dramatic Entrance","floor":36.0},{"not_picked":["Transmutation","Panache"],"picked":"Finesse","floor":36.0},{"not_picked":["Leap","Sweeping Beam"],"picked":"Barrage+1","floor":37.0},{"not_picked":["Conserve Battery+1","Sweeping Beam"],"picked":"Recycle+1","floor":41.0},{"not_picked":["Go for the Eyes+1","Redo+1","Cold Snap"],"picked":"SKIP","floor":44.0},{"not_picked":["Go for the Eyes","Barrage+1"],"picked":"Creative AI","floor":45.0},{"not_picked":["Darkness","Chill"],"picked":"Chaos","floor":46.0}],"player_experience":848445,"relics_obtained":[{"floor":6.0,"key":"Akabeko"},{"floor":8.0,"key":"Bag of Preparation"},{"floor":9.0,"key":"The Courier"},{"floor":23.0,"key":"Smiling Mask"},{"floor":26.0,"key":"MawBank"},{"floor":31.0,"key":"Blood Vial"},{"floor":41.0,"key":"Regal Pillow"},{"floor":45.0,"key":"Mercury Hourglass"}],"event_choices":[{"damage_healed":0.0,"max_hp_gain":0.0,"max_hp_loss":0.0,"gold_gain":0.0,"event_name":"WeMeetAgain","player_choice":"Gave Potion","floor":10.0,"gold_loss":0.0,"damage_taken":0.0,"relics_obtained":["Gambling Chip"]},{"cards_removed":["Blizzard"],"damage_healed":0.0,"max_hp_gain":0.0,"max_hp_loss":0.0,"gold_gain":0.0,"event_name":"Beggar","player_choice":"Gave Gold","floor":25.0,"gold_loss":75.0,"damage_taken":0.0},{"cards_removed":["Streamline"],"damage_healed":0.0,"max_hp_gain":0.0,"max_hp_loss":0.0,"gold_gain":0.0,"event_name":"Back to Basics","player_choice":"Elegance","floor":29.0,"gold_loss":0.0,"damage_taken":0.0},{"damage_healed":0.0,"max_hp_gain":0.0,"max_hp_loss":0.0,"gold_gain":0.0,"event_name":"SensoryStone","player_choice":"Memory 3","floor":36.0,"gold_loss":0.0,"damage_taken":10.0},{"cards_removed":["Dualcast"],"damage_healed":0.0,"max_hp_gain":0.0,"max_hp_loss":0.0,"gold_gain":0.0,"event_name":"Purifier","player_choice":"Purged","floor":39.0,"gold_loss":0.0,"damage_taken":0.0}],"is_beta":false,"boss_relics":[{"not_picked":["Velvet Choker","Philosopher\u0027s Stone"],"picked":"Pandora\u0027s Box"},{"not_picked":["SacredBark","Empty Cage"],"picked":"SlaversCollar"}],"items_purged_floors":[13,38,48],"is_endless":false,"potions_floor_spawned":[2,4,5,14,21,22,24,31,37,41,45,46],"killed_by":"Shield and Spear","ascension_level":12}