{"gold_per_floor":[114,132,148,158,171,171,201,201,224,251,251,285,300,300,300,374,374,391,391,88,88,102,102,114,114,114,114,140,18,28,28],"floor_reached":31,"playtime":1254,"items_purged":["Strike_B"],"score":553,"play_id":"d2a78b0c-a75d-4d17-b80b-5e94542f34db","local_time":"20210914180712","is_ascension_mode":true,"campfire_choices":[{"data":"Biased Cognition","floor":6.0,"key":"SMITH"},{"data":"Ball Lightning","floor":8.0,"key":"SMITH"},{"data":"Hologram","floor":11.0,"key":"SMITH"},{"data":"Creative AI","floor":15,"key":"SMITH"},{"data":"Fission","floor":23,"key":"SMITH"},{"data":"Reinforced Body","floor":25,"key":"SMITH"},{"data":"Conserve Battery","floor":27,"key":"SMITH"}],"neow_cost":"TEN_PERCENT_HP_LOSS","seed_source_timestamp":1042249516775900,"circlet_count":0,"master_deck":["AscendersBane","Strike_B+1","Defend_B","Defend_B","Defend_B","Zap","Dualcast","FTL","Biased Cognition+1","Compile Driver","Coolheaded","Hologram+1","Cold Snap+1","Ball Lightning+1","Conserve Battery+1","Reinforced Body+1","Creative AI+1","Fission+1","Double Energy","Capacitor","Sweeping Beam+1","Skim+1","Steam+1"],"special_seed":0,"relics":["Cracked Core","Darkstone Periapt","Whetstone","DataDisk","Orichalcum","Busted Crown","Chemical X","Toxic Egg 2","Bag of Marbles"],"potions_floor_usage":[28,28],"damage_taken":[{"damage":0.0,"enemies":"Small Slimes","floor":1.0,"turns":3.0},{"damage":0.0,"enemies":"2 Louse","floor":2.0,"turns":3.0},{"damage":2.0,"enemies":"Jaw Worm","floor":3.0,"turns":3.0},{"damage":3.0,"enemies":"Red Slaver","floor":4.0,"turns":4.0},{"damage":2.0,"enemies":"Blue Slaver","floor":5.0,"turns":3.0},{"damage":14.0,"enemies":"3 Sentries","floor":7.0,"turns":7.0},{"damage":11.0,"enemies":"Gremlin Nob","floor":10.0,"turns":3.0},{"damage":4.0,"enemies":"Lagavulin","floor":12.0,"turns":4.0},{"damage":0,"enemies":"Large Slime","floor":13,"turns":3},{"damage":0,"enemies":"Slime Boss","floor":16,"turns":8},{"damage":20,"enemies":"2 Thieves","floor":18,"turns":5},{"damage":2,"enemies":"Spheric Guardian","floor":22,"turns":4},{"damage":2,"enemies":"Snake Plant","floor":24,"turns":6},{"damage":21,"enemies":"Gremlin Leader","floor":28,"turns":7},{"damage":1,"enemies":"Centurion and Healer","floor":30,"turns":3},{"damage":12,"enemies":"Sentry and Sphere","floor":31,"turns":2}],"seed_played":"-5056979378582276548","potions_obtained":[{"floor":2.0,"key":"FearPotion"},{"floor":5.0,"key":"Swift Potion"},{"floor":12.0,"key":"Explosive Potion"},{"floor":16,"key":"Strength Potion"},{"floor":22,"key":"GamblersBrew"},{"floor":28,"key":"Swift Potion"}],"is_trial":false,"path_per_floor":["M","M","M","M","M","R","E","R","T","E","R","E","M","?","R","B",null,"M","?","$","?","M","R","M","R","T","R","E","$","M","M"],"character_chosen":"DEFECT","items_purchased":["Capacitor","Chemical X","Skim+1","Energy Potion"],"campfire_rested":0,"item_purchase_floors":[20,20,29,29],"current_hp_per_floor":[64,64,62,59,57,57,43,43,43,32,32,28,28,28,28,28,55,35,35,35,35,33,33,31,31,31,31,10,10,9,0],"gold":28,"neow_bonus":"TRANSFORM_TWO_CARDS","is_prod":false,"is_daily":false,"chose_seed":false,"campfire_upgraded":7,"win_rate":0,"timestamp":1631657232,"path_taken":["M","M","M","M","M","R","E","R","T","E","R","E","M","?","R","BOSS","M","?","$","?","M","R","?","R","T","R","E","$","M","M"],"build_version":"2020-12-22","purchased_purges":1,"victory":false,"max_hp_per_floor":[64,64,64,64,64,64,64,64,64,64,64,64,64,64,64,64,64,64,64,64,64,64,64,64,64,64,64,64,64,64,64],"card_choices":[{"not_picked":["Stack","Melter"],"picked":"Compile Driver","floor":1.0},{"not_picked":["Gash","Auto Shields"],"picked":"Coolheaded","floor":2.0},{"not_picked":["Chill","Steam"],"picked":"Hologram","floor":3.0},{"not_picked":["Chill","Reprogram"],"picked":"Cold Snap","floor":4.0},{"not_picked":["Conserve Battery","Melter"],"picked":"Ball Lightning","floor":5.0},{"not_picked":["Steam","FTL"],"picked":"Conserve Battery","floor":7.0},{"not_picked":["Steam Power","Compile Driver"],"picked":"Reinforced Body","floor":10.0},{"not_picked":["Ball Lightning","Double Energy","Hello World"],"picked":"SKIP","floor":12.0},{"not_picked":["Skim","Rebound"],"picked":"Creative AI","floor":13},{"not_picked":["Buffer","Machine Learning"],"picked":"Fission","floor":16},{"not_picked":[],"picked":"Double Energy","floor":18},{"not_picked":["Gash"],"picked":"SKIP","floor":22},{"not_picked":["Darkness"],"picked":"SKIP","floor":24},{"not_picked":[],"picked":"Sweeping Beam+1","floor":28},{"not_picked":[],"picked":"Steam+1","floor":30}],"player_experience":856609,"relics_obtained":[{"floor":7.0,"key":"Darkstone Periapt"},{"floor":9.0,"key":"Whetstone"},{"floor":10.0,"key":"DataDisk"},{"floor":12.0,"key":"Orichalcum"},{"floor":26,"key":"Toxic Egg 2"},{"floor":28,"key":"Bag of Marbles"}],"event_choices":[{"damage_healed":0,"gold_gain":0,"player_choice":"Ignored","damage_taken":0,"max_hp_gain":0,"max_hp_loss":0,"event_name":"Liars Game","floor":14,"gold_loss":0},{"damage_healed":0,"gold_gain":0,"player_choice":"Ignored","damage_taken":0,"max_hp_gain":0,"max_hp_loss":0,"event_name":"Vampires","floor":19,"gold_loss":0},{"cards_removed":["Defend_B"],"damage_healed":0,"gold_gain":0,"player_choice":"Purged","damage_taken":0,"max_hp_gain":0,"max_hp_loss":0,"event_name":"Purifier","floor":21,"gold_loss":0}],"is_beta":false,"boss_relics":[{"not_picked":["SacredBark","Snecko Eye"],"picked":"Busted Crown"}],"items_purged_floors":[20],"is_endless":false,"potions_floor_spawned":[2,5,12,16,22,28,30],"killed_by":"Sentry and Sphere","ascension_level":14}