{"gold_per_floor":[111,123,134,134,152,152,173,173,173,187,206,244,6,41,41,165,165,189,189,267,9,9,9,42,42,65,81,96,135,135,149,149,274,274,292,316,329,348,105,144,169,209,235,235,276,276,93,120,120,120,120,120,45,85,85],"floor_reached":56,"playtime":3440,"items_purged":["Strike_B","Dualcast"],"score":2074,"play_id":"c2011025-4dd6-473f-b118-2e0c0c95c97b","local_time":"20210913170856","is_ascension_mode":true,"campfire_choices":[{"data":"Streamline","floor":6.0,"key":"SMITH"},{"data":"Glacier","floor":8.0,"key":"SMITH"},{"data":"Ball Lightning","floor":15.0,"key":"SMITH"},{"data":"Echo Form","floor":23.0,"key":"SMITH"},{"data":"Echo Form","floor":25.0,"key":"SMITH"},{"data":"Defragment","floor":30.0,"key":"SMITH"},{"data":"Defragment","floor":32.0,"key":"SMITH"},{"data":"Echo Form","floor":44.0,"key":"SMITH"},{"data":"Creative AI","floor":46.0,"key":"SMITH"},{"floor":49.0,"key":"RECALL"},{"data":"Skim","floor":52.0,"key":"SMITH"}],"neow_cost":"NONE","seed_source_timestamp":952867155010200,"circlet_count":0,"master_deck":["AscendersBane","Zap","Conserve Battery+1","Glacier+1","Streamline+1","BootSequence","Capacitor","Hologram","Ball Lightning+1","Cold Snap","Compile Driver","Echo Form+1","Genetic Algorithm","Defragment+1","Defragment+1","Echo Form+1","Turbo","Barrage","Go for the Eyes+1","Storm","Echo Form+1","Steam","Force Field","Steam Power","Ball Lightning","Force Field","Loop","Conserve Battery+1","Thunder Strike","Skim+1","Echo Form","Self Repair","Hologram+1","Aggregate","Creative AI+1","Heatsinks","Recycle"],"special_seed":0,"relics":["Cracked Core","Golden Idol","War Paint","Bag of Marbles","Mummified Hand","Bottled Lightning","Runic Pyramid","White Beast Statue","Toy Ornithopter","Blood Vial","Akabeko","Gremlin Horn","Pandora\u0027s Box","Orrery","Question Card","Omamori","OrangePellets","Boot","Torii"],"potions_floor_usage":[],"damage_taken":[{"damage":0.0,"enemies":"Small Slimes","floor":1.0,"turns":3.0},{"damage":7.0,"enemies":"Jaw Worm","floor":2.0,"turns":4.0},{"damage":1.0,"enemies":"Cultist","floor":3.0,"turns":5.0},{"damage":9.0,"enemies":"Exordium Thugs","floor":5.0,"turns":6.0},{"damage":5.0,"enemies":"Large Slime","floor":7.0,"turns":4.0},{"damage":2.0,"enemies":"Looter","floor":10.0,"turns":3.0},{"damage":0.0,"enemies":"Blue Slaver","floor":11.0,"turns":5.0},{"damage":4.0,"enemies":"Gremlin Nob","floor":12.0,"turns":3.0},{"damage":2.0,"enemies":"3 Sentries","floor":14.0,"turns":8.0},{"damage":27.0,"enemies":"Slime Boss","floor":16.0,"turns":11.0},{"damage":0.0,"enemies":"Chosen","floor":18.0,"turns":6.0},{"damage":6.0,"enemies":"Book of Stabbing","floor":24.0,"turns":6.0},{"damage":5.0,"enemies":"2 Thieves","floor":27.0,"turns":5.0},{"damage":2.0,"enemies":"Snake Plant","floor":28.0,"turns":4.0},{"damage":0.0,"enemies":"Gremlin Leader","floor":29.0,"turns":6.0},{"damage":0.0,"enemies":"Centurion and Healer","floor":31.0,"turns":6.0},{"damage":0.0,"enemies":"Automaton","floor":33.0,"turns":8.0},{"damage":0.0,"enemies":"3 Shapes","floor":35.0,"turns":5.0},{"damage":1.0,"enemies":"3 Darklings","floor":36.0,"turns":5.0},{"damage":12.0,"enemies":"Transient","floor":37.0,"turns":5.0},{"damage":0.0,"enemies":"Maw","floor":38.0,"turns":5.0},{"damage":0.0,"enemies":"Giant Head","floor":40.0,"turns":5.0},{"damage":22.0,"enemies":"3 Darklings","floor":41.0,"turns":5.0},{"damage":0.0,"enemies":"Nemesis","floor":42.0,"turns":5.0},{"damage":15.0,"enemies":"Reptomancer","floor":45.0,"turns":4.0},{"damage":27.0,"enemies":"Donu and Deca","floor":50.0,"turns":6.0},{"damage":19,"enemies":"Shield and Spear","floor":54,"turns":7},{"damage":13,"enemies":"The Heart","floor":55,"turns":8}],"seed_played":"8670979253405049777","potions_obtained":[{"floor":1.0,"key":"ColorlessPotion"},{"floor":3.0,"key":"AttackPotion"},{"floor":12.0,"key":"ColorlessPotion"},{"floor":16.0,"key":"SpeedPotion"},{"floor":18.0,"key":"Fire Potion"},{"floor":28.0,"key":"ColorlessPotion"},{"floor":33.0,"key":"FocusPotion"},{"floor":36.0,"key":"DuplicationPotion"},{"floor":45.0,"key":"Fruit Juice"},{"floor":54,"key":"Fire Potion"}],"is_trial":false,"path_per_floor":["M","M","M","?","M","R","M","R","T","M","M","E","$","E","R","B",null,"M","?","T","$","?","R","E","R","T","M","M","E","R","M","R","B",null,"M","M","M","M","$","E","M","E","T","R","E","R","$","T","R","B",null,"R","$","E","B",null],"character_chosen":"DEFECT","items_purchased":["Mummified Hand","Defragment","Toy Ornithopter","Orrery","Heatsinks","OrangePellets","EssenceOfSteel"],"campfire_rested":0,"item_purchase_floors":[13,21,21,39,47,47,53],"current_hp_per_floor":[68,61,60,60,51,51,46,46,46,44,44,40,40,38,38,11,55,55,55,55,55,55,55,49,49,49,46,46,48,48,50,50,57,66,68,68,57,59,59,69,61,69,69,69,69,69,69,69,69,59,70,70,70,67,70],"gold":85,"neow_bonus":"REMOVE_CARD","is_prod":false,"is_daily":false,"chose_seed":false,"campfire_upgraded":10,"win_rate":0,"timestamp":1631567336,"path_taken":["M","M","M","?","M","R","M","R","T","M","M","E","$","E","R","BOSS","M","?","?","$","?","R","E","R","T","M","M","E","R","M","R","BOSS","M","M","M","M","$","E","M","E","T","R","E","R","$","?","R","BOSS","R","$","E","BOSS"],"build_version":"2020-12-22","purchased_purges":2,"victory":true,"max_hp_per_floor":[75,75,75,69,69,69,69,69,69,69,69,69,69,69,69,69,69,69,69,69,69,69,69,69,69,69,69,69,69,69,69,69,69,69,69,69,69,69,69,69,69,69,69,69,69,69,69,69,69,74,74,74,74,74,74],"card_choices":[{"not_picked":["Chaos","Leap"],"picked":"Conserve Battery","floor":1.0},{"not_picked":["Stack","Heatsinks"],"picked":"Glacier","floor":2.0},{"not_picked":["Hello World","Reinforced Body"],"picked":"Streamline","floor":3.0},{"not_picked":["Stack","Force Field"],"picked":"BootSequence","floor":5.0},{"not_picked":["Redo","Melter"],"picked":"Capacitor","floor":7.0},{"not_picked":["Streamline","Reboot"],"picked":"Hologram","floor":10.0},{"not_picked":["Streamline","Defragment"],"picked":"Ball Lightning","floor":11.0},{"not_picked":["Streamline","Compile Driver"],"picked":"Cold Snap","floor":12.0},{"not_picked":["Steam","Cold Snap"],"picked":"Compile Driver","floor":14.0},{"not_picked":["All For One","Creative AI"],"picked":"Echo Form","floor":16.0},{"not_picked":["Compile Driver","Sweeping Beam"],"picked":"Genetic Algorithm","floor":18.0},{"not_picked":["Rip and Tear","Reinforced Body"],"picked":"Turbo","floor":24.0},{"not_picked":["Rebound","Streamline","Blizzard+1"],"picked":"SKIP","floor":27.0},{"not_picked":["Hologram+1","Gash"],"picked":"Barrage","floor":28.0},{"not_picked":["Melter+1","Sweeping Beam"],"picked":"Go for the Eyes+1","floor":29.0},{"not_picked":["Reboot","Streamline"],"picked":"Storm","floor":31.0},{"not_picked":["Buffer","Amplify"],"picked":"Echo Form","floor":33.0},{"not_picked":["Capacitor","Sweeping Beam"],"picked":"Conserve Battery+1","floor":35.0},{"not_picked":["Coolheaded+1","Undo+1","Hologram"],"picked":"SKIP","floor":36.0},{"not_picked":["Hologram","Streamline","Cold Snap+1"],"picked":"SKIP","floor":37.0},{"not_picked":["Scrape+1","Rebound+1"],"picked":"Thunder Strike","floor":38.0},{"not_picked":["Go for the Eyes","Beam Cell"],"picked":"Skim","floor":39.0},{"not_picked":["Sweeping Beam","Hyperbeam"],"picked":"Echo Form","floor":39.0},{"not_picked":["Rip and Tear+1","FTL"],"picked":"Self Repair","floor":39.0},{"not_picked":["Go for the Eyes","Scrape","Streamline"],"picked":"SKIP","floor":40.0},{"not_picked":["Leap","Sweeping Beam+1"],"picked":"Hologram+1","floor":41.0},{"not_picked":["Sunder+1","Hello World"],"picked":"Aggregate","floor":42.0},{"not_picked":["Gash","Genetic Algorithm","Cold Snap+1"],"picked":"Creative AI","floor":45.0},{"not_picked":["Ball Lightning","Skim","Glacier"],"picked":"Recycle","floor":54}],"player_experience":845005,"relics_obtained":[{"floor":9.0,"key":"War Paint"},{"floor":12.0,"key":"Bag of Marbles"},{"floor":14.0,"key":"Bottled Lightning"},{"floor":20.0,"key":"White Beast Statue"},{"floor":24.0,"key":"Blood Vial"},{"floor":26.0,"key":"Akabeko"},{"floor":29.0,"key":"Gremlin Horn"},{"floor":42.0,"key":"Question Card"},{"floor":45.0,"key":"Omamori"},{"floor":48.0,"key":"Boot"},{"floor":54,"key":"Torii"}],"event_choices":[{"damage_healed":0.0,"max_hp_gain":0.0,"max_hp_loss":6.0,"gold_gain":0.0,"event_name":"Golden Idol","player_choice":"Lose Max HP","floor":4.0,"gold_loss":0.0,"damage_taken":0.0,"relics_obtained":["Golden Idol"]},{"damage_healed":0.0,"max_hp_gain":0.0,"max_hp_loss":0.0,"gold_gain":0.0,"event_name":"The Library","player_choice":"Read","floor":19.0,"gold_loss":0.0,"damage_taken":0.0,"cards_obtained":["Defragment"]},{"damage_healed":0.0,"max_hp_gain":0.0,"max_hp_loss":0.0,"gold_gain":0.0,"event_name":"Duplicator","player_choice":"Copied","floor":22.0,"gold_loss":0.0,"damage_taken":0.0,"cards_obtained":["Echo Form"]}],"is_beta":false,"boss_relics":[{"not_picked":["Cursed Key","Tiny House"],"picked":"Runic Pyramid"},{"not_picked":["Philosopher\u0027s Stone","SacredBark"],"picked":"Pandora\u0027s Box"}],"items_purged_floors":[21,39],"is_endless":false,"potions_floor_spawned":[1,3,11,12,16,18,24,27,28,29,31,33,35,36,37,38,40,41,42,45,54],"ascension_level":11}