{"gold_per_floor":[18,34,54,70,88,88,113,125,149,149,162,162,162,176,176,249,249,264,282,282,207,220,220,235,235],"floor_reached":25,"playtime":1145,"items_purged":[],"score":408,"play_id":"4792719d-1c61-4450-8856-7ad4972c2284","local_time":"20210928202905","is_ascension_mode":true,"campfire_choices":[{"data":"Mayhem","floor":6,"key":"SMITH"},{"floor":10,"key":"REST"},{"floor":15,"key":"REST"},{"floor":23,"key":"REST"}],"neow_cost":"NO_GOLD","seed_source_timestamp":1017696634486900,"circlet_count":0,"master_deck":["AscendersBane","Strike_B","Strike_B","Strike_B+1","Defend_B","Defend_B","Defend_B","Defend_B+1","Zap","Dualcast","Mayhem+1","Cold Snap","Conserve Battery","Beam Cell","Ball Lightning+1","BootSequence","Sweeping Beam","Genetic Algorithm","White Noise","Echo Form","Fusion+1","Undo","RitualDagger","Go for the Eyes+1"],"relics":["Cracked Core","MealTicket","Ancient Tea Set","Runic Pyramid"],"potions_floor_usage":[7,19,24,25],"damage_taken":[{"damage":6,"enemies":"Small Slimes","floor":1,"turns":4},{"damage":1,"enemies":"Cultist","floor":2,"turns":3},{"damage":0,"enemies":"2 Louse","floor":3,"turns":3},{"damage":18,"enemies":"Large Slime","floor":4,"turns":9},{"damage":7,"enemies":"2 Fungi Beasts","floor":5,"turns":4},{"damage":7,"enemies":"Lagavulin","floor":7,"turns":6},{"damage":6,"enemies":"Exordium Wildlife","floor":8,"turns":3},{"damage":1,"enemies":"Lots of Slimes","floor":11,"turns":3},{"damage":0,"enemies":"Large Slime","floor":14,"turns":5},{"damage":7,"enemies":"Slime Boss","floor":16,"turns":8},{"damage":25,"enemies":"Shell Parasite","floor":18,"turns":7},{"damage":6,"enemies":"3 Byrds","floor":19,"turns":5},{"damage":15,"enemies":"Centurion and Healer","floor":22,"turns":7},{"damage":15,"enemies":"Shelled Parasite and Fungi","floor":24,"turns":8},{"damage":15,"enemies":"Book of Stabbing","floor":25,"turns":4}],"seed_played":"-4385485593264782080","potions_obtained":[{"floor":3,"key":"FearPotion"},{"floor":5,"key":"Block Potion"},{"floor":7,"key":"Strength Potion"},{"floor":18,"key":"Swift Potion"},{"floor":22,"key":"PowerPotion"},{"floor":24,"key":"Energy Potion"}],"is_trial":false,"path_per_floor":["M","M","M","M","M","R","E","M","T","R","M","?","?","M","R","B",null,"M","M","?","?","M","R","M","E"],"character_chosen":"DEFECT","items_purchased":[],"campfire_rested":3,"item_purchase_floors":[],"current_hp_per_floor":[58,57,57,39,32,32,25,19,19,40,39,18,18,18,39,32,61,36,30,24,24,9,30,15,0],"gold":235,"neow_bonus":"RANDOM_COLORLESS_2","is_prod":false,"is_daily":false,"chose_seed":false,"campfire_upgraded":1,"win_rate":0,"timestamp":1632875345,"path_taken":["M","M","M","M","M","R","E","M","T","R","M","?","?","M","R","BOSS","M","?","?","?","M","R","M","E"],"build_version":"2020-12-22","purchased_purges":0,"victory":false,"max_hp_per_floor":[71,71,71,71,71,71,71,71,71,71,71,71,71,71,71,71,71,71,71,71,71,71,71,71,71],"card_choices":[{"not_picked":["Panache","Violence"],"picked":"Mayhem","floor":0},{"not_picked":["Blizzard","Hello World","Chaos"],"picked":"SKIP","floor":1},{"not_picked":["Scrape","Undo"],"picked":"Cold Snap","floor":2},{"not_picked":["Rebound","Redo"],"picked":"Conserve Battery","floor":3},{"not_picked":["Hologram","Heatsinks"],"picked":"Beam Cell","floor":4},{"not_picked":["Turbo","Glacier"],"picked":"Ball Lightning","floor":5},{"not_picked":["Beam Cell","Compile Driver"],"picked":"BootSequence","floor":7},{"not_picked":["Compile Driver","Conserve Battery"],"picked":"Sweeping Beam","floor":8},{"not_picked":["Leap","White Noise"],"picked":"Genetic Algorithm","floor":11},{"not_picked":["Go for the Eyes","Meteor Strike"],"picked":"White Noise","floor":14},{"not_picked":["Multi-Cast","Seek"],"picked":"Echo Form","floor":16},{"not_picked":["Sunder","Stack"],"picked":"Fusion+1","floor":18},{"not_picked":["Ball Lightning","Sweeping Beam"],"picked":"Undo","floor":19},{"not_picked":["Skim","Hello World"],"picked":"Go for the Eyes+1","floor":22},{"not_picked":["Steam Power","Tempest","Streamline"],"picked":"SKIP","floor":24}],"player_experience":942559,"relics_obtained":[{"floor":7,"key":"MealTicket"},{"floor":9,"key":"Ancient Tea Set"}],"event_choices":[{"damage_healed":0,"gold_gain":0,"player_choice":"Entered Light","damage_taken":21,"max_hp_gain":0,"max_hp_loss":0,"event_name":"Shining Light","floor":12,"gold_loss":0,"cards_upgraded":["Strike_B","Defend_B"]},{"damage_healed":0,"gold_gain":0,"player_choice":"Forge","damage_taken":0,"max_hp_gain":0,"max_hp_loss":0,"event_name":"Accursed Blacksmith","floor":13,"gold_loss":0,"cards_upgraded":["Ball Lightning"]},{"damage_healed":0,"gold_gain":0,"player_choice":"Joined the Cult","damage_taken":6,"max_hp_gain":0,"max_hp_loss":0,"event_name":"Nest","floor":20,"gold_loss":0,"cards_obtained":["RitualDagger"]},{"cards_removed":["Strike_B"],"damage_healed":0,"gold_gain":0,"player_choice":"Gave Gold","damage_taken":0,"max_hp_gain":0,"max_hp_loss":0,"event_name":"Beggar","floor":21,"gold_loss":75}],"is_beta":false,"boss_relics":[{"not_picked":["Sozu","Inserter"],"picked":"Runic Pyramid"}],"items_purged_floors":[],"is_endless":false,"potions_floor_spawned":[3,5,7,14,16,18,22,24],"killed_by":"Book of Stabbing","ascension_level":19}