{"gold_per_floor":[115,115,129,129,129,129,143,156,181,219,235,235,251,282,282,282],"floor_reached":16,"playtime":625,"items_purged":[],"score":218,"play_id":"ac68909e-4249-4e0e-a3a6-a081995ad746","local_time":"20210928203946","is_ascension_mode":true,"campfire_choices":[{"data":"Cold Snap","floor":6,"key":"SMITH"},{"data":"Glacier","floor":12,"key":"SMITH"},{"data":"Zap","floor":15,"key":"SMITH"}],"neow_cost":"NONE","seed_source_timestamp":1018858098977200,"circlet_count":0,"master_deck":["AscendersBane","Strike_B","Strike_B","Strike_B","Defend_B","Defend_B","Defend_B","Defend_B","Zap+1","Dualcast","Buffer","Cold Snap+1","BootSequence","Compile Driver","Capacitor","Glacier+1","Coolheaded","Lockon"],"relics":["Cracked Core","Golden Idol","Blood Vial","Art of War","Oddly Smooth Stone"],"potions_floor_usage":[10,10,14,16],"damage_taken":[{"damage":2,"enemies":"Jaw Worm","floor":1,"turns":5},{"damage":3,"enemies":"2 Louse","floor":3,"turns":3},{"damage":0,"enemies":"Small Slimes","floor":7,"turns":4},{"damage":0,"enemies":"2 Fungi Beasts","floor":8,"turns":3},{"damage":3,"enemies":"Lagavulin","floor":10,"turns":7},{"damage":19,"enemies":"Exordium Thugs","floor":11,"turns":5},{"damage":5,"enemies":"Large Slime","floor":13,"turns":8},{"damage":14,"enemies":"3 Sentries","floor":14,"turns":10},{"damage":27,"enemies":"Hexaghost","floor":16,"turns":9}],"seed_played":"-8657696247281629041","potions_obtained":[{"floor":3,"key":"EntropicBrew"},{"floor":10,"key":"SteroidPotion"},{"floor":14,"key":"ColorlessPotion"}],"is_trial":false,"path_per_floor":["M","?","M","?","?","R","M","M","T","E","M","R","M","E","R","B"],"character_chosen":"DEFECT","items_purchased":[],"campfire_rested":0,"item_purchase_floors":[],"current_hp_per_floor":[62,55,52,57,57,57,57,57,57,56,39,39,36,24,24,0],"gold":282,"neow_bonus":"ONE_RANDOM_RARE_CARD","is_prod":false,"is_daily":false,"chose_seed":false,"campfire_upgraded":3,"win_rate":0,"timestamp":1632875986,"path_taken":["M","?","M","?","?","R","M","M","T","E","M","R","M","E","R","BOSS"],"build_version":"2020-12-22","purchased_purges":0,"victory":false,"max_hp_per_floor":[71,71,71,76,69,69,69,69,69,69,69,69,69,69,69,69],"card_choices":[{"not_picked":["Conserve Battery","Reprogram"],"picked":"Cold Snap","floor":1},{"not_picked":["Tempest","Aggregate"],"picked":"BootSequence","floor":3},{"not_picked":["Beam Cell","Double Energy"],"picked":"Compile Driver","floor":7},{"not_picked":["Rebound","Redo"],"picked":"Capacitor","floor":8},{"not_picked":["Gash","Fission"],"picked":"Glacier","floor":10},{"not_picked":["Reprogram","Reinforced Body"],"picked":"Coolheaded","floor":11},{"not_picked":["Scrape","Turbo"],"picked":"Lockon","floor":13},{"not_picked":["Sunder","Chaos","Steam"],"picked":"SKIP","floor":14}],"player_experience":943704,"relics_obtained":[{"floor":9,"key":"Blood Vial"},{"floor":10,"key":"Art of War"},{"floor":14,"key":"Oddly Smooth Stone"}],"event_choices":[{"cards_removed":["Strike_B"],"damage_healed":0,"gold_gain":0,"player_choice":"Card Removal","damage_taken":7,"max_hp_gain":0,"max_hp_loss":0,"event_name":"Golden Wing","floor":2,"gold_loss":0},{"damage_healed":0,"gold_gain":0,"player_choice":"Donut","damage_taken":0,"max_hp_gain":5,"max_hp_loss":0,"event_name":"Big Fish","floor":4,"gold_loss":0},{"damage_healed":0,"gold_gain":0,"player_choice":"Lose Max HP","damage_taken":0,"relics_obtained":["Golden Idol"],"max_hp_gain":0,"max_hp_loss":7,"event_name":"Golden Idol","floor":5,"gold_loss":0}],"is_beta":false,"boss_relics":[],"items_purged_floors":[],"is_endless":false,"potions_floor_spawned":[3,10,13,14],"killed_by":"Hexaghost","ascension_level":19}