{"gold_per_floor":[119,134,134,154,164,164,196,196,196,121,121,147,166,198,198,272,272,290,234,245,256,35,35,65,80,80,80,91,91],"floor_reached":29,"playtime":1260,"items_purged":["Strike_B"],"score":504,"play_id":"59275ad6-00ee-44d1-a704-9431db4c94e0","local_time":"20210924151443","is_ascension_mode":true,"campfire_choices":[{"floor":6,"key":"REST"},{"data":"Melter","floor":11,"key":"SMITH"},{"floor":15,"key":"REST"},{"data":"Biased Cognition","floor":23,"key":"SMITH"}],"neow_cost":"NONE","seed_source_timestamp":653122582281900,"circlet_count":0,"master_deck":["AscendersBane","Strike_B","Strike_B","Strike_B","Defend_B","Defend_B","Defend_B","Defend_B","Zap","Dualcast","Doom and Gloom+1","Cold Snap","Glacier","Conserve Battery","Leap","Melter+1","Hologram","Barrage","Biased Cognition+1","Machine Learning","Capacitor","Defragment","Genetic Algorithm","Coolheaded","Coolheaded"],"relics":["Cracked Core","Bag of Marbles","Mummified Hand","Mercury Hourglass","MealTicket","SlaversCollar","Shovel","OrangePellets","PreservedInsect","Frozen Egg 2","Sundial"],"potions_floor_usage":[12,20,24,28],"damage_taken":[{"damage":16,"enemies":"Small Slimes","floor":1,"turns":3},{"damage":2,"enemies":"Jaw Worm","floor":2,"turns":4},{"damage":1,"enemies":"Cultist","floor":4,"turns":4},{"damage":24,"enemies":"Gremlin Gang","floor":5,"turns":4},{"damage":9,"enemies":"3 Sentries","floor":7,"turns":6},{"damage":6,"enemies":"Lagavulin","floor":12,"turns":6},{"damage":3,"enemies":"Exordium Thugs","floor":13,"turns":3},{"damage":32,"enemies":"Gremlin Nob","floor":14,"turns":4},{"damage":16,"enemies":"The Guardian","floor":16,"turns":10},{"damage":5,"enemies":"Chosen","floor":18,"turns":5},{"damage":16,"enemies":"Shell Parasite","floor":20,"turns":4},{"damage":0,"enemies":"Sentry and Sphere","floor":21,"turns":4},{"damage":32,"enemies":"Book of Stabbing","floor":24,"turns":6},{"damage":0,"enemies":"Centurion and Healer","floor":25,"turns":6},{"damage":1,"enemies":"3 Cultists","floor":28,"turns":3},{"damage":24,"enemies":"Shelled Parasite and Fungi","floor":29,"turns":1}],"seed_played":"-7946512282818240609","potions_obtained":[{"floor":2,"key":"FearPotion"},{"floor":5,"key":"PotionOfCapacity"},{"floor":14,"key":"DistilledChaos"},{"floor":24,"key":"SpeedPotion"},{"floor":25,"key":"Fire Potion"}],"is_trial":false,"path_per_floor":["M","M","?","M","M","R","E","?","T","$","R","E","M","E","R","B",null,"M","?","M","M","$","R","E","M","T","T","M","M"],"character_chosen":"DEFECT","items_purchased":["OrangePellets","Block Potion"],"campfire_rested":2,"item_purchase_floors":[22,22],"current_hp_per_floor":[48,46,46,45,21,42,33,56,56,56,56,50,47,15,36,20,58,53,53,37,37,52,52,20,20,20,20,19,0],"gold":91,"neow_bonus":"THREE_CARDS","is_prod":false,"is_daily":false,"chose_seed":false,"campfire_upgraded":2,"win_rate":0,"timestamp":1632510883,"path_taken":["M","M","?","M","M","R","E","?","T","$","R","E","M","E","R","BOSS","M","?","M","?","$","R","E","?","T","?","M","?"],"build_version":"2020-12-22","purchased_purges":1,"victory":false,"max_hp_per_floor":[71,71,71,71,71,71,71,71,71,71,71,71,71,71,71,71,71,71,71,71,71,71,71,71,71,71,71,71,71],"card_choices":[{"not_picked":["Coolheaded","Glacier"],"picked":"Doom and Gloom","floor":0},{"not_picked":["Go for the Eyes","Auto Shields"],"picked":"Cold Snap","floor":1},{"not_picked":["Leap","Barrage"],"picked":"Glacier","floor":2},{"not_picked":["Beam Cell","Coolheaded"],"picked":"Conserve Battery","floor":4},{"not_picked":["Sweeping Beam","Rebound"],"picked":"Leap","floor":5},{"not_picked":["Rainbow","Coolheaded"],"picked":"Melter","floor":7},{"not_picked":["Gash","Consume"],"picked":"Hologram","floor":12},{"not_picked":["Undo","Static Discharge"],"picked":"Barrage","floor":13},{"not_picked":["Turbo","Compile Driver"],"picked":"Biased Cognition","floor":14},{"not_picked":["Fission","Hyperbeam"],"picked":"Machine Learning","floor":16},{"not_picked":["Hello World","Stack"],"picked":"Capacitor","floor":18},{"not_picked":["BootSequence","Streamline"],"picked":"Defragment","floor":20},{"not_picked":["Chaos","Ball Lightning"],"picked":"Genetic Algorithm","floor":21},{"not_picked":["Go for the Eyes","FTL"],"picked":"Coolheaded","floor":24},{"not_picked":["Turbo","Conserve Battery"],"picked":"Coolheaded","floor":25},{"not_picked":["Doom and Gloom","Recycle","Rebound"],"picked":"SKIP","floor":28}],"player_experience":928002,"relics_obtained":[{"floor":7,"key":"Bag of Marbles"},{"floor":9,"key":"Mummified Hand"},{"floor":12,"key":"Mercury Hourglass"},{"floor":14,"key":"MealTicket"},{"floor":24,"key":"PreservedInsect"},{"floor":26,"key":"Frozen Egg 2"},{"floor":27,"key":"Sundial"}],"event_choices":[{"damage_healed":0,"gold_gain":0,"player_choice":"Grow","damage_taken":0,"max_hp_gain":0,"max_hp_loss":0,"event_name":"Living Wall","floor":3,"gold_loss":0,"cards_upgraded":["Doom and Gloom"]},{"damage_healed":23,"gold_gain":0,"player_choice":"Banana","damage_taken":0,"max_hp_gain":0,"max_hp_loss":0,"event_name":"Big Fish","floor":8,"gold_loss":0},{"damage_healed":0,"gold_gain":0,"player_choice":"Paid Gold","damage_taken":0,"relics_obtained":["Shovel"],"max_hp_gain":0,"max_hp_loss":0,"event_name":"WeMeetAgain","floor":19,"gold_loss":56}],"is_beta":false,"boss_relics":[{"not_picked":["SacredBark","Snecko Eye"],"picked":"SlaversCollar"}],"items_purged_floors":[10],"is_endless":false,"potions_floor_spawned":[2,5,14,24,25],"killed_by":"Shelled Parasite and Fungi","ascension_level":18}