{"gold_per_floor":[116,116,130,147,147,147,147,165,165,179,206,37,37,93,93,167,167,180,14,31,31,31,31,47,47,47,61,61,61,91,122,122,193,193,205,205,205,221,240,240],"floor_reached":40,"playtime":1915,"items_purged":[],"score":775,"play_id":"10a27aa5-b87a-4709-a26c-992711878211","local_time":"20210924154647","is_ascension_mode":true,"campfire_choices":[{"data":"Go for the Eyes","floor":6,"key":"SMITH"},{"floor":15,"key":"REST"},{"data":"Barrage","floor":23,"key":"SMITH"},{"data":"Zap","floor":25,"key":"SMITH"},{"floor":32,"key":"REST"}],"neow_cost":"NONE","seed_source_timestamp":654391682125300,"circlet_count":0,"master_deck":["AscendersBane","Defend_B","Defend_B","Defend_B","Zap+1","Dualcast","FTL","Go for the Eyes+1","Beam Cell","Genetic Algorithm","Barrage+1","Rip and Tear+1","Multi-Cast+1","Cold Snap+1","Reboot+1","Tempest+1","Steam+1","Conserve Battery+1","Capacitor","Turbo+1","Fission+1","Creative AI","Double Energy+1","Conserve Battery+1","Double Energy+1","Reinforced Body+1","Coolheaded+1","Consume+1"],"relics":["Cracked Core","Orichalcum","Toxic Egg 2","Toolbox","Runic Pyramid","Chemical X","The Courier","Ginger","Astrolabe"],"potions_floor_usage":[14,30,33,40,40],"damage_taken":[{"damage":0,"enemies":"Cultist","floor":1,"turns":3},{"damage":9,"enemies":"2 Louse","floor":3,"turns":2},{"damage":11,"enemies":"Small Slimes","floor":4,"turns":3},{"damage":11,"enemies":"Exordium Thugs","floor":8,"turns":4},{"damage":10,"enemies":"3 Louse","floor":10,"turns":4},{"damage":24,"enemies":"3 Sentries","floor":11,"turns":11},{"damage":0,"enemies":"Lots of Slimes","floor":14,"turns":2},{"damage":8,"enemies":"Hexaghost","floor":16,"turns":10},{"damage":10,"enemies":"Spheric Guardian","floor":18,"turns":6},{"damage":11,"enemies":"3 Byrds","floor":20,"turns":5},{"damage":0,"enemies":"Snecko","floor":24,"turns":3},{"damage":6,"enemies":"Sentry and Sphere","floor":27,"turns":5},{"damage":22,"enemies":"Slavers","floor":30,"turns":3},{"damage":3,"enemies":"Shelled Parasite and Fungi","floor":31,"turns":3},{"damage":15,"enemies":"Automaton","floor":33,"turns":13},{"damage":1,"enemies":"Orb Walker","floor":35,"turns":2},{"damage":20,"enemies":"3 Darklings","floor":38,"turns":4},{"damage":8,"enemies":"Jaw Worm Horde","floor":39,"turns":7},{"damage":39,"enemies":"Reptomancer","floor":40,"turns":2}],"seed_played":"-5896264370804370986","potions_obtained":[{"floor":4,"key":"LiquidMemories"},{"floor":14,"key":"SpeedPotion"},{"floor":20,"key":"Weak Potion"},{"floor":27,"key":"Energy Potion"},{"floor":33,"key":"GamblersBrew"},{"floor":38,"key":"Explosive Potion"},{"floor":39,"key":"PowerPotion"}],"is_trial":false,"path_per_floor":["M","?","M","M","?","R","?","M","T","M","E","$","?","M","R","B",null,"M","$","M","?","?","R","M","R","T","M","?","?","E","M","R","B",null,"M","?","?","M","M","E"],"character_chosen":"DEFECT","items_purchased":["Toolbox","Chemical X"],"campfire_rested":2,"item_purchase_floors":[12,19],"current_hp_per_floor":[64,64,55,44,44,44,49,38,38,28,4,4,4,4,26,18,62,52,52,41,41,41,41,41,41,41,35,35,29,7,4,26,11,60,59,59,59,39,31,0],"gold":240,"neow_bonus":"THREE_CARDS","is_prod":false,"is_daily":false,"chose_seed":false,"campfire_upgraded":3,"win_rate":0,"timestamp":1632512807,"path_taken":["M","?","M","M","?","R","?","?","T","M","E","$","?","M","R","BOSS","M","?","?","?","?","R","M","R","T","M","?","?","E","?","R","BOSS","M","?","?","M","M","E"],"build_version":"2020-12-22","purchased_purges":0,"victory":false,"max_hp_per_floor":[71,71,71,71,71,71,76,76,76,76,76,76,76,76,76,76,76,76,76,76,76,76,76,76,76,76,76,76,76,76,76,76,76,76,76,76,76,76,76,76],"card_choices":[{"not_picked":["Heatsinks","Gash"],"picked":"Cold Snap","floor":0},{"not_picked":["Hologram","Aggregate"],"picked":"FTL","floor":1},{"not_picked":["Gash","Redo"],"picked":"Go for the Eyes","floor":3},{"not_picked":["Hologram","Steam"],"picked":"Beam Cell","floor":4},{"not_picked":["Undo","Barrage"],"picked":"Genetic Algorithm","floor":8},{"not_picked":["Hologram","All For One"],"picked":"Barrage","floor":10},{"not_picked":["Fusion+1","Rebound"],"picked":"Rip and Tear","floor":11},{"not_picked":["Melter","Hello World","Gash"],"picked":"SKIP","floor":14},{"not_picked":["Rainbow+1","Buffer"],"picked":"Multi-Cast+1","floor":16},{"not_picked":["Rebound","Compile Driver"],"picked":"Cold Snap+1","floor":18},{"not_picked":["Stack+1","Rebound","Storm"],"picked":"SKIP","floor":20},{"not_picked":["Melter","Compile Driver"],"picked":"Steam+1","floor":24},{"not_picked":["Cold Snap","Undo+1"],"picked":"Conserve Battery+1","floor":27},{"not_picked":["Beam Cell+1","Redo+1"],"picked":"Turbo+1","floor":30},{"not_picked":["Cold Snap","Gash"],"picked":"Fission+1","floor":31},{"not_picked":["Hyperbeam","Meteor Strike"],"picked":"Creative AI","floor":33},{"not_picked":["Melter","Ball Lightning"],"picked":"Reinforced Body+1","floor":35},{"not_picked":["Barrage","Turbo+1"],"picked":"Coolheaded+1","floor":38},{"not_picked":["Auto Shields+1","Darkness+1"],"picked":"Consume+1","floor":39}],"player_experience":929262,"relics_obtained":[{"floor":9,"key":"Orichalcum"},{"floor":11,"key":"Toxic Egg 2"},{"floor":26,"key":"The Courier"},{"floor":30,"key":"Ginger"}],"event_choices":[{"damage_healed":0,"gold_gain":0,"player_choice":"Grow","damage_taken":0,"max_hp_gain":0,"max_hp_loss":0,"event_name":"Living Wall","floor":2,"gold_loss":0,"cards_upgraded":["Cold Snap"]},{"damage_healed":0,"gold_gain":0,"player_choice":"Ignored","damage_taken":0,"max_hp_gain":0,"max_hp_loss":0,"event_name":"Liars Game","floor":5,"gold_loss":0},{"damage_healed":0,"gold_gain":0,"player_choice":"Donut","damage_taken":0,"max_hp_gain":5,"max_hp_loss":0,"event_name":"Big Fish","floor":7,"gold_loss":0},{"damage_healed":0,"gold_gain":0,"player_choice":"Upgraded","damage_taken":0,"max_hp_gain":0,"max_hp_loss":0,"event_name":"Upgrade Shrine","floor":13,"gold_loss":0,"cards_upgraded":["Rip and Tear"]},{"damage_healed":0,"gold_gain":0,"cards_transformed":["Strike_B","Strike_B"],"player_choice":"Became Test Subject","damage_taken":0,"max_hp_gain":0,"max_hp_loss":0,"event_name":"Drug Dealer","floor":21,"gold_loss":0,"cards_obtained":["Reboot","Tempest"]},{"damage_healed":0,"gold_gain":0,"player_choice":"Ignored","damage_taken":0,"max_hp_gain":0,"max_hp_loss":0,"event_name":"The Mausoleum","floor":22,"gold_loss":0},{"damage_healed":0,"gold_gain":0,"player_choice":"Read","damage_taken":0,"max_hp_gain":0,"max_hp_loss":0,"event_name":"The Library","floor":28,"gold_loss":0,"cards_obtained":["Capacitor"]},{"damage_healed":0,"gold_gain":0,"player_choice":"","damage_taken":6,"max_hp_gain":0,"max_hp_loss":0,"event_name":"Knowing Skull","floor":29,"potions_obtained":[],"gold_loss":0,"cards_obtained":[]},{"cards_removed":["Cold Snap"],"damage_healed":0,"gold_gain":0,"player_choice":"Removed Attack","damage_taken":0,"max_hp_gain":0,"max_hp_loss":0,"event_name":"Falling","floor":36,"gold_loss":0},{"damage_healed":0,"gold_gain":0,"player_choice":"Ignored","damage_taken":0,"max_hp_gain":0,"max_hp_loss":0,"event_name":"Tomb of Lord Red Mask","floor":37,"gold_loss":0}],"is_beta":false,"boss_relics":[{"not_picked":["FrozenCore","SacredBark"],"picked":"Runic Pyramid"},{"not_picked":["Nuclear Battery","Inserter"],"picked":"Astrolabe"}],"items_purged_floors":[],"is_endless":false,"potions_floor_spawned":[4,14,20,24,27,33,38,39],"killed_by":"Reptomancer","ascension_level":18}