{"gold_per_floor":[109,184,204,215,225,225,241,274,274,289,289,214,234,234,234,311,311,331,341,391,139,153,153,68,95,121,155,155,76,85,17,17,102,102,122,132,1149,1167,722,722,722],"floor_reached":41,"playtime":2604,"items_purged":["Strike_B","Normality"],"score":878,"play_id":"3e961737-7ac3-40f5-9600-aca56e4fc850","local_time":"20210924104607","is_ascension_mode":true,"campfire_choices":[{"floor":6,"key":"REST"},{"data":"Defragment","floor":11,"key":"SMITH"},{"floor":15,"key":"REST"},{"floor":23,"key":"REST"},{"floor":32,"key":"REST"},{"floor":40,"key":"REST"}],"neow_cost":"NONE","seed_source_timestamp":635661896931000,"circlet_count":0,"master_deck":["AscendersBane","Strike_B","Strike_B","Defend_B","Defend_B","Defend_B","Defend_B","Zap","Dualcast+1","Rainbow+1","Rebound","Defragment+1","Barrage","Ball Lightning","Reinforced Body","Cold Snap","Conserve Battery+1","Reboot+1","Reinforced Body+1","Compile Driver","Turbo+1","White Noise+1","Coolheaded+1","Hologram+1","Coolheaded+1","Defragment+1","Decay","Aggregate+1","Seek+1","Normality","Secret Technique+1","Bandage Up+1","Capacitor+1","Force Field+1"],"relics":["Cracked Core","War Paint","Toxic Egg 2","Frozen Egg 2","Philosopher\u0027s Stone","CeramicFish","Bronze Scales","TungstenRod","Nuclear Battery","Membership Card","PreservedInsect"],"potions_floor_usage":[16,19,25,41,41],"damage_taken":[{"damage":2,"enemies":"Jaw Worm","floor":1,"turns":4},{"damage":6,"enemies":"Small Slimes","floor":3,"turns":3},{"damage":8,"enemies":"2 Louse","floor":4,"turns":2},{"damage":11,"enemies":"Blue Slaver","floor":5,"turns":4},{"damage":7,"enemies":"Looter","floor":7,"turns":3},{"damage":13,"enemies":"Lagavulin","floor":8,"turns":7},{"damage":32,"enemies":"Exordium Wildlife","floor":10,"turns":5},{"damage":5,"enemies":"Exordium Thugs","floor":13,"turns":5},{"damage":0,"enemies":"The Guardian","floor":16,"turns":10},{"damage":12,"enemies":"Chosen","floor":18,"turns":6},{"damage":27,"enemies":"3 Byrds","floor":19,"turns":5},{"damage":2,"enemies":"Sentry and Sphere","floor":22,"turns":6},{"damage":3,"enemies":"Centurion and Healer","floor":25,"turns":6},{"damage":10,"enemies":"Book of Stabbing","floor":27,"turns":5},{"damage":38,"enemies":"Collector","floor":33,"turns":13},{"damage":0,"enemies":"Orb Walker","floor":35,"turns":4},{"damage":8,"enemies":"3 Shapes","floor":36,"turns":6},{"damage":77,"enemies":"Transient","floor":41,"turns":6}],"seed_played":"8538314221866543261","potions_obtained":[{"floor":4,"key":"Strength Potion"},{"floor":7,"key":"FairyPotion"},{"floor":8,"key":"FocusPotion"},{"floor":16,"key":"Dexterity Potion"},{"floor":18,"key":"PowerPotion"},{"floor":27,"key":"GamblersBrew"}],"is_trial":false,"path_per_floor":["M","?","M","M","M","R","M","E","T","M","R","?","M","?","R","B",null,"M","M","?","$","M","R","?","M","T","E","T","$","?","$","R","B",null,"M","M","?","?","$","R","M"],"character_chosen":"DEFECT","items_purchased":["Turbo+1","White Noise+1","Energy Potion","Defragment+1","Aggregate+1","Membership Card","Capacitor+1","PreservedInsect","Force Field+1","Swift Potion","LiquidMemories"],"campfire_rested":5,"item_purchase_floors":[21,21,21,29,31,39,39,39,39,39,39],"current_hp_per_floor":[62,51,45,37,26,47,40,27,27,21,21,21,16,11,32,32,61,49,22,22,22,20,41,41,38,38,28,28,28,28,28,49,11,56,56,48,48,39,39,60,0],"gold":722,"neow_bonus":"ONE_RANDOM_RARE_CARD","is_prod":false,"is_daily":false,"chose_seed":false,"campfire_upgraded":1,"win_rate":0,"timestamp":1632494767,"path_taken":["M","?","M","M","M","R","M","E","T","M","R","?","M","?","R","BOSS","M","M","?","$","M","R","?","M","T","E","?","$","?","?","R","BOSS","M","M","?","?","$","R","M"],"build_version":"2020-12-22","purchased_purges":2,"victory":false,"max_hp_per_floor":[71,71,71,71,71,71,71,71,71,71,71,71,71,71,71,71,71,71,71,71,71,71,71,71,71,71,71,71,71,71,71,71,71,71,71,71,71,71,71,71,71],"card_choices":[{"not_picked":["Hologram","Aggregate"],"picked":"Rebound","floor":1},{"not_picked":["Ball Lightning","Recycle"],"picked":"Defragment","floor":3},{"not_picked":["Hologram","Coolheaded"],"picked":"Barrage","floor":4},{"not_picked":["Hologram","Steam"],"picked":"Ball Lightning","floor":5},{"not_picked":["Aggregate","Rebound","Beam Cell"],"picked":"SKIP","floor":7},{"not_picked":["Fission","Loop"],"picked":"Reinforced Body","floor":8},{"not_picked":["Go for the Eyes","Turbo+1"],"picked":"Cold Snap","floor":10},{"not_picked":["Aggregate+1","BootSequence+1"],"picked":"Conserve Battery+1","floor":13},{"not_picked":["Thunder Strike","Amplify+1"],"picked":"Reboot+1","floor":16},{"not_picked":["Capacitor+1","Consume+1"],"picked":"Reinforced Body+1","floor":18},{"not_picked":["Heatsinks+1","Static Discharge+1"],"picked":"Compile Driver","floor":19},{"not_picked":["Sweeping Beam","Aggregate+1"],"picked":"Coolheaded+1","floor":22},{"not_picked":["FTL","Loop+1"],"picked":"Hologram+1","floor":25},{"not_picked":["Hyperbeam","Cold Snap"],"picked":"Coolheaded+1","floor":27},{"not_picked":["Core Surge","Amplify+1"],"picked":"Seek+1","floor":33},{"not_picked":["Steam+1","Beam Cell","Cold Snap"],"picked":"SKIP","floor":35},{"not_picked":["Beam Cell","Ball Lightning","Gash+1"],"picked":"SKIP","floor":36},{"not_picked":["Discovery+1","Enlightenment+1"],"picked":"Secret Technique+1","floor":38},{"not_picked":["Trip+1","Impatience+1"],"picked":"Bandage Up+1","floor":38}],"player_experience":921562,"relics_obtained":[{"floor":8,"key":"War Paint"},{"floor":9,"key":"Toxic Egg 2"},{"floor":26,"key":"Bronze Scales"},{"floor":27,"key":"TungstenRod"}],"event_choices":[{"damage_healed":0,"gold_gain":75,"player_choice":"Gather Gold","damage_taken":11,"max_hp_gain":0,"max_hp_loss":0,"event_name":"World of Goop","floor":2,"gold_loss":0},{"cards_removed":["Strike_B"],"damage_healed":0,"gold_gain":0,"player_choice":"Card Removal","damage_taken":0,"max_hp_gain":0,"max_hp_loss":0,"event_name":"The Cleric","floor":12,"gold_loss":75},{"damage_healed":0,"gold_gain":0,"player_choice":"Success","damage_taken":5,"relics_obtained":["Frozen Egg 2"],"max_hp_gain":0,"max_hp_loss":0,"event_name":"Scrap Ooze","floor":14,"gold_loss":0},{"damage_healed":0,"gold_gain":50,"player_choice":"Stole From Cult","damage_taken":0,"max_hp_gain":0,"max_hp_loss":0,"event_name":"Nest","floor":20,"gold_loss":0},{"damage_healed":0,"gold_gain":0,"player_choice":"Obtained Relic","damage_taken":0,"relics_obtained":["CeramicFish"],"max_hp_gain":0,"max_hp_loss":0,"event_name":"Addict","floor":24,"gold_loss":85},{"damage_healed":0,"gold_gain":0,"player_choice":"Smashed Altar","damage_taken":0,"max_hp_gain":0,"max_hp_loss":0,"event_name":"Forgotten Altar","floor":30,"gold_loss":0,"cards_obtained":["Decay"]},{"damage_healed":0,"gold_gain":999,"player_choice":"Gold","damage_taken":0,"max_hp_gain":0,"max_hp_loss":0,"event_name":"MindBloom","floor":37,"gold_loss":0,"cards_obtained":["Normality","Normality"]},{"damage_healed":0,"gold_gain":0,"player_choice":"Memory 3","damage_taken":10,"max_hp_gain":0,"max_hp_loss":0,"event_name":"SensoryStone","floor":38,"gold_loss":0}],"is_beta":false,"boss_relics":[{"not_picked":["Busted Crown","Tiny House"],"picked":"Philosopher\u0027s Stone"},{"not_picked":["Calling Bell","Velvet Choker"],"picked":"Nuclear Battery"}],"items_purged_floors":[21,39],"is_endless":false,"potions_floor_spawned":[4,7,8,16,18,27,35],"killed_by":"Transient","ascension_level":17}