{"gold_per_floor":[123,153,165,177,208,253,285,297,309,348,377,389,433,456,468,553,565,591,603,379,304,318,345,345,370,370,370,405,405,405,417,417,496,496,507,80,98,114,336,365,365,365,365,379,408,426,426,439,439,439,439,439,24,24],"floor_reached":54,"playtime":5806,"items_purged":["Strike_B","Pain","Dualcast"],"score":1555,"play_id":"cbb53f29-7a4b-4a52-9bcc-566a188739ad","local_time":"20210925145132","is_ascension_mode":true,"campfire_choices":[{"data":"Ball Lightning","floor":8.0,"key":"SMITH"},{"floor":15.0,"key":"REST"},{"data":"Biased Cognition","floor":24.0,"key":"SMITH"},{"floor":27.0,"key":"REST"},{"data":"Defragment","floor":30.0,"key":"SMITH"},{"data":"Conserve Battery","floor":32.0,"key":"SMITH"},{"floor":42.0,"key":"REST"},{"floor":47,"key":"REST"},{"floor":49,"key":"RECALL"},{"data":"Seek","floor":52,"key":"SMITH"}],"neow_cost":"NONE","seed_source_timestamp":733578004171400,"circlet_count":0,"master_deck":["AscendersBane","Strike_B","Defend_B","Defend_B","Defend_B","Defend_B+1","Zap+1","Chill","Ball Lightning+1","Defragment+1","Go for the Eyes","Leap","Echo Form","Ball Lightning+1","Cold Snap+1","Cold Snap+1","Biased Cognition+1","Coolheaded","Conserve Battery+1","Barrage+1","Skim","Turbo","Glacier","Seek+1","Consume+1","Hologram+1","Decay","Lockon+1","Creative AI","Self Repair","Capacitor","Barrage+1","Aggregate"],"special_seed":0,"relics":["Cracked Core","MawBank","Question Card","Molten Egg 2","Blue Candle","Shuriken","Cursed Key","Lee\u0027s Waffle","Nunchaku","Incense Burner","Bag of Preparation","Red Mask","Nuclear Battery","Runic Capacitor","Orichalcum","Regal Pillow","Ginger","TheAbacus"],"potions_floor_usage":[54,54],"damage_taken":[{"damage":2.0,"enemies":"Jaw Worm","floor":1.0,"turns":3.0},{"damage":0.0,"enemies":"2 Louse","floor":2.0,"turns":3.0},{"damage":0.0,"enemies":"Cultist","floor":5.0,"turns":3.0},{"damage":12.0,"enemies":"Lagavulin","floor":6.0,"turns":5.0},{"damage":3.0,"enemies":"Looter","floor":7.0,"turns":3.0},{"damage":6.0,"enemies":"Gremlin Nob","floor":10.0,"turns":3.0},{"damage":5.0,"enemies":"Exordium Wildlife","floor":11.0,"turns":4.0},{"damage":6.0,"enemies":"3 Sentries","floor":13.0,"turns":7.0},{"damage":0.0,"enemies":"3 Louse","floor":14.0,"turns":4.0},{"damage":5.0,"enemies":"The Guardian","floor":16.0,"turns":11.0},{"damage":15.0,"enemies":"Shell Parasite","floor":18.0,"turns":5.0},{"damage":2.0,"enemies":"Spheric Guardian","floor":22.0,"turns":4.0},{"damage":30.0,"enemies":"Slavers","floor":23.0,"turns":6.0},{"damage":37.0,"enemies":"Book of Stabbing","floor":25.0,"turns":5.0},{"damage":1.0,"enemies":"Masked Bandits","floor":28.0,"turns":3.0},{"damage":1.0,"enemies":"Cultist and Chosen","floor":31.0,"turns":7.0},{"damage":3.0,"enemies":"Collector","floor":33.0,"turns":12.0},{"damage":1.0,"enemies":"3 Darklings","floor":35.0,"turns":5.0},{"damage":0.0,"enemies":"3 Shapes","floor":37.0,"turns":5.0},{"damage":0.0,"enemies":"Transient","floor":38.0,"turns":6.0},{"damage":36.0,"enemies":"Nemesis","floor":40.0,"turns":7.0},{"damage":6,"enemies":"Spire Growth","floor":44,"turns":7},{"damage":0,"enemies":"Giant Head","floor":45,"turns":9},{"damage":13,"enemies":"Writhing Mass","floor":46,"turns":6},{"damage":0,"enemies":"Jaw Worm Horde","floor":48,"turns":8},{"damage":5,"enemies":"Time Eater","floor":50,"turns":12},{"damage":89,"enemies":"Shield and Spear","floor":54,"turns":8}],"seed_played":"-2907195303658492303","potions_obtained":[{"floor":5.0,"key":"Fire Potion"},{"floor":6.0,"key":"GamblersBrew"},{"floor":13.0,"key":"LiquidMemories"},{"floor":16.0,"key":"Fire Potion"},{"floor":23.0,"key":"LiquidBronze"},{"floor":25.0,"key":"Swift Potion"},{"floor":35.0,"key":"SteroidPotion"},{"floor":40.0,"key":"Explosive Potion"},{"floor":44,"key":"Explosive Potion"}],"is_trial":false,"path_per_floor":["M","M","?","?","M","E","M","R","T","E","M","?","E","M","R","B",null,"M","?","$","?","M","E","R","E","T","R","?","?","R","M","R","B",null,"M","$","M","M","?","E","?","R","T","M","E","M","R","M","R","B",null,"R","$","E"],"character_chosen":"DEFECT","items_purchased":["Lee\u0027s Waffle","Runic Capacitor","Orichalcum","Barrage+1","Aggregate","TheAbacus"],"campfire_rested":4,"item_purchase_floors":[20,36,36,53,53,53],"current_hp_per_floor":[62,62,41,41,41,29,26,26,26,20,15,15,9,9,30,25,60,45,45,78,78,76,46,46,9,9,32,31,31,31,30,30,27,65,64,64,64,64,64,28,28,66,66,60,60,47,78,78,78,78,78,78,78,0],"gold":24,"neow_bonus":"RANDOM_COMMON_RELIC","is_prod":false,"is_daily":false,"chose_seed":false,"campfire_upgraded":5,"win_rate":0,"timestamp":1632595892,"path_taken":["M","M","?","?","M","E","M","R","T","E","?","?","E","M","R","BOSS","M","?","$","?","?","E","R","E","T","R","?","?","R","?","R","BOSS","M","$","M","M","?","E","?","R","T","M","E","?","R","M","R","BOSS","R","$","E"],"build_version":"2020-12-22","purchased_purges":3,"victory":false,"max_hp_per_floor":[71,71,71,71,71,71,71,71,71,71,71,71,71,71,71,71,71,71,71,78,78,78,78,78,78,78,78,78,78,78,78,78,78,78,78,78,78,78,78,78,78,78,78,78,78,78,78,78,78,78,78,78,78,78],"card_choices":[{"not_picked":["Rebound","Turbo"],"picked":"Chill","floor":1.0},{"not_picked":["Turbo","Sunder"],"picked":"Ball Lightning","floor":2.0},{"not_picked":["Reprogram","Turbo"],"picked":"Go for the Eyes","floor":5.0},{"not_picked":["Chaos","Heatsinks","Reprogram"],"picked":"SKIP","floor":6.0},{"not_picked":["FTL","Turbo","Gash"],"picked":"Leap","floor":7.0},{"not_picked":["Coolheaded","Recycle","FTL+1"],"picked":"Echo Form","floor":10.0},{"not_picked":["Steam","Hologram","Skim"],"picked":"Ball Lightning+1","floor":11.0},{"not_picked":["Steam","Rebound+1","Hyperbeam+1"],"picked":"Cold Snap+1","floor":13.0},{"not_picked":["Beam Cell+1","Go for the Eyes+1","Storm"],"picked":"Cold Snap+1","floor":14.0},{"not_picked":["Reboot","Amplify","Machine Learning"],"picked":"Biased Cognition","floor":16.0},{"not_picked":["Steam","Storm","Redo"],"picked":"Coolheaded","floor":18.0},{"not_picked":["Storm+1","Cold Snap+1","Reprogram"],"picked":"Barrage+1","floor":22.0},{"not_picked":["FTL+1","Hologram","Doom and Gloom+1"],"picked":"Skim","floor":23.0},{"not_picked":["Fission","Doom and Gloom+1","Static Discharge+1","Consume"],"picked":"SKIP","floor":25.0},{"not_picked":["Fusion","Beam Cell+1","Lockon+1"],"picked":"Turbo","floor":28.0},{"not_picked":["Streamline+1","Rebound+1","Ball Lightning+1"],"picked":"Glacier","floor":31.0},{"not_picked":["Echo Form","Multi-Cast","Rainbow"],"picked":"Seek","floor":33.0},{"not_picked":["Lockon+1","Beam Cell+1","Go for the Eyes+1","Streamline+1"],"picked":"SKIP","floor":35.0},{"not_picked":["Fusion","Gash+1","Stack"],"picked":"Consume+1","floor":37.0},{"not_picked":["Static Discharge+1","Go for the Eyes+1","Skim"],"picked":"Hologram+1","floor":38.0},{"not_picked":["Go for the Eyes+1","All For One+1","Redo","Leap"],"picked":"SKIP","floor":40.0},{"not_picked":["BootSequence","Barrage+1","Redo"],"picked":"Lockon+1","floor":44},{"not_picked":["Coolheaded+1","Doom and Gloom+1","Aggregate"],"picked":"Creative AI","floor":45},{"not_picked":["Ball Lightning+1","Stack","Darkness"],"picked":"Self Repair","floor":46},{"not_picked":["Rebound+1","Hologram+1","Cold Snap+1"],"picked":"Capacitor","floor":48}],"player_experience":931177,"relics_obtained":[{"floor":6.0,"key":"Question Card"},{"floor":9.0,"key":"Molten Egg 2"},{"floor":10.0,"key":"Blue Candle"},{"floor":13.0,"key":"Shuriken"},{"floor":23.0,"key":"Nunchaku"},{"floor":25.0,"key":"Incense Burner"},{"floor":26.0,"key":"Bag of Preparation"},{"floor":28.0,"key":"Red Mask"},{"floor":40.0,"key":"Regal Pillow"},{"floor":45,"key":"Ginger"}],"event_choices":[{"damage_healed":0.0,"max_hp_gain":0.0,"max_hp_loss":0.0,"gold_gain":0.0,"event_name":"Shining Light","player_choice":"Entered Light","floor":3.0,"gold_loss":0.0,"damage_taken":21.0,"cards_upgraded":["Defend_B","Zap"]},{"damage_healed":0.0,"max_hp_gain":0.0,"max_hp_loss":0.0,"gold_gain":0.0,"cards_transformed":["Strike_B"],"event_name":"Transmorgrifier","player_choice":"Transformed","floor":4.0,"gold_loss":0.0,"damage_taken":0.0,"cards_obtained":["Defragment"]},{"damage_healed":0.0,"max_hp_gain":0.0,"max_hp_loss":0.0,"gold_gain":0.0,"event_name":"Liars Game","player_choice":"Ignored","floor":12.0,"gold_loss":0.0,"damage_taken":0.0},{"damage_healed":0.0,"max_hp_gain":0.0,"max_hp_loss":0.0,"gold_gain":0.0,"event_name":"The Library","player_choice":"Read","floor":19.0,"gold_loss":0.0,"damage_taken":0.0,"cards_obtained":["Conserve Battery"]},{"cards_removed":["Strike_B"],"damage_healed":0.0,"max_hp_gain":0.0,"max_hp_loss":0.0,"gold_gain":0.0,"event_name":"Beggar","player_choice":"Gave Gold","floor":21.0,"gold_loss":75.0,"damage_taken":0.0},{"damage_healed":0.0,"max_hp_gain":0.0,"max_hp_loss":0.0,"gold_gain":0.0,"event_name":"Masked Bandits","player_choice":"Fought Bandits","floor":28.0,"gold_loss":0.0,"damage_taken":0.0},{"damage_healed":0.0,"max_hp_gain":0.0,"max_hp_loss":0.0,"gold_gain":0.0,"event_name":"Wheel of Change","player_choice":"Cursed","floor":29.0,"gold_loss":0.0,"damage_taken":0.0,"cards_obtained":["Decay"]},{"damage_healed":0.0,"max_hp_gain":0.0,"max_hp_loss":0.0,"gold_gain":222.0,"event_name":"Tomb of Lord Red Mask","player_choice":"Wore Mask","floor":39.0,"gold_loss":0.0,"damage_taken":0.0},{"cards_removed":["Decay"],"damage_healed":0.0,"max_hp_gain":0.0,"max_hp_loss":0.0,"gold_gain":0.0,"event_name":"Fountain of Cleansing","player_choice":"Removed Curses","floor":41.0,"gold_loss":0.0,"damage_taken":0.0}],"is_beta":false,"boss_relics":[{"not_picked":["Tiny House","SacredBark"],"picked":"Cursed Key"},{"not_picked":["Velvet Choker","Calling Bell"],"picked":"Nuclear Battery"}],"items_purged_floors":[20,36,53],"is_endless":false,"potions_floor_spawned":[5,6,7,13,16,22,23,25,35,37,40,44],"killed_by":"Shield and Spear","ascension_level":18}