{"gold_per_floor":[112,112,37,55,69,69,103,103,103,103,128,138,152,163,163,240,240,253,282,197,208,208,208,239,239,239,239,38,38,38,69,69,146,146,159,178,70,90,90,90,120,120,120,155,170,170,187,57,57,57,57,57,0,26,26],"floor_reached":56,"playtime":4084,"items_purged":["Decay","Dualcast"],"score":2007,"play_id":"ec36b7e1-de76-4335-8760-e1a35d0f18b8","local_time":"20210923152127","is_ascension_mode":true,"campfire_choices":[{"data":"Rip and Tear","floor":6.0,"key":"SMITH"},{"data":"Cold Snap","floor":8.0,"key":"SMITH"},{"data":"Loop","floor":10.0,"key":"SMITH"},{"data":"Undo","floor":15.0,"key":"SMITH"},{"data":"Biased Cognition","floor":23.0,"key":"SMITH"},{"floor":25.0,"key":"REST"},{"data":"White Noise","floor":27.0,"key":"SMITH"},{"data":"Hologram","floor":30.0,"key":"SMITH"},{"data":"Electrodynamics","floor":32.0,"key":"SMITH"},{"floor":40.0,"key":"REST"},{"floor":42.0,"key":"REST"},{"floor":46.0,"key":"REST"},{"floor":49.0,"key":"RECALL"},{"data":"Capacitor","floor":52.0,"key":"SMITH"}],"neow_cost":"NONE","seed_source_timestamp":563787298907000,"circlet_count":0,"master_deck":["AscendersBane","Zap+1","Cold Snap+1","Rip and Tear+1","Loop+1","Sweeping Beam","Undo+1","Hologram+1","Biased Cognition+1","Loop","Electrodynamics+1","All For One","Capacitor+1","Turbo","Hyperbeam","White Noise+1","Go for the Eyes","Reinforced Body+1","Core Surge","Heatsinks+1","Echo Form+1","Conserve Battery+1","White Noise+1","Good Instincts+1","Force Field+1","Madness+1","Madness+1","BootSequence+1","White Noise+1","Recycle+1","Cold Snap"],"special_seed":0,"relics":["Cracked Core","StrikeDummy","InkBottle","Oddly Smooth Stone","Blood Vial","Pandora\u0027s Box","Red Mask","Toxic Egg 2","Matryoshka","Pen Nib","Frozen Egg 2","Kunai","Runic Pyramid","Bag of Preparation","Shuriken","Gambling Chip","Bronze Scales"],"potions_floor_usage":[55,55],"damage_taken":[{"damage":0.0,"enemies":"2 Louse","floor":1.0,"turns":3.0},{"damage":1.0,"enemies":"Small Slimes","floor":4.0,"turns":3.0},{"damage":0.0,"enemies":"Jaw Worm","floor":5.0,"turns":3.0},{"damage":21.0,"enemies":"3 Sentries","floor":7.0,"turns":5.0},{"damage":8.0,"enemies":"Lagavulin","floor":11.0,"turns":7.0},{"damage":12.0,"enemies":"Large Slime","floor":12.0,"turns":3.0},{"damage":3.0,"enemies":"2 Fungi Beasts","floor":13.0,"turns":3.0},{"damage":0.0,"enemies":"Looter","floor":14.0,"turns":3.0},{"damage":10.0,"enemies":"The Guardian","floor":16.0,"turns":10.0},{"damage":8.0,"enemies":"Chosen","floor":18.0,"turns":3.0},{"damage":8.0,"enemies":"Masked Bandits","floor":19.0,"turns":2.0},{"damage":16.0,"enemies":"3 Byrds","floor":21.0,"turns":3.0},{"damage":24.0,"enemies":"Slavers","floor":24.0,"turns":3.0},{"damage":0.0,"enemies":"Gremlin Leader","floor":31.0,"turns":3.0},{"damage":31.0,"enemies":"Collector","floor":33.0,"turns":7.0},{"damage":8.0,"enemies":"Orb Walker","floor":35.0,"turns":3.0},{"damage":0.0,"enemies":"3 Shapes","floor":36.0,"turns":6.0},{"damage":8.0,"enemies":"Maw","floor":38.0,"turns":7.0},{"damage":46.0,"enemies":"Reptomancer","floor":41.0,"turns":7.0},{"damage":0.0,"enemies":"Nemesis","floor":44.0,"turns":5.0},{"damage":0.0,"enemies":"Transient","floor":45.0,"turns":5.0},{"damage":0.0,"enemies":"Sphere and 2 Shapes","floor":47.0,"turns":3.0},{"damage":6.0,"enemies":"Awakened One","floor":50.0,"turns":13.0},{"damage":18.0,"enemies":"Shield and Spear","floor":54.0,"turns":4.0},{"damage":28,"enemies":"The Heart","floor":55,"turns":10}],"seed_played":"-7711419167067768763","potions_obtained":[{"floor":4.0,"key":"Regen Potion"},{"floor":7.0,"key":"EssenceOfSteel"},{"floor":11.0,"key":"SpeedPotion"},{"floor":12.0,"key":"EntropicBrew"},{"floor":31.0,"key":"PotionOfCapacity"},{"floor":33.0,"key":"EntropicBrew"},{"floor":47.0,"key":"Energy Potion"},{"floor":54.0,"key":"LiquidMemories"}],"is_trial":false,"path_per_floor":["M","?","?","M","M","R","E","R","T","R","E","M","M","M","R","B",null,"M","?","?","M","?","R","E","R","T","R","$","?","R","E","R","B",null,"M","M","$","M","?","R","E","R","T","E","M","R","M","$","R","B",null,"R","$","E","B",null],"character_chosen":"DEFECT","items_purchased":["Heatsinks+1","DistilledChaos","Good Instincts+1","Cold Snap","ColorlessPotion"],"campfire_rested":4,"item_purchase_floors":[28,28,37,48,53],"current_hp_per_floor":[64,53,53,52,52,52,45,45,45,45,37,27,26,28,28,20,58,52,46,46,32,32,32,10,31,31,31,31,31,31,33,33,4,54,48,50,50,44,31,52,8,29,29,31,33,54,56,56,56,52,66,66,66,50,24],"gold":26,"neow_bonus":"UPGRADE_CARD","is_prod":false,"is_daily":false,"chose_seed":false,"campfire_upgraded":9,"win_rate":0,"timestamp":1632424887,"path_taken":["M","?","?","M","M","R","E","R","T","R","E","?","M","M","R","BOSS","M","?","?","M","?","R","E","R","T","R","$","?","R","E","R","BOSS","M","M","$","M","?","R","E","R","T","E","M","R","M","$","R","BOSS","R","$","E","BOSS"],"build_version":"2020-12-22","purchased_purges":2,"victory":true,"max_hp_per_floor":[71,71,71,71,71,71,71,71,71,71,71,71,71,71,71,71,71,71,71,71,71,71,71,71,71,71,71,71,71,71,71,71,71,71,71,71,71,71,71,71,71,71,71,71,71,71,71,71,71,71,71,71,71,71,71],"card_choices":[{"not_picked":["Hologram","Rebound"],"picked":"Cold Snap","floor":1.0},{"not_picked":["Storm","Steam"],"picked":"Rip and Tear","floor":4.0},{"not_picked":["Compile Driver","Hologram"],"picked":"Loop","floor":5.0},{"not_picked":["Gash","Auto Shields","Force Field"],"picked":"SKIP","floor":7.0},{"not_picked":["Gash","Heatsinks"],"picked":"Sweeping Beam","floor":11.0},{"not_picked":["Auto Shields","Conserve Battery"],"picked":"Undo","floor":12.0},{"not_picked":["Go for the Eyes","Force Field"],"picked":"Hologram","floor":13.0},{"not_picked":["Gash","Go for the Eyes","Barrage"],"picked":"SKIP","floor":14.0},{"not_picked":["Seek","Thunder Strike"],"picked":"Biased Cognition","floor":16.0},{"not_picked":["Aggregate","Beam Cell","Scrape"],"picked":"SKIP","floor":18.0},{"not_picked":["Barrage","Compile Driver"],"picked":"Go for the Eyes","floor":19.0},{"not_picked":["Double Energy+1","Sweeping Beam"],"picked":"Reinforced Body+1","floor":21.0},{"not_picked":["Hello World","Multi-Cast+1"],"picked":"Core Surge","floor":24.0},{"not_picked":["Sweeping Beam","Sunder","Blizzard"],"picked":"SKIP","floor":31.0},{"not_picked":["Buffer+1","Rainbow+1"],"picked":"Echo Form+1","floor":33.0},{"not_picked":["White Noise+1","Fusion+1"],"picked":"Conserve Battery+1","floor":35.0},{"not_picked":["Undo+1","Rebound"],"picked":"White Noise+1","floor":36.0},{"not_picked":["Auto Shields+1","Tempest+1"],"picked":"Force Field+1","floor":38.0},{"not_picked":["Ball Lightning","Sunder"],"picked":"BootSequence+1","floor":41.0},{"not_picked":["Rip and Tear","Compile Driver+1","Heatsinks+1"],"picked":"SKIP","floor":44.0},{"not_picked":["Steam+1","Streamline"],"picked":"White Noise+1","floor":45.0},{"not_picked":["Force Field+1","Leap+1"],"picked":"Recycle+1","floor":47.0},{"not_picked":["Steam+1","Stack+1","Redo+1"],"picked":"SKIP","floor":54.0}],"player_experience":917478,"relics_obtained":[{"floor":7.0,"key":"InkBottle"},{"floor":9.0,"key":"Oddly Smooth Stone"},{"floor":11.0,"key":"Blood Vial"},{"floor":19.0,"key":"Red Mask"},{"floor":24.0,"key":"Matryoshka"},{"floor":26.0,"key":"Pen Nib"},{"floor":26.0,"key":"Frozen Egg 2"},{"floor":31.0,"key":"Kunai"},{"floor":41.0,"key":"Bag of Preparation"},{"floor":43.0,"key":"Shuriken"},{"floor":44.0,"key":"Gambling Chip"},{"floor":54.0,"key":"Bronze Scales"}],"event_choices":[{"damage_healed":0.0,"max_hp_gain":0.0,"max_hp_loss":0.0,"gold_gain":0.0,"event_name":"Scrap Ooze","player_choice":"Success","floor":2.0,"gold_loss":0.0,"damage_taken":11.0,"relics_obtained":["StrikeDummy"]},{"cards_removed":["Strike_B"],"damage_healed":0.0,"max_hp_gain":0.0,"max_hp_loss":0.0,"gold_gain":0.0,"event_name":"The Cleric","player_choice":"Card Removal","floor":3.0,"gold_loss":75.0,"damage_taken":0.0},{"damage_healed":0.0,"max_hp_gain":0.0,"max_hp_loss":0.0,"gold_gain":0.0,"event_name":"Masked Bandits","player_choice":"Fought Bandits","floor":19.0,"gold_loss":0.0,"damage_taken":0.0},{"damage_healed":0.0,"max_hp_gain":0.0,"max_hp_loss":0.0,"gold_gain":0.0,"event_name":"Addict","player_choice":"Obtained Relic","floor":20.0,"gold_loss":85.0,"damage_taken":0.0,"relics_obtained":["Toxic Egg 2"]},{"damage_healed":0.0,"max_hp_gain":0.0,"max_hp_loss":0.0,"gold_gain":0.0,"event_name":"Forgotten Altar","player_choice":"Smashed Altar","floor":22.0,"gold_loss":0.0,"damage_taken":0.0,"cards_obtained":["Decay"]},{"damage_healed":0.0,"max_hp_gain":0.0,"max_hp_loss":0.0,"gold_gain":0.0,"event_name":"Vampires","player_choice":"Ignored","floor":29.0,"gold_loss":0.0,"damage_taken":0.0},{"damage_healed":0.0,"max_hp_gain":0.0,"max_hp_loss":0.0,"gold_gain":0.0,"event_name":"Winding Halls","player_choice":"Embrace Madness","floor":39.0,"gold_loss":0.0,"damage_taken":13.0,"cards_obtained":["Madness","Madness"]}],"is_beta":false,"boss_relics":[{"not_picked":["FrozenCore","Black Star"],"picked":"Pandora\u0027s Box"},{"not_picked":["Nuclear Battery","Calling Bell"],"picked":"Runic Pyramid"}],"items_purged_floors":[28,48],"is_endless":false,"potions_floor_spawned":[4,7,11,12,19,31,33,36,38,47,54],"ascension_level":16}