{"gold_per_floor":[109,159,173,193,212,241,241,252,320,320,320,320],"floor_reached":12,"playtime":362,"items_purged":[],"score":148,"play_id":"8a21d95d-7862-45d4-af01-516bf40947c3","local_time":"20210924105218","is_ascension_mode":true,"campfire_choices":[{"floor":7,"key":"REST"}],"neow_cost":"NONE","seed_source_timestamp":638276353943000,"circlet_count":0,"master_deck":["AscendersBane","Strike_B","Strike_B","Strike_B","Defend_B","Defend_B","Defend_B","Defend_B","Zap+1","Dualcast","Leap","Gash","Sweeping Beam","Scrape","Chaos","Go for the Eyes"],"relics":["Cracked Core","Blood Vial","Ornamental Fan"],"potions_floor_usage":[6,12],"damage_taken":[{"damage":10,"enemies":"Small Slimes","floor":1,"turns":3},{"damage":6,"enemies":"Cultist","floor":3,"turns":3},{"damage":0,"enemies":"2 Louse","floor":4,"turns":2},{"damage":0,"enemies":"2 Fungi Beasts","floor":5,"turns":3},{"damage":32,"enemies":"Gremlin Nob","floor":6,"turns":4},{"damage":9,"enemies":"3 Louse","floor":8,"turns":3},{"damage":33,"enemies":"3 Sentries","floor":12,"turns":4}],"seed_played":"740871772737318731","potions_obtained":[{"floor":4,"key":"Dexterity Potion"},{"floor":5,"key":"LiquidMemories"},{"floor":8,"key":"Dexterity Potion"}],"is_trial":false,"path_per_floor":["M","?","M","M","M","E","R","M","T","?","?","E"],"character_chosen":"DEFECT","items_purchased":[],"campfire_rested":1,"item_purchase_floors":[],"current_hp_per_floor":[54,54,48,48,48,16,37,30,30,23,23,0],"gold":320,"neow_bonus":"UPGRADE_CARD","is_prod":false,"is_daily":false,"chose_seed":false,"campfire_upgraded":0,"win_rate":0,"timestamp":1632495138,"path_taken":["M","?","M","M","M","E","R","?","T","?","?","E"],"build_version":"2020-12-22","purchased_purges":0,"victory":false,"max_hp_per_floor":[71,71,71,71,71,71,71,71,71,71,71,71],"card_choices":[{"not_picked":["Steam","Darkness"],"picked":"Leap","floor":1},{"not_picked":["Steam Power","Conserve Battery"],"picked":"Gash","floor":3},{"not_picked":["Tempest","Fusion"],"picked":"Sweeping Beam","floor":4},{"not_picked":["Compile Driver","Darkness"],"picked":"Scrape","floor":5},{"not_picked":["Static Discharge","Coolheaded"],"picked":"Chaos","floor":6},{"not_picked":["Compile Driver","Rainbow"],"picked":"Go for the Eyes","floor":8}],"player_experience":924166,"relics_obtained":[{"floor":6,"key":"Blood Vial"},{"floor":9,"key":"Ornamental Fan"}],"event_choices":[{"damage_healed":0,"gold_gain":50,"player_choice":"Pray","damage_taken":0,"max_hp_gain":0,"max_hp_loss":0,"event_name":"Golden Shrine","floor":2,"gold_loss":0},{"cards_removed":["Strike_B"],"damage_healed":0,"gold_gain":0,"player_choice":"Card Removal","damage_taken":7,"max_hp_gain":0,"max_hp_loss":0,"event_name":"Golden Wing","floor":10,"gold_loss":0},{"damage_healed":0,"gold_gain":0,"player_choice":"Ignored","damage_taken":0,"max_hp_gain":0,"max_hp_loss":0,"event_name":"Liars Game","floor":11,"gold_loss":0}],"is_beta":false,"boss_relics":[],"items_purged_floors":[],"is_endless":false,"potions_floor_spawned":[4,5,8],"killed_by":"3 Sentries","ascension_level":17}