{"gold_per_floor":[109,184,204,354,33,68,68,80,104,104,138,154,185,201,201,276,276,294,294,294,24,24,24,35,47,47,47,57,85,85,85,85,161,161,177,31,1030,521,538,538,538,538,618,643,643,152,177,193,193,193,193,193,43,69,69],"floor_reached":55,"playtime":3629,"items_purged":["Doubt","Normality","Normality"],"score":1422,"play_id":"8466d984-28de-4ba5-a3c1-2f9bbb2300bc","local_time":"20210923140439","is_ascension_mode":true,"campfire_choices":[{"data":"Melter","floor":7.0,"key":"SMITH"},{"data":"Glacier","floor":10.0,"key":"SMITH"},{"data":"Hologram","floor":15.0,"key":"SMITH"},{"floor":27.0,"key":"REST"},{"data":"Defragment","floor":30.0,"key":"SMITH"},{"data":"Glacier","floor":32.0,"key":"SMITH"},{"data":"Amplify","floor":40.0,"key":"SMITH"},{"floor":49.0,"key":"RECALL"},{"data":"Echo Form","floor":52.0,"key":"SMITH"}],"neow_cost":"NONE","seed_source_timestamp":558405421018600,"circlet_count":0,"master_deck":["AscendersBane","Strike_B","Strike_B","Strike_B","Defend_B","Defend_B","Defend_B","Defend_B","Zap","Dualcast","Beam Cell","Lockon","Glacier+1","Melter+1","Electrodynamics","Go for the Eyes","Glacier+1","Undo","Hologram+1","RitualDagger","Defragment+1","Coolheaded","Compile Driver","Echo Form+1","Amplify+1","Core Surge","Capacitor","Barrage+1","Self Repair","Genetic Algorithm","Skim","Finesse","Blizzard","Double Energy","Consume+1","Compile Driver","Machine Learning"],"special_seed":0,"relics":["Cracked Core","NeowsBlessing","PreservedInsect","Regal Pillow","Pen Nib","Nunchaku","Strawberry","Philosopher\u0027s Stone","Toolbox","Sundial","MealTicket","Inserter","Orrery","HornCleat","Potion Belt","ClockworkSouvenir","Orichalcum","Letter Opener"],"potions_floor_usage":[55,55,55],"damage_taken":[{"damage":0.0,"enemies":"2 Louse","floor":1.0,"turns":1.0},{"damage":0.0,"enemies":"Small Slimes","floor":3.0,"turns":1.0},{"damage":0.0,"enemies":"Gremlin Nob","floor":6.0,"turns":1.0},{"damage":12.0,"enemies":"Jaw Worm","floor":8.0,"turns":2.0},{"damage":5.0,"enemies":"3 Sentries","floor":11.0,"turns":3.0},{"damage":6.0,"enemies":"Exordium Thugs","floor":12.0,"turns":6.0},{"damage":0.0,"enemies":"Lagavulin","floor":13.0,"turns":7.0},{"damage":0.0,"enemies":"2 Fungi Beasts","floor":14.0,"turns":3.0},{"damage":24.0,"enemies":"Hexaghost","floor":16.0,"turns":12.0},{"damage":11.0,"enemies":"Shell Parasite","floor":18.0,"turns":4.0},{"damage":16.0,"enemies":"3 Byrds","floor":24.0,"turns":4.0},{"damage":13.0,"enemies":"Snake Plant","floor":25.0,"turns":4.0},{"damage":0.0,"enemies":"Sentry and Sphere","floor":28.0,"turns":3.0},{"damage":16.0,"enemies":"Gremlin Leader","floor":29.0,"turns":7.0},{"damage":7.0,"enemies":"Collector","floor":33.0,"turns":7.0},{"damage":18.0,"enemies":"3 Darklings","floor":35.0,"turns":7.0},{"damage":10.0,"enemies":"Orb Walker","floor":39.0,"turns":4.0},{"damage":28.0,"enemies":"Giant Head","floor":44.0,"turns":13.0},{"damage":46.0,"enemies":"Reptomancer","floor":47.0,"turns":19.0},{"damage":0.0,"enemies":"Sphere and 2 Shapes","floor":48.0,"turns":12.0},{"damage":5.0,"enemies":"Donu and Deca","floor":50.0,"turns":13.0},{"damage":17.0,"enemies":"Shield and Spear","floor":54.0,"turns":8.0},{"damage":72,"enemies":"The Heart","floor":55,"turns":5}],"seed_played":"-7351153253437088025","potions_obtained":[{"floor":6.0,"key":"SkillPotion"},{"floor":12.0,"key":"FearPotion"},{"floor":16.0,"key":"Energy Potion"},{"floor":18.0,"key":"FocusPotion"},{"floor":24.0,"key":"Energy Potion"},{"floor":48.0,"key":"Energy Potion"}],"is_trial":false,"path_per_floor":["M","?","M","?","$","E","R","M","T","R","E","M","E","M","R","B",null,"M","?","?","$","?","$","M","M","T","R","M","E","R","?","R","B",null,"M","$","?","$","M","R","?","?","T","E","?","$","E","M","R","B",null,"R","$","E","B"],"character_chosen":"DEFECT","items_purchased":["Glacier","PreservedInsect","Strength Potion","Defragment","Toolbox","Coolheaded","Orrery","HornCleat","Self Repair","Genetic Algorithm","Blizzard","Double Energy","ClockworkSouvenir","FocusPotion","LiquidBronze","Energy Potion","PowerPotion","Compile Driver"],"campfire_rested":1,"item_purchase_floors":[5,5,5,21,21,21,36,38,38,38,46,46,46,46,46,53,53,53],"current_hp_per_floor":[64,53,53,53,53,53,53,41,41,41,36,30,37,37,37,13,62,51,51,45,45,45,45,29,16,16,54,54,38,38,38,38,31,66,48,63,63,78,75,75,75,65,65,47,47,62,30,44,44,53,69,69,74,71,0],"gold":69,"neow_bonus":"THREE_ENEMY_KILL","is_prod":false,"is_daily":false,"chose_seed":false,"campfire_upgraded":7,"win_rate":0,"timestamp":1632420279,"path_taken":["M","?","M","?","$","E","R","M","T","R","E","M","E","M","R","BOSS","M","?","?","$","?","?","?","M","T","R","M","E","R","?","R","BOSS","M","?","?","$","M","R","?","?","T","E","?","$","E","M","R","BOSS","R","$","E","BOSS"],"build_version":"2020-12-22","purchased_purges":3,"victory":false,"max_hp_per_floor":[71,71,71,71,71,71,71,71,71,71,71,71,78,78,78,78,78,78,78,78,78,78,78,78,78,78,78,78,78,78,78,78,78,78,78,78,78,78,78,78,78,78,78,78,74,74,74,74,74,74,74,74,74,74,74],"card_choices":[{"not_picked":["Streamline","Sunder"],"picked":"Beam Cell","floor":1.0},{"not_picked":["Compile Driver","Beam Cell"],"picked":"Lockon","floor":3.0},{"not_picked":["Hello World","Sweeping Beam"],"picked":"Melter","floor":6.0},{"not_picked":["Force Field","Compile Driver"],"picked":"Electrodynamics","floor":8.0},{"not_picked":["Steam","Stack"],"picked":"Go for the Eyes","floor":11.0},{"not_picked":["Self Repair","Blizzard"],"picked":"Glacier","floor":12.0},{"not_picked":["Chill","Hyperbeam"],"picked":"Undo","floor":13.0},{"not_picked":["Streamline","Sweeping Beam"],"picked":"Hologram","floor":14.0},{"not_picked":["Hello World","Go for the Eyes","Stack"],"picked":"SKIP","floor":18.0},{"not_picked":["Go for the Eyes","Rebound","Static Discharge"],"picked":"SKIP","floor":24.0},{"not_picked":["Amplify","Glacier","Sweeping Beam"],"picked":"SKIP","floor":25.0},{"not_picked":["Go for the Eyes","Beam Cell+1"],"picked":"Compile Driver","floor":28.0},{"not_picked":["Glacier","Chaos"],"picked":"Echo Form","floor":29.0},{"not_picked":["All For One","Reboot"],"picked":"Core Surge","floor":33.0},{"not_picked":["Ball Lightning","Go for the Eyes+1","Conserve Battery"],"picked":"SKIP","floor":35.0},{"not_picked":["Sweeping Beam+1","Hologram"],"picked":"Capacitor","floor":36.0},{"not_picked":["Coolheaded+1","Reprogram"],"picked":"Barrage+1","floor":36.0},{"not_picked":["Scrape","Genetic Algorithm"],"picked":"Skim","floor":39.0},{"not_picked":["Dramatic Entrance","Flash of Steel"],"picked":"Finesse","floor":42.0},{"not_picked":["Melter","Doom and Gloom","Sweeping Beam"],"picked":"SKIP","floor":44.0},{"not_picked":["Chill","Rebound+1"],"picked":"Consume+1","floor":47.0},{"not_picked":["Leap","Beam Cell","Sweeping Beam"],"picked":"SKIP","floor":48.0},{"not_picked":["Compile Driver","Sweeping Beam"],"picked":"Machine Learning","floor":54.0}],"player_experience":913849,"relics_obtained":[{"floor":6.0,"key":"Regal Pillow"},{"floor":9.0,"key":"Pen Nib"},{"floor":11.0,"key":"Nunchaku"},{"floor":13.0,"key":"Strawberry"},{"floor":26.0,"key":"Sundial"},{"floor":29.0,"key":"MealTicket"},{"floor":44.0,"key":"Potion Belt"},{"floor":47.0,"key":"Orichalcum"},{"floor":54.0,"key":"Letter Opener"}],"event_choices":[{"damage_healed":0.0,"max_hp_gain":0.0,"max_hp_loss":0.0,"gold_gain":75.0,"event_name":"World of Goop","player_choice":"Gather Gold","floor":2.0,"gold_loss":0.0,"damage_taken":11.0},{"damage_healed":0.0,"max_hp_gain":0.0,"max_hp_loss":0.0,"gold_gain":150.0,"event_name":"Liars Game","player_choice":"AGREE","floor":4.0,"gold_loss":0.0,"damage_taken":0.0,"cards_obtained":["Doubt"]},{"damage_healed":0.0,"max_hp_gain":0.0,"max_hp_loss":0.0,"gold_gain":0.0,"event_name":"Vampires","player_choice":"Ignored","floor":19.0,"gold_loss":0.0,"damage_taken":0.0},{"damage_healed":0.0,"max_hp_gain":0.0,"max_hp_loss":0.0,"gold_gain":0.0,"event_name":"Nest","player_choice":"Joined the Cult","floor":20.0,"gold_loss":0.0,"damage_taken":6.0,"cards_obtained":["RitualDagger"]},{"damage_healed":0.0,"max_hp_gain":0.0,"max_hp_loss":0.0,"gold_gain":0.0,"event_name":"Cursed Tome","player_choice":"Ignored","floor":22.0,"gold_loss":0.0,"damage_taken":0.0},{"damage_healed":0.0,"max_hp_gain":0.0,"max_hp_loss":0.0,"gold_gain":0.0,"cards_transformed":["Strike_B"],"event_name":"Transmorgrifier","player_choice":"Transformed","floor":31.0,"gold_loss":0.0,"damage_taken":0.0,"cards_obtained":["Amplify"]},{"damage_healed":0.0,"max_hp_gain":0.0,"max_hp_loss":0.0,"gold_gain":999.0,"event_name":"MindBloom","player_choice":"Gold","floor":37.0,"gold_loss":0.0,"damage_taken":0.0,"cards_obtained":["Normality","Normality"]},{"damage_healed":0.0,"max_hp_gain":0.0,"max_hp_loss":0.0,"gold_gain":0.0,"event_name":"Tomb of Lord Red Mask","player_choice":"Ignored","floor":41.0,"gold_loss":0.0,"damage_taken":0.0},{"damage_healed":0.0,"max_hp_gain":0.0,"max_hp_loss":0.0,"gold_gain":0.0,"event_name":"SensoryStone","player_choice":"Memory 3","floor":42.0,"gold_loss":0.0,"damage_taken":10.0},{"damage_healed":0.0,"max_hp_gain":0.0,"max_hp_loss":4.0,"gold_gain":0.0,"event_name":"Winding Halls","player_choice":"Max HP","floor":45.0,"gold_loss":0.0,"damage_taken":0.0}],"is_beta":false,"boss_relics":[{"not_picked":["Black Star","Nuclear Battery"],"picked":"Philosopher\u0027s Stone"},{"not_picked":["Tiny House","Empty Cage"],"picked":"Inserter"}],"items_purged_floors":[5,38,46],"is_endless":false,"potions_floor_spawned":[6,8,12,13,16,18,24,33,35,48],"killed_by":"The Heart","ascension_level":15}