{"gold_per_floor":[113,128,128,146,4,4,4,38,63,63,63,63,79,115,115,209,209,228,153,72,72,89,89,120,120,144,12,12,25,44,79,79,158,158,177,202,202,127,142,142,158,158,158,189,35,257,286,300,300,300,300,300,88,113,113],"floor_reached":55,"playtime":3474,"items_purged":["Strike_B","Strike_B"],"score":1318,"play_id":"157405db-3f93-4fab-ad29-5329c9ffc9b5","local_time":"20210924115205","is_ascension_mode":true,"campfire_choices":[{"data":"Defragment","floor":6.0,"key":"SMITH"},{"data":"Conserve Battery","floor":10.0,"key":"SMITH"},{"data":"Glacier","floor":15.0,"key":"SMITH"},{"data":"Echo Form","floor":23.0,"key":"SMITH"},{"data":"Double Energy","floor":25.0,"key":"SMITH"},{"data":"Echo Form","floor":28.0,"key":"SMITH"},{"floor":32,"key":"REST"},{"data":"Panacea","floor":40,"key":"SMITH"},{"data":"Biased Cognition","floor":42,"key":"SMITH"},{"floor":49,"key":"RECALL"},{"data":"Coolheaded","floor":52,"key":"SMITH"}],"neow_cost":"NONE","seed_source_timestamp":638646907447200,"circlet_count":0,"master_deck":["AscendersBane","Defend_B","Defend_B","Defend_B","Defend_B","Zap","Dualcast","Ball Lightning+1","Beam Cell","Conserve Battery","Defragment+1","Conserve Battery+1","Gash","Cold Snap","Glacier+1","Echo Form+1","Coolheaded+1","Double Energy+1","BootSequence+1","Echo Form+1","Hologram","Double Energy","Hologram","Biased Cognition+1","Loop","FTL+1","Enlightenment","Panacea+1","Ball Lightning+1","Aggregate+1","Coolheaded","Fusion+1","Biased Cognition","Loop","Hologram","Cold Snap"],"special_seed":0,"relics":["Cracked Core","NeowsBlessing","Lantern","Toy Ornithopter","Bloody Idol","Pantograph","Runic Pyramid","Red Mask","Du-Vu Doll","Black Star","StoneCalendar","Kunai","Blood Vial","Omamori","Peace Pipe","Akabeko","Orrery","Orichalcum","Mercury Hourglass"],"potions_floor_usage":[31,33,41,50,54,55],"damage_taken":[{"damage":0.0,"enemies":"Jaw Worm","floor":1.0,"turns":1.0},{"damage":0.0,"enemies":"Cultist","floor":2.0,"turns":1.0},{"damage":0.0,"enemies":"2 Louse","floor":4.0,"turns":1.0},{"damage":16.0,"enemies":"Gremlin Nob","floor":8.0,"turns":3.0},{"damage":0.0,"enemies":"2 Fungi Beasts","floor":13.0,"turns":3.0},{"damage":6.0,"enemies":"Lagavulin","floor":14.0,"turns":7.0},{"damage":22.0,"enemies":"Hexaghost","floor":16.0,"turns":12.0},{"damage":19.0,"enemies":"Shell Parasite","floor":18.0,"turns":7.0},{"damage":4.0,"enemies":"Spheric Guardian","floor":22.0,"turns":6.0},{"damage":23.0,"enemies":"Masked Bandits","floor":24.0,"turns":6.0},{"damage":5.0,"enemies":"Cultist and Chosen","floor":29.0,"turns":9.0},{"damage":21,"enemies":"3 Cultists","floor":30,"turns":7},{"damage":15,"enemies":"Slavers","floor":31,"turns":8},{"damage":13,"enemies":"Automaton","floor":33,"turns":13},{"damage":22,"enemies":"3 Darklings","floor":35,"turns":13},{"damage":1,"enemies":"Mind Bloom Boss Battle","floor":36,"turns":9},{"damage":3,"enemies":"Orb Walker","floor":39,"turns":4},{"damage":0,"enemies":"Maw","floor":41,"turns":7},{"damage":28,"enemies":"Reptomancer","floor":44,"turns":7},{"damage":2,"enemies":"Giant Head","floor":47,"turns":11},{"damage":33,"enemies":"Writhing Mass","floor":48,"turns":7},{"damage":13,"enemies":"Donu and Deca","floor":50,"turns":10},{"damage":47,"enemies":"Shield and Spear","floor":54,"turns":8},{"damage":85,"enemies":"The Heart","floor":55,"turns":5}],"seed_played":"8107535845139165847","potions_obtained":[{"floor":1.0,"key":"PowerPotion"},{"floor":8.0,"key":"GamblersBrew"},{"floor":16.0,"key":"AttackPotion"},{"floor":30,"key":"PotionOfCapacity"},{"floor":33,"key":"SkillPotion"},{"floor":36,"key":"FearPotion"},{"floor":48,"key":"SkillPotion"}],"is_trial":false,"path_per_floor":["M","M","?","M","$","R","?","E","T","R","?","?","M","E","R","B",null,"M","?","$","?","M","R","?","R","T","$","R","M","M","E","R","B",null,"M","?","?","$","M","R","M","R","T","E","$","?","E","M","R","B",null,"R","$","E","B"],"character_chosen":"DEFECT","items_purchased":["Defragment","BlessingOfTheForge","Double Energy","Echo Form","BlessingOfTheForge","Dexterity Potion","Orrery","Swift Potion"],"campfire_rested":1,"item_purchase_floors":[5,5,20,27,27,45,53,53],"current_hp_per_floor":[64,64,64,64,64,64,64,48,48,48,48,48,48,42,42,47,60,41,41,41,41,42,42,34,34,39,39,39,39,23,18,37,56,62,45,64,54,54,56,56,64,64,64,41,41,46,51,25,25,44,59,59,59,24,0],"gold":113,"neow_bonus":"THREE_ENEMY_KILL","is_prod":false,"is_daily":false,"chose_seed":false,"campfire_upgraded":9,"win_rate":0,"timestamp":1632498725,"path_taken":["M","M","?","?","$","R","?","E","T","R","?","?","M","E","R","BOSS","M","?","$","?","M","R","?","R","T","$","R","M","?","E","R","BOSS","M","?","?","?","?","R","M","R","T","E","$","?","E","M","R","BOSS","R","$","E","BOSS"],"build_version":"2020-12-22","purchased_purges":2,"victory":false,"max_hp_per_floor":[71,71,71,71,71,71,71,71,71,71,64,64,64,64,64,64,64,64,64,64,64,64,64,64,64,64,64,64,64,64,64,64,64,64,64,64,64,64,64,64,64,64,64,64,64,64,64,64,64,64,64,64,64,64,64],"card_choices":[{"not_picked":["Rip and Tear","Scrape"],"picked":"Ball Lightning","floor":1.0},{"not_picked":["Gash","Hello World"],"picked":"Beam Cell","floor":2.0},{"not_picked":["Steam","Hologram"],"picked":"Conserve Battery","floor":4.0},{"not_picked":["Rebound","Chaos"],"picked":"Conserve Battery","floor":8.0},{"not_picked":["Steam","Coolheaded"],"picked":"Cold Snap","floor":13.0},{"not_picked":["Compile Driver","Rebound"],"picked":"Glacier","floor":14.0},{"not_picked":["Creative AI","Meteor Strike"],"picked":"Echo Form","floor":16.0},{"not_picked":["Tempest+1","Redo"],"picked":"Coolheaded","floor":18.0},{"not_picked":["Skim","Chill"],"picked":"BootSequence+1","floor":22.0},{"not_picked":["Streamline","Barrage"],"picked":"Hologram","floor":29.0},{"not_picked":["Reprogram","Go for the Eyes"],"picked":"Double Energy","floor":30},{"not_picked":["Sweeping Beam","Fusion"],"picked":"Hologram","floor":31},{"not_picked":["Core Surge","Hyperbeam"],"picked":"Biased Cognition","floor":33},{"not_picked":["Sweeping Beam","Cold Snap"],"picked":"Loop","floor":35},{"not_picked":["Chill","Redo"],"picked":"FTL+1","floor":36},{"not_picked":["Mind Blast","The Bomb"],"picked":"Enlightenment","floor":37},{"not_picked":["Mind Blast","Trip"],"picked":"Panacea","floor":37},{"not_picked":["Doom and Gloom","Gash"],"picked":"Ball Lightning+1","floor":39},{"not_picked":["Beam Cell","Defragment"],"picked":"Aggregate+1","floor":41},{"not_picked":["Cold Snap","Gash"],"picked":"Coolheaded","floor":44},{"not_picked":["Sweeping Beam","Streamline"],"picked":"Fusion+1","floor":47},{"not_picked":["Hello World","Redo","Cold Snap"],"picked":"SKIP","floor":48},{"not_picked":["Darkness","White Noise+1"],"picked":"Biased Cognition","floor":53},{"not_picked":["Turbo","Consume"],"picked":"Loop","floor":53},{"not_picked":["Undo","Fission"],"picked":"Hologram","floor":53},{"not_picked":["Turbo","Aggregate"],"picked":"Cold Snap","floor":54}],"player_experience":924528,"relics_obtained":[{"floor":8.0,"key":"Lantern"},{"floor":9.0,"key":"Toy Ornithopter"},{"floor":14.0,"key":"Pantograph"},{"floor":24.0,"key":"Red Mask"},{"floor":31,"key":"Du-Vu Doll"},{"floor":36,"key":"StoneCalendar"},{"floor":43,"key":"Kunai"},{"floor":44,"key":"Blood Vial"},{"floor":44,"key":"Omamori"},{"floor":47,"key":"Peace Pipe"},{"floor":47,"key":"Akabeko"},{"floor":54,"key":"Orichalcum"},{"floor":54,"key":"Mercury Hourglass"}],"event_choices":[{"damage_healed":0.0,"max_hp_gain":0.0,"max_hp_loss":0.0,"gold_gain":0.0,"event_name":"Accursed Blacksmith","player_choice":"Forge","floor":3.0,"gold_loss":0.0,"damage_taken":0.0,"cards_upgraded":["Ball Lightning"]},{"damage_healed":0.0,"max_hp_gain":0.0,"max_hp_loss":0.0,"gold_gain":0.0,"event_name":"Liars Game","player_choice":"Ignored","floor":7.0,"gold_loss":0.0,"damage_taken":0.0},{"damage_healed":0.0,"max_hp_gain":0.0,"max_hp_loss":7.0,"gold_gain":0.0,"event_name":"Golden Idol","player_choice":"Lose Max HP","floor":11.0,"gold_loss":0.0,"damage_taken":0.0,"relics_obtained":["Golden Idol"]},{"damage_healed":0.0,"max_hp_gain":0.0,"max_hp_loss":0.0,"gold_gain":0.0,"cards_transformed":["Strike_B"],"event_name":"Living Wall","player_choice":"Change","floor":12.0,"gold_loss":0.0,"damage_taken":0.0,"cards_obtained":["Gash"]},{"cards_removed":["Strike_B"],"damage_healed":0.0,"max_hp_gain":0.0,"max_hp_loss":0.0,"gold_gain":0.0,"event_name":"Beggar","player_choice":"Gave Gold","floor":19.0,"gold_loss":75.0,"damage_taken":0.0},{"damage_healed":0.0,"max_hp_gain":0.0,"max_hp_loss":0.0,"gold_gain":0.0,"event_name":"Forgotten Altar","player_choice":"Gave Idol","floor":21.0,"relics_lost":["Golden Idol"],"gold_loss":0.0,"damage_taken":0.0,"relics_obtained":["Bloody Idol"]},{"damage_healed":0.0,"max_hp_gain":0.0,"max_hp_loss":0.0,"gold_gain":0.0,"event_name":"Masked Bandits","player_choice":"Fought Bandits","floor":24.0,"gold_loss":0.0,"damage_taken":0.0},{"damage_healed":0,"gold_gain":0,"player_choice":"Fight","damage_taken":0,"max_hp_gain":0,"max_hp_loss":0,"event_name":"MindBloom","floor":36,"gold_loss":0},{"damage_healed":0,"gold_gain":0,"player_choice":"Memory 3","damage_taken":10,"max_hp_gain":0,"max_hp_loss":0,"event_name":"SensoryStone","floor":37,"gold_loss":0},{"damage_healed":0,"gold_gain":222,"player_choice":"Wore Mask","damage_taken":0,"max_hp_gain":0,"max_hp_loss":0,"event_name":"Tomb of Lord Red Mask","floor":46,"gold_loss":0}],"is_beta":false,"boss_relics":[{"not_picked":["SacredBark","Velvet Choker"],"picked":"Runic Pyramid"},{"not_picked":["Snecko Eye","Calling Bell"],"picked":"Black Star"}],"items_purged_floors":[38,45],"is_endless":false,"potions_floor_spawned":[1,8,13,16,30,33,36,48],"killed_by":"The Heart","ascension_level":17}