{"gold_per_floor":[18,29,29,42,54,54,97,119,146,146,187,208,231,231],"floor_reached":14,"playtime":533,"items_purged":[],"score":203,"play_id":"e777a52e-1070-4b2d-b0aa-58bc5d35f7ae","local_time":"20210930232132","is_ascension_mode":true,"campfire_choices":[{"data":"Defragment","floor":6,"key":"SMITH"},{"floor":10,"key":"REST"}],"neow_cost":"NO_GOLD","seed_source_timestamp":1201452343797100,"circlet_count":0,"master_deck":["AscendersBane","Strike_B","Strike_B","Strike_B+1","Defend_B","Defend_B","Defend_B","Defend_B","Zap","Dualcast","Gash","Defragment+1","Creative AI","Gash","Compile Driver+1","Steam","Defragment","Cold Snap","Loop","Leap"],"relics":["Cracked Core","Turnip","CeramicFish","DataDisk","Whetstone"],"potions_floor_usage":[4,7,11,11],"damage_taken":[{"damage":1,"enemies":"Cultist","floor":1,"turns":3},{"damage":3,"enemies":"Small Slimes","floor":2,"turns":4},{"damage":5,"enemies":"2 Louse","floor":4,"turns":3},{"damage":21,"enemies":"Large Slime","floor":5,"turns":6},{"damage":5,"enemies":"Lagavulin","floor":7,"turns":7},{"damage":10,"enemies":"Blue Slaver","floor":8,"turns":4},{"damage":26,"enemies":"Gremlin Nob","floor":11,"turns":4},{"damage":1,"enemies":"2 Fungi Beasts","floor":12,"turns":4},{"damage":1,"enemies":"Lots of Slimes","floor":13,"turns":5},{"damage":12,"enemies":"Exordium Thugs","floor":14,"turns":3}],"seed_played":"-1883424114050773043","potions_obtained":[{"floor":1,"key":"Swift Potion"},{"floor":2,"key":"Weak Potion"},{"floor":5,"key":"ColorlessPotion"},{"floor":8,"key":"SkillPotion"}],"is_trial":false,"path_per_floor":["M","M","?","M","M","R","E","M","T","R","E","M","M","M"],"character_chosen":"DEFECT","items_purchased":[],"campfire_rested":1,"item_purchase_floors":[],"current_hp_per_floor":[63,60,60,55,34,34,29,19,19,40,14,13,12,0],"gold":231,"neow_bonus":"ONE_RARE_RELIC","is_prod":false,"is_daily":false,"chose_seed":false,"campfire_upgraded":1,"win_rate":0,"timestamp":1633058492,"path_taken":["M","?","?","M","M","R","E","?","T","R","E","M","M","M"],"build_version":"2020-12-22","purchased_purges":0,"victory":false,"max_hp_per_floor":[71,71,71,71,71,71,71,71,71,71,71,71,71,71],"card_choices":[{"not_picked":["Storm","Streamline"],"picked":"Gash","floor":1},{"not_picked":["Loop","Hello World"],"picked":"Defragment","floor":2},{"not_picked":["Redo","Blizzard"],"picked":"Gash","floor":4},{"not_picked":["Reinforced Body","Scrape"],"picked":"Compile Driver","floor":5},{"not_picked":["Aggregate","Turbo"],"picked":"Steam","floor":7},{"not_picked":["Darkness","Stack"],"picked":"Defragment","floor":8},{"not_picked":["Recycle","BootSequence"],"picked":"Cold Snap","floor":11},{"not_picked":["Darkness","Steam"],"picked":"Loop","floor":12},{"not_picked":["Go for the Eyes","Streamline"],"picked":"Leap","floor":13}],"player_experience":944329,"relics_obtained":[{"floor":7,"key":"CeramicFish"},{"floor":9,"key":"DataDisk"},{"floor":11,"key":"Whetstone"}],"event_choices":[{"damage_healed":0,"gold_gain":0,"cards_transformed":["Strike_B"],"player_choice":"Transformed","damage_taken":0,"max_hp_gain":0,"max_hp_loss":0,"event_name":"Transmorgrifier","floor":3,"gold_loss":0,"cards_obtained":["Creative AI"]}],"is_beta":false,"boss_relics":[],"items_purged_floors":[],"is_endless":false,"potions_floor_spawned":[1,2,5,8],"killed_by":"Exordium Thugs","ascension_level":19}