{"gold_per_floor":[116,116,127,127,139,139,152,171,171,196,210,235,253,265,265,344,344,359,37,37,52,52,52,52,52,52,80,95,110,110],"floor_reached":30,"playtime":1073,"items_purged":[],"score":515,"play_id":"b448522b-d288-43c8-9c0e-cbfb8eb41df0","local_time":"20211009131148","is_ascension_mode":true,"campfire_choices":[{"data":"Ball Lightning","floor":6,"key":"SMITH"},{"floor":15,"key":"REST"},{"data":"Biased Cognition","floor":23,"key":"SMITH"},{"floor":25,"key":"REST"}],"neow_cost":"NONE","seed_source_timestamp":509611162751900,"circlet_count":0,"master_deck":["AscendersBane","Strike_B+1","Strike_B","Strike_B","Defend_B","Defend_B","Defend_B","Defend_B","Zap","Dualcast","Undo","Melter","Ball Lightning+1","Storm","Sweeping Beam+1","Go for the Eyes","Rip and Tear","Beam Cell","Ball Lightning","Conserve Battery","Biased Cognition+1","Steam"],"relics":["Cracked Core","NeowsBlessing","Kunai","Whetstone","Girya","Runic Pyramid","Membership Card","Bird Faced Urn","Peace Pipe","Vajra"],"potions_floor_usage":[8,12,16,16,27,28,28],"damage_taken":[{"damage":0,"enemies":"Jaw Worm","floor":1,"turns":1},{"damage":0,"enemies":"2 Louse","floor":3,"turns":1},{"damage":0,"enemies":"Cultist","floor":5,"turns":1},{"damage":12,"enemies":"Lots of Slimes","floor":7,"turns":3},{"damage":15,"enemies":"Gremlin Gang","floor":8,"turns":3},{"damage":8,"enemies":"Lagavulin","floor":10,"turns":7},{"damage":1,"enemies":"3 Louse","floor":11,"turns":3},{"damage":15,"enemies":"3 Sentries","floor":12,"turns":4},{"damage":1,"enemies":"2 Fungi Beasts","floor":13,"turns":3},{"damage":0,"enemies":"Looter","floor":14,"turns":3},{"damage":26,"enemies":"Slime Boss","floor":16,"turns":7},{"damage":14,"enemies":"3 Byrds","floor":18,"turns":4},{"damage":0,"enemies":"Chosen","floor":21,"turns":3},{"damage":26,"enemies":"Gremlin Leader","floor":27,"turns":4},{"damage":3,"enemies":"3 Cultists","floor":28,"turns":5},{"damage":14,"enemies":"Snake Plant","floor":29,"turns":4},{"damage":20,"enemies":"Book of Stabbing","floor":30,"turns":3}],"seed_played":"1001211609256953810","potions_obtained":[{"floor":1,"key":"Block Potion"},{"floor":8,"key":"DuplicationPotion"},{"floor":10,"key":"Weak Potion"},{"floor":12,"key":"LiquidMemories"},{"floor":16,"key":"DuplicationPotion"},{"floor":18,"key":"Energy Potion"},{"floor":27,"key":"Swift Potion"},{"floor":28,"key":"Ancient Potion"}],"is_trial":false,"path_per_floor":["M","?","M","?","M","R","M","M","T","E","M","E","M","M","R","B",null,"M","$","?","M","?","R","?","R","T","E","M","M","E"],"character_chosen":"DEFECT","items_purchased":["Membership Card","Bird Faced Urn"],"campfire_rested":2,"item_purchase_floors":[19,19],"current_hp_per_floor":[64,64,64,64,64,64,52,37,37,29,28,13,12,12,33,7,55,41,41,41,43,23,23,23,45,45,25,24,14,0],"gold":110,"neow_bonus":"THREE_ENEMY_KILL","is_prod":false,"is_daily":false,"chose_seed":false,"campfire_upgraded":2,"win_rate":0,"timestamp":1633799508,"path_taken":["M","?","M","?","M","R","M","M","T","E","?","E","?","?","R","BOSS","M","$","?","M","?","R","?","R","T","E","?","M","E"],"build_version":"2020-12-22","purchased_purges":0,"victory":false,"max_hp_per_floor":[71,71,71,71,71,71,71,71,71,71,71,71,71,71,71,71,71,71,71,71,71,76,76,76,76,76,76,76,76,76],"card_choices":[{"not_picked":["Double Energy","Conserve Battery"],"picked":"Undo","floor":1},{"not_picked":["Go for the Eyes","Heatsinks"],"picked":"Ball Lightning","floor":3},{"not_picked":["Barrage","Coolheaded"],"picked":"Sweeping Beam","floor":5},{"not_picked":["Beam Cell","Reinforced Body"],"picked":"Go for the Eyes","floor":7},{"not_picked":["Rebound","Streamline"],"picked":"Rip and Tear","floor":8},{"not_picked":["Streamline","Rip and Tear","Darkness"],"picked":"SKIP","floor":10},{"not_picked":["Conserve Battery","Rebound"],"picked":"Beam Cell","floor":11},{"not_picked":["Redo","Skim"],"picked":"Ball Lightning","floor":12},{"not_picked":["Sunder","Reprogram","Redo"],"picked":"SKIP","floor":13},{"not_picked":["Ball Lightning","Barrage"],"picked":"Conserve Battery","floor":14},{"not_picked":["Meteor Strike","Reboot"],"picked":"Biased Cognition","floor":16},{"not_picked":["Leap","Cold Snap"],"picked":"Steam","floor":18},{"not_picked":["Sweeping Beam","Redo","Conserve Battery"],"picked":"SKIP","floor":21},{"not_picked":["Chaos","Steam","Gash"],"picked":"SKIP","floor":27},{"not_picked":["Conserve Battery","Reprogram","Tempest"],"picked":"SKIP","floor":28},{"not_picked":["Hologram","Gash+1","Sweeping Beam"],"picked":"SKIP","floor":29}],"player_experience":960381,"relics_obtained":[{"floor":9,"key":"Kunai"},{"floor":10,"key":"Whetstone"},{"floor":12,"key":"Girya"},{"floor":26,"key":"Peace Pipe"},{"floor":27,"key":"Vajra"}],"event_choices":[{"damage_healed":0,"gold_gain":0,"cards_transformed":["Strike_B"],"player_choice":"Change","damage_taken":0,"max_hp_gain":0,"max_hp_loss":0,"event_name":"Living Wall","floor":2,"gold_loss":0,"cards_obtained":["Melter"]},{"damage_healed":0,"gold_gain":0,"player_choice":"1 cards matched","damage_taken":0,"max_hp_gain":0,"max_hp_loss":0,"event_name":"Match and Keep!","floor":4,"gold_loss":0,"cards_obtained":["Storm"]},{"damage_healed":0,"gold_gain":0,"player_choice":"Shed Blood","damage_taken":25,"max_hp_gain":5,"max_hp_loss":0,"event_name":"Forgotten Altar","floor":22,"gold_loss":0},{"damage_healed":0,"gold_gain":0,"player_choice":"Got Potions","damage_taken":0,"max_hp_gain":0,"max_hp_loss":0,"event_name":"Lab","floor":24,"gold_loss":0}],"is_beta":false,"boss_relics":[{"not_picked":["Calling Bell","Cursed Key"],"picked":"Runic Pyramid"}],"items_purged_floors":[],"is_endless":false,"potions_floor_spawned":[1,8,10,11,12,16,18,27,28],"killed_by":"Book of Stabbing","ascension_level":19}