{"gold_per_floor":[117,135,210,228,240,265,265,265],"floor_reached":8,"playtime":263,"items_purged":[],"score":113,"play_id":"b1dbe464-09ae-4f73-8534-395aa776396a","local_time":"20211009094518","is_ascension_mode":true,"campfire_choices":[],"neow_cost":"NONE","seed_source_timestamp":498031575238700,"circlet_count":0,"master_deck":["AscendersBane","Strike_B","Strike_B","Strike_B","Strike_B","Defend_B","Defend_B","Defend_B","Defend_B","Zap","Dualcast","Cold Snap","Streamline","Cold Snap","Compile Driver","Capacitor"],"relics":["Cracked Core","NeowsBlessing","InkBottle","Toxic Egg 2"],"potions_floor_usage":[5],"damage_taken":[{"damage":0,"enemies":"Small Slimes","floor":1,"turns":1},{"damage":0,"enemies":"2 Louse","floor":2,"turns":1},{"damage":0,"enemies":"Cultist","floor":4,"turns":1},{"damage":3,"enemies":"Lots of Slimes","floor":5,"turns":4},{"damage":33,"enemies":"Gremlin Nob","floor":6,"turns":5},{"damage":19,"enemies":"Large Slime","floor":8,"turns":4}],"seed_played":"-2208964372184033611","potions_obtained":[{"floor":1,"key":"SkillPotion"},{"floor":6,"key":"Dexterity Potion"}],"is_trial":false,"path_per_floor":["M","M","?","M","M","E","?","M"],"character_chosen":"DEFECT","items_purchased":[],"campfire_rested":0,"item_purchase_floors":[],"current_hp_per_floor":[64,64,53,53,50,17,17,0],"gold":265,"neow_bonus":"THREE_ENEMY_KILL","is_prod":false,"is_daily":false,"chose_seed":false,"campfire_upgraded":0,"win_rate":0,"timestamp":1633787118,"path_taken":["M","M","?","M","M","E","?","?"],"build_version":"2020-12-22","purchased_purges":0,"victory":false,"max_hp_per_floor":[71,71,71,71,71,71,71,71],"card_choices":[{"not_picked":["Reinforced Body","Turbo"],"picked":"Cold Snap","floor":1},{"not_picked":["Barrage","Turbo"],"picked":"Streamline","floor":2},{"not_picked":["Consume","Rebound"],"picked":"Cold Snap","floor":4},{"not_picked":["Steam","Darkness"],"picked":"Compile Driver","floor":5},{"not_picked":["Compile Driver","Tempest"],"picked":"Capacitor","floor":6}],"player_experience":960118,"relics_obtained":[{"floor":6,"key":"InkBottle"}],"event_choices":[{"damage_healed":0,"gold_gain":75,"player_choice":"Gather Gold","damage_taken":11,"max_hp_gain":0,"max_hp_loss":0,"event_name":"World of Goop","floor":3,"gold_loss":0},{"damage_healed":0,"gold_gain":0,"player_choice":"Gave Potion","damage_taken":0,"relics_obtained":["Toxic Egg 2"],"max_hp_gain":0,"max_hp_loss":0,"event_name":"WeMeetAgain","floor":7,"gold_loss":0}],"is_beta":false,"boss_relics":[],"items_purged_floors":[],"is_endless":false,"potions_floor_spawned":[1,6],"killed_by":"Large Slime","ascension_level":19}