{"gold_per_floor":[363,288,41,54,69,69,86,121,168,193,193],"floor_reached":11,"playtime":343,"items_purged":["Strike_B"],"score":162,"play_id":"a7210b2f-3236-408d-b579-8fd02ca73563","local_time":"20220314210350","is_ascension_mode":true,"campfire_choices":[{"data":"Ball Lightning","floor":6,"key":"SMITH"}],"neow_cost":"TEN_PERCENT_HP_LOSS","seed_source_timestamp":225891089368400,"circlet_count":0,"master_deck":["AscendersBane","Strike_B","Strike_B","Defend_B","Defend_B","Defend_B","Defend_B","Zap","Dualcast","Defragment","Ball Lightning+1","Capacitor","Ball Lightning","Auto Shields","Coolheaded","Compile Driver"],"relics":["Cracked Core","Membership Card","StrikeDummy","Regal Pillow","Bag of Preparation"],"potions_floor_usage":[10,11],"damage_taken":[{"damage":4,"enemies":"Small Slimes","floor":1,"turns":3},{"damage":13,"enemies":"2 Louse","floor":4,"turns":2},{"damage":0,"enemies":"Cultist","floor":5,"turns":3},{"damage":19,"enemies":"Exordium Thugs","floor":7,"turns":3},{"damage":15,"enemies":"Lagavulin","floor":8,"turns":7},{"damage":8,"enemies":"Gremlin Nob","floor":10,"turns":3},{"damage":5,"enemies":"Large Slime","floor":11,"turns":3}],"seed_played":"6687157317578367873","potions_obtained":[{"floor":1,"key":"SteroidPotion"},{"floor":4,"key":"GamblersBrew"}],"is_trial":false,"path_per_floor":["M","?","$","M","M","R","M","E","T","E","M"],"character_chosen":"DEFECT","items_purchased":["Membership Card","Ball Lightning","Fire Potion"],"campfire_rested":0,"item_purchase_floors":[3,3,3],"current_hp_per_floor":[60,60,60,47,47,47,28,13,13,5,0],"gold":193,"neow_bonus":"TWO_FIFTY_GOLD","is_prod":false,"is_daily":false,"chose_seed":false,"campfire_upgraded":1,"win_rate":0,"timestamp":1647306230,"path_taken":["M","?","$","M","M","R","M","E","T","E","M"],"build_version":"2022-03-07","purchased_purges":1,"victory":false,"max_hp_per_floor":[64,64,64,64,64,64,64,64,64,64,64],"card_choices":[{"not_picked":["Consume","Cold Snap"],"picked":"Defragment","floor":1},{"not_picked":["Gash","Rebound"],"picked":"Capacitor","floor":4},{"not_picked":["Compile Driver","Leap"],"picked":"Ball Lightning","floor":5},{"not_picked":["Static Discharge","Melter"],"picked":"Auto Shields","floor":7},{"not_picked":["Amplify","Sweeping Beam"],"picked":"Coolheaded","floor":8},{"not_picked":["Steam","FTL"],"picked":"Compile Driver","floor":10}],"player_experience":1009338,"relics_obtained":[{"floor":8,"key":"StrikeDummy"},{"floor":9,"key":"Regal Pillow"},{"floor":10,"key":"Bag of Preparation"}],"event_choices":[{"cards_removed":["Strike_B"],"damage_healed":0,"gold_gain":0,"player_choice":"Card Removal","damage_taken":0,"max_hp_gain":0,"max_hp_loss":0,"event_name":"The Cleric","floor":2,"gold_loss":75}],"is_beta":false,"boss_relics":[],"items_purged_floors":[3],"is_endless":false,"potions_floor_spawned":[1,4,5],"killed_by":"Large Slime","ascension_level":19}