{"gold_per_floor":[110,128,128,141,158,158,191,191,218,230,245,245,271,281,281,359,359,377,302,314,97,107,107,127,127,153,180,180],"floor_reached":28,"playtime":1480,"items_purged":["Strike_B"],"score":638,"play_id":"1998fb4b-a29b-4a83-bf5a-e9d558315ddd","local_time":"20220429231904","is_ascension_mode":true,"campfire_choices":[{"data":"Cold Snap","floor":6.0,"key":"SMITH"},{"data":"Biased Cognition","floor":8,"key":"SMITH"},{"data":"White Noise","floor":12,"key":"SMITH"},{"data":"Ball Lightning","floor":15,"key":"SMITH"},{"floor":23,"key":"REST"},{"floor":25,"key":"REST"}],"neow_cost":"NONE","seed_source_timestamp":0,"circlet_count":0,"master_deck":["AscendersBane","Strike_B","Defend_B","Defend_B","Defend_B","Defend_B","Zap","Dualcast","Compile Driver","Cold Snap+1","Cold Snap+1","Biased Cognition+1","White Noise+1","Ball Lightning+1","Ball Lightning+1","Hologram","Capacitor","Coolheaded+1","Compile Driver","Turbo"],"special_seed":0,"relics":["Cracked Core","NeowsBlessing","Boot","Centennial Puzzle","Oddly Smooth Stone","Black Star","Whetstone","Pantograph","Nunchaku"],"potions_floor_usage":[13,18,27],"damage_taken":[{"damage":0.0,"enemies":"2 Louse","floor":1.0,"turns":1.0},{"damage":0.0,"enemies":"Cultist","floor":2.0,"turns":1.0},{"damage":0.0,"enemies":"Small Slimes","floor":4.0,"turns":1.0},{"damage":2.0,"enemies":"Exordium Wildlife","floor":5.0,"turns":3.0},{"damage":19.0,"enemies":"Lagavulin","floor":7.0,"turns":6.0},{"damage":3,"enemies":"3 Louse","floor":10,"turns":4},{"damage":0,"enemies":"Looter","floor":11,"turns":2},{"damage":0,"enemies":"Gremlin Nob","floor":13,"turns":3},{"damage":5,"enemies":"Exordium Thugs","floor":14,"turns":3},{"damage":0,"enemies":"Slime Boss","floor":16,"turns":6},{"damage":11,"enemies":"2 Thieves","floor":18,"turns":3},{"damage":7,"enemies":"Spheric Guardian","floor":20,"turns":4},{"damage":41,"enemies":"3 Cultists","floor":22,"turns":7},{"damage":0,"enemies":"Centurion and Healer","floor":24,"turns":9},{"damage":39,"enemies":"Book of Stabbing","floor":27,"turns":6},{"damage":10,"enemies":"Snake Plant","floor":28,"turns":1}],"seed_played":"-8712455121005954193","potions_obtained":[{"floor":4.0,"key":"EssenceOfDarkness"},{"floor":10,"key":"Block Potion"},{"floor":11,"key":"FearPotion"},{"floor":13,"key":"Strength Potion"},{"floor":24,"key":"Dexterity Potion"},{"floor":27,"key":"Strength Potion"}],"is_trial":false,"path_per_floor":["M","M","?","M","M","R","E","R","T","M","M","R","E","M","R","B",null,"M","?","M","$","M","R","M","R","T","E","M"],"character_chosen":"DEFECT","items_purchased":["Capacitor","Explosive Potion"],"campfire_rested":2,"item_purchase_floors":[21,21],"current_hp_per_floor":[64,64,64,64,62,62,43,43,43,40,40,40,40,35,35,35,62,51,51,44,44,3,24,24,45,45,6,0],"gold":180,"neow_bonus":"THREE_ENEMY_KILL","is_prod":false,"is_daily":false,"chose_seed":false,"campfire_upgraded":4,"win_rate":0,"timestamp":1651288744,"path_taken":["M","M","?","M","M","R","E","R","T","?","M","R","E","M","R","BOSS","M","?","M","$","M","R","M","R","T","E","M"],"build_version":"2022-03-07","purchased_purges":1,"victory":false,"max_hp_per_floor":[71,71,71,71,71,71,71,71,71,71,71,71,71,71,71,71,71,71,71,71,71,71,71,71,71,71,71,71],"card_choices":[{"not_picked":["Coolheaded","Streamline"],"picked":"Compile Driver","floor":1.0},{"not_picked":["Go for the Eyes","Leap"],"picked":"Cold Snap","floor":2.0},{"not_picked":["Go for the Eyes","Leap"],"picked":"Cold Snap","floor":4.0},{"not_picked":["Streamline","Aggregate","Compile Driver"],"picked":"SKIP","floor":5.0},{"not_picked":["Recycle","Blizzard"],"picked":"Biased Cognition","floor":7.0},{"not_picked":["Steam","Go for the Eyes"],"picked":"White Noise","floor":10},{"not_picked":["Leap","Beam Cell"],"picked":"Ball Lightning","floor":11},{"not_picked":["Doom and Gloom","White Noise"],"picked":"Ball Lightning","floor":13},{"not_picked":["Darkness","Compile Driver","Force Field"],"picked":"SKIP","floor":14},{"not_picked":["Auto Shields","Barrage"],"picked":"Hologram","floor":18},{"not_picked":["Compile Driver","Beam Cell","Static Discharge"],"picked":"SKIP","floor":20},{"not_picked":["Ball Lightning","Hologram"],"picked":"Coolheaded+1","floor":22},{"not_picked":["Sweeping Beam","Cold Snap"],"picked":"Compile Driver","floor":24},{"not_picked":["Hyperbeam","Redo"],"picked":"Turbo","floor":27}],"player_experience":1009681,"relics_obtained":[{"floor":7.0,"key":"Boot"},{"floor":9,"key":"Centennial Puzzle"},{"floor":13,"key":"Oddly Smooth Stone"},{"floor":26,"key":"Whetstone"},{"floor":27,"key":"Pantograph"},{"floor":27,"key":"Nunchaku"}],"event_choices":[{"cards_removed":["Strike_B"],"damage_healed":0.0,"max_hp_gain":0.0,"max_hp_loss":0.0,"gold_gain":0.0,"event_name":"Bonfire Elementals","player_choice":"Offered Basic","floor":3.0,"gold_loss":0.0,"damage_taken":0.0},{"cards_removed":["Strike_B"],"damage_healed":0,"gold_gain":0,"player_choice":"Gave Gold","damage_taken":0,"max_hp_gain":0,"max_hp_loss":0,"event_name":"Beggar","floor":19,"gold_loss":75}],"is_beta":false,"boss_relics":[{"not_picked":["Fusion Hammer","Pandora\u0027s Box"],"picked":"Black Star"}],"items_purged_floors":[21],"is_endless":false,"potions_floor_spawned":[4,10,11,13,14,24,27],"killed_by":"Snake Plant","ascension_level":19}