{"gold_per_floor":[210,229,154,229,247,247,279,295,342,370,405,435,435,446,446,524,524,535,535,535,549,341,366,366,74,74,89,122,122,135,135,135,212,212,225,225,243,258,258,258,289,289,314,314],"floor_reached":44,"playtime":2393,"items_purged":["Strike_B","Zap","Defend_B"],"score":1045,"play_id":"5ef38fc7-bd6b-439f-986e-65184aa2fe5d","local_time":"20221116193319","is_ascension_mode":true,"campfire_choices":[{"data":"Barrage","floor":6.0,"key":"SMITH"},{"data":"Biased Cognition","floor":13.0,"key":"SMITH"},{"data":"Defragment","floor":15,"key":"SMITH"},{"floor":24,"key":"REST"},{"data":"White Noise","floor":29,"key":"SMITH"},{"floor":32,"key":"REST"},{"floor":40,"key":"REST"},{"data":"Fission","floor":42,"key":"SMITH"}],"neow_cost":"NONE","seed_source_timestamp":573199080734500,"circlet_count":0,"master_deck":["AscendersBane","Defend_B","Ball Lightning","Barrage+1","Reinforced Body","Hyperbeam+1","Coolheaded","Biased Cognition+1","Defragment+1","Fission+1","Glacier+1","Fusion+1","Cold Snap+1","Recycle","Barrage+1","Skim+1","White Noise+1","Electrodynamics","Echo Form","BootSequence","Go for the Eyes+1","Doom and Gloom","Buffer"],"special_seed":0,"relics":["Cracked Core","White Beast Statue","Potion Belt","Odd Mushroom","Pen Nib","Astrolabe","Dream Catcher","Toolbox","Sundial","The Courier","Inserter","Pantograph"],"potions_floor_usage":[16,20,20,21,23,27,28,28,33],"damage_taken":[{"damage":3.0,"enemies":"2 Louse","floor":1.0,"turns":4.0},{"damage":7.0,"enemies":"Jaw Worm","floor":2.0,"turns":2.0},{"damage":0.0,"enemies":"Cultist","floor":5.0,"turns":3.0},{"damage":11.0,"enemies":"Gremlin Nob","floor":7.0,"turns":4.0},{"damage":2.0,"enemies":"3 Louse","floor":8.0,"turns":2.0},{"damage":0.0,"enemies":"The Mushroom Lair","floor":10.0,"turns":1.0},{"damage":11.0,"enemies":"Lagavulin","floor":11.0,"turns":7.0},{"damage":0.0,"enemies":"Red Slaver","floor":14.0,"turns":2.0},{"damage":0,"enemies":"Hexaghost","floor":16,"turns":8},{"damage":6,"enemies":"2 Thieves","floor":18,"turns":4},{"damage":0,"enemies":"3 Byrds","floor":20,"turns":3},{"damage":17,"enemies":"Shelled Parasite and Fungi","floor":21,"turns":6},{"damage":14,"enemies":"Slavers","floor":23,"turns":6},{"damage":0,"enemies":"Snecko","floor":27,"turns":8},{"damage":28,"enemies":"Gremlin Leader","floor":28,"turns":8},{"damage":0,"enemies":"Snake Plant","floor":30,"turns":7},{"damage":8,"enemies":"Champ","floor":33,"turns":19},{"damage":11,"enemies":"3 Shapes","floor":35,"turns":3},{"damage":2,"enemies":"Orb Walker","floor":37,"turns":4},{"damage":18,"enemies":"Transient","floor":38,"turns":6},{"damage":28,"enemies":"Giant Head","floor":41,"turns":7},{"damage":25,"enemies":"Spire Growth","floor":44,"turns":4}],"seed_played":"-1013630432759700686","potions_obtained":[{"floor":5.0,"key":"Block Potion"},{"floor":8.0,"key":"PotionOfCapacity"},{"floor":10.0,"key":"DistilledChaos"},{"floor":11.0,"key":"AttackPotion"},{"floor":14.0,"key":"Weak Potion"},{"floor":16,"key":"Regen Potion"},{"floor":18,"key":"SmokeBomb"},{"floor":21,"key":"ColorlessPotion"},{"floor":23,"key":"ColorlessPotion"},{"floor":27,"key":"BlessingOfTheForge"},{"floor":28,"key":"FocusPotion"},{"floor":30,"key":"SpeedPotion"},{"floor":33,"key":"EntropicBrew"},{"floor":35,"key":"LiquidBronze"},{"floor":37,"key":"SteroidPotion"},{"floor":38,"key":"PotionOfCapacity"}],"is_trial":false,"path_per_floor":["M","M","$","?","M","R","E","M","T","?","E","?","R","M","R","B",null,"M","?","M","M","$","E","R","$","T","M","E","R","M","?","R","B",null,"M","?","M","M","?","R","E","R","T","M"],"character_chosen":"DEFECT","items_purchased":["CultistPotion","Toolbox"],"campfire_rested":3,"item_purchase_floors":[22,25],"current_hp_per_floor":[61,54,54,43,43,43,32,30,30,30,19,19,19,19,19,19,58,52,52,61,44,44,30,51,51,51,51,23,23,23,23,44,36,62,51,51,49,31,31,52,24,24,24,0],"gold":314,"neow_bonus":"HUNDRED_GOLD","is_prod":false,"is_daily":false,"chose_seed":false,"campfire_upgraded":5,"win_rate":0,"timestamp":1668645199,"path_taken":["M","M","$","?","M","R","E","M","T","?","E","?","R","M","R","BOSS","M","?","M","M","$","E","R","?","T","M","E","R","M","?","R","BOSS","M","?","M","?","?","R","E","R","T","M"],"build_version":"2022-10-04","purchased_purges":3,"victory":false,"max_hp_per_floor":[71,71,71,71,71,71,71,71,71,71,71,71,71,71,71,71,71,71,71,71,71,71,71,71,71,71,71,71,71,71,71,71,71,71,71,71,71,71,71,71,71,71,71,71],"relic_stats":{"Dream Catcher":3,"Inserter":[12],"counters":[22,118],"Sundial":[20],"Astrolabe":["Glacier","Fusion","Cold Snap"],"Pantograph":0,"Pen Nib":[12],"The Courier":0,"obtain_stats":[{"Potion Belt":9,"Dream Catcher":23,"Inserter":34,"Sundial":26,"Astrolabe":17,"Pantograph":41,"Toolbox":25,"Pen Nib":11,"The Courier":28,"Odd Mushroom":10,"Cracked Core":0,"White Beast Statue":7},{"Potion Belt":5,"Dream Catcher":13,"Inserter":17,"Sundial":13,"Astrolabe":9,"Pantograph":21,"Toolbox":13,"Pen Nib":7,"The Courier":15,"Odd Mushroom":6,"Cracked Core":0,"White Beast Statue":4},{"Potion Belt":15,"Dream Catcher":52,"Inserter":94,"Sundial":52,"Astrolabe":33,"Pantograph":114,"Toolbox":52,"Pen Nib":23,"The Courier":68,"Odd Mushroom":16,"Cracked Core":0,"White Beast Statue":13}],"White Beast Statue":[0.002400000000000001,0.0,0.12000000000000004,0.0,0.49360000000000015,0.0,0.3480000000000001,0.0,0.03600000000000001,0.0,0.0,8.124846080000001]},"card_choices":[{"not_picked":["Conserve Battery","Scrape"],"picked":"Ball Lightning","floor":1.0},{"not_picked":["Leap","Gash"],"picked":"Barrage","floor":2.0},{"not_picked":["Skim","Force Field"],"picked":"Reinforced Body","floor":5.0},{"not_picked":["Redo","Rebound"],"picked":"Hyperbeam","floor":7.0},{"not_picked":["Sunder","FTL"],"picked":"Coolheaded","floor":8.0},{"not_picked":["Self Repair","Echo Form"],"picked":"Biased Cognition","floor":11.0},{"not_picked":["Self Repair","Barrage"],"picked":"Defragment","floor":14.0},{"not_picked":["Multi-Cast","Rainbow"],"picked":"Fission","floor":16},{"not_picked":["Hologram","Barrage"],"picked":"Recycle","floor":18},{"not_picked":["Reprogram","Steam"],"picked":"Barrage+1","floor":21},{"not_picked":["Stack","Heatsinks","Reinforced Body"],"picked":"SKIP","floor":23},{"not_picked":["Recycle","Conserve Battery"],"picked":"Skim+1","floor":24},{"not_picked":["Force Field","Compile Driver"],"picked":"White Noise","floor":27},{"not_picked":["Consume+1","Barrage","Gash"],"picked":"SKIP","floor":28},{"not_picked":["Hologram","Streamline+1"],"picked":"Electrodynamics","floor":30},{"not_picked":["Buffer","Creative AI"],"picked":"Echo Form","floor":33},{"not_picked":["Leap","Ball Lightning+1"],"picked":"BootSequence","floor":35},{"not_picked":["Coolheaded","Conserve Battery"],"picked":"Go for the Eyes+1","floor":37},{"not_picked":["Recycle","Streamline","Sweeping Beam"],"picked":"SKIP","floor":38},{"not_picked":["Hologram","Chill"],"picked":"Buffer","floor":41}],"player_experience":1227695,"relics_obtained":[{"floor":7.0,"key":"White Beast Statue"},{"floor":9.0,"key":"Potion Belt"},{"floor":10.0,"key":"Odd Mushroom"},{"floor":11.0,"key":"Pen Nib"},{"floor":23,"key":"Dream Catcher"},{"floor":26,"key":"Sundial"},{"floor":28,"key":"The Courier"},{"floor":41,"key":"Pantograph"}],"event_choices":[{"damage_healed":0.0,"max_hp_gain":0.0,"max_hp_loss":0.0,"gold_gain":75.0,"event_name":"World of Goop","player_choice":"Gather Gold","floor":4.0,"gold_loss":0.0,"damage_taken":11.0},{"damage_healed":0.0,"max_hp_gain":0.0,"max_hp_loss":0.0,"gold_gain":0.0,"event_name":"Mushrooms","player_choice":"Fought Mushrooms","floor":10.0,"gold_loss":0.0,"damage_taken":0.0},{"damage_healed":0.0,"max_hp_gain":0.0,"max_hp_loss":0.0,"gold_gain":30.0,"event_name":"Dead Adventurer","player_choice":"Searched \u00271\u0027 times","floor":12.0,"gold_loss":0.0,"damage_taken":0.0},{"damage_healed":0,"gold_gain":0,"player_choice":"Forge","damage_taken":0,"max_hp_gain":0,"max_hp_loss":0,"event_name":"Accursed Blacksmith","floor":19,"gold_loss":0,"cards_upgraded":["Hyperbeam"]},{"cards_removed":["Defend_B"],"damage_healed":0,"gold_gain":0,"player_choice":"Elegance","damage_taken":0,"max_hp_gain":0,"max_hp_loss":0,"event_name":"Back to Basics","floor":31,"gold_loss":0},{"cards_removed":["Dualcast"],"damage_healed":0,"gold_gain":0,"player_choice":"Purged","damage_taken":0,"max_hp_gain":0,"max_hp_loss":0,"event_name":"Purifier","floor":36,"gold_loss":0},{"damage_healed":0,"gold_gain":0,"cards_transformed":["Defend_B"],"player_choice":"Transformed","damage_taken":0,"max_hp_gain":0,"max_hp_loss":0,"event_name":"Transmorgrifier","floor":39,"gold_loss":0,"cards_obtained":["Doom and Gloom"]}],"is_beta":false,"boss_relics":[{"not_picked":["Sozu","Ectoplasm"],"picked":"Astrolabe"},{"not_picked":["Pandora\u0027s Box","Philosopher\u0027s Stone"],"picked":"Inserter"}],"items_purged_floors":[3,22,25],"is_endless":false,"potions_floor_spawned":[5,8,10,11,14,16,18,20,21,23,27,28,30,33,35,37,38,41],"killed_by":"Spire Growth","ascension_level":19}