{"gold_per_floor":[18,32,45,59,59,59,87,87,87,119,133,133,194,221,221,293,293,305,305,322,340,93,93,113,113,113,131,163,163,175,190,190,190],"floor_reached":33,"playtime":1758,"items_purged":["Strike_B"],"score":564,"play_id":"189630a5-8850-4b6d-8fc2-c020286f2122","local_time":"20221116182816","is_ascension_mode":true,"campfire_choices":[{"data":"Static Discharge","floor":6,"key":"SMITH"},{"floor":8,"key":"REST"},{"floor":15,"key":"REST"},{"floor":23,"key":"REST"},{"data":"Defragment","floor":25,"key":"SMITH"},{"floor":32,"key":"REST"}],"neow_cost":"NO_GOLD","seed_source_timestamp":569942244414400,"circlet_count":0,"master_deck":["AscendersBane","Strike_B","Strike_B","Strike_B+1","Defend_B","Defend_B","Defend_B","Defend_B+1","Zap","Dualcast","Master of Strategy","Defragment+1","Sunder+1","Hologram+1","Static Discharge+1","Cold Snap","Cold Snap","White Noise+1","Fission+1","Coolheaded","Go for the Eyes+1","Barrage"],"relics":["Cracked Core","MealTicket","Whetstone","Ornamental Fan","War Paint","Du-Vu Doll","Inserter","Anchor","Frozen Egg 2","Lantern"],"potions_floor_usage":[7,11,11,16,28,33],"damage_taken":[{"damage":0,"enemies":"Cultist","floor":1,"turns":3},{"damage":0,"enemies":"2 Louse","floor":2,"turns":2},{"damage":2,"enemies":"Jaw Worm","floor":3,"turns":3},{"damage":8,"enemies":"3 Louse","floor":4,"turns":4},{"damage":25,"enemies":"3 Sentries","floor":7,"turns":4},{"damage":20,"enemies":"Lagavulin","floor":10,"turns":5},{"damage":1,"enemies":"Exordium Thugs","floor":11,"turns":3},{"damage":25,"enemies":"Gremlin Nob","floor":13,"turns":3},{"damage":18,"enemies":"3 Sentries","floor":14,"turns":6},{"damage":15,"enemies":"Hexaghost","floor":16,"turns":7},{"damage":4,"enemies":"Spheric Guardian","floor":18,"turns":4},{"damage":18,"enemies":"3 Byrds","floor":20,"turns":4},{"damage":28,"enemies":"3 Cultists","floor":21,"turns":5},{"damage":0,"enemies":"Centurion and Healer","floor":24,"turns":10},{"damage":4,"enemies":"Snecko","floor":27,"turns":5},{"damage":5,"enemies":"Gremlin Leader","floor":28,"turns":5},{"damage":24,"enemies":"Chosen and Byrds","floor":30,"turns":5},{"damage":3,"enemies":"Snake Plant","floor":31,"turns":5},{"damage":62,"enemies":"Collector","floor":33,"turns":5}],"seed_played":"-80106281819548511","potions_obtained":[{"floor":2,"key":"ColorlessPotion"},{"floor":4,"key":"Fire Potion"},{"floor":10,"key":"Strength Potion"},{"floor":11,"key":"Strength Potion"},{"floor":18,"key":"Ancient Potion"},{"floor":20,"key":"DistilledChaos"},{"floor":21,"key":"FairyPotion"},{"floor":30,"key":"Weak Potion"}],"is_trial":false,"path_per_floor":["M","M","M","M","?","R","E","R","T","E","M","?","?","E","R","B",null,"M","?","M","M","$","R","M","R","T","M","E","?","M","M","R","B"],"character_chosen":"DEFECT","items_purchased":["Anchor"],"campfire_rested":4,"item_purchase_floors":[22],"current_hp_per_floor":[64,64,62,54,54,54,29,50,50,30,29,52,27,9,30,15,57,53,53,35,7,22,43,43,43,43,39,34,34,10,7,28,0],"gold":190,"neow_bonus":"RANDOM_COLORLESS_2","is_prod":false,"is_daily":false,"chose_seed":false,"campfire_upgraded":2,"win_rate":0,"timestamp":1668641296,"path_taken":["M","M","?","M","?","R","E","R","T","E","?","?","?","E","R","BOSS","M","?","?","M","$","R","M","R","T","M","E","?","M","M","R","BOSS"],"build_version":"2022-10-04","purchased_purges":1,"victory":false,"max_hp_per_floor":[71,71,71,71,71,71,71,71,71,71,71,71,71,71,71,71,71,71,71,71,71,71,71,71,71,71,71,71,71,71,71,71,71],"relic_stats":{"Inserter":[24],"counters":[19,88],"Ornamental Fan":[60],"MealTicket":15,"Whetstone":["Strike_B","Sunder"],"War Paint":["Defend_B","Hologram"],"obtain_stats":[{"Du-Vu Doll":14,"Anchor":22,"Lantern":28,"Inserter":17,"Ornamental Fan":10,"MealTicket":7,"Whetstone":9,"War Paint":13,"Frozen Egg 2":26,"Cracked Core":0},{"Du-Vu Doll":9,"Anchor":13,"Lantern":16,"Inserter":10,"Ornamental Fan":6,"MealTicket":5,"Whetstone":5,"War Paint":8,"Frozen Egg 2":14,"Cracked Core":0},{"Du-Vu Doll":33,"Anchor":53,"Lantern":73,"Inserter":40,"Ornamental Fan":21,"MealTicket":16,"Whetstone":16,"War Paint":27,"Frozen Egg 2":63,"Cracked Core":0}]},"card_choices":[{"not_picked":["Magnetism","Transmutation"],"picked":"Master of Strategy","floor":0},{"not_picked":["Compile Driver","FTL"],"picked":"Defragment","floor":1},{"not_picked":["Rebound","Conserve Battery"],"picked":"Sunder","floor":2},{"not_picked":["Redo","Steam Power"],"picked":"Hologram","floor":3},{"not_picked":["Leap","Hologram"],"picked":"Static Discharge","floor":4},{"not_picked":["Skim","Gash","Redo"],"picked":"SKIP","floor":7},{"not_picked":["Stack","Sunder"],"picked":"Cold Snap","floor":10},{"not_picked":["Turbo","Sunder","Cold Snap"],"picked":"SKIP","floor":11},{"not_picked":["Go for the Eyes","Steam Power"],"picked":"White Noise","floor":14},{"not_picked":["Meteor Strike","Thunder Strike"],"picked":"Fission","floor":16},{"not_picked":["Cold Snap","Capacitor+1","Redo"],"picked":"SKIP","floor":18},{"not_picked":["Sweeping Beam","Turbo","Static Discharge"],"picked":"SKIP","floor":20},{"not_picked":["Steam","Redo","Fission"],"picked":"SKIP","floor":21},{"not_picked":["Steam","Lockon+1"],"picked":"Coolheaded","floor":24},{"not_picked":["Cold Snap","Reprogram","Darkness"],"picked":"SKIP","floor":27},{"not_picked":["Melter","Barrage"],"picked":"Go for the Eyes+1","floor":28},{"not_picked":["Static Discharge+1","Rebound","Lockon"],"picked":"SKIP","floor":30},{"not_picked":["Streamline","Hologram"],"picked":"Barrage","floor":31}],"player_experience":1225937,"relics_obtained":[{"floor":7,"key":"MealTicket"},{"floor":9,"key":"Whetstone"},{"floor":10,"key":"Ornamental Fan"},{"floor":13,"key":"War Paint"},{"floor":14,"key":"Du-Vu Doll"},{"floor":26,"key":"Frozen Egg 2"},{"floor":28,"key":"Lantern"}],"event_choices":[{"damage_healed":0,"gold_gain":0,"player_choice":"1 cards matched","damage_taken":0,"max_hp_gain":0,"max_hp_loss":0,"event_name":"Match and Keep!","floor":5,"gold_loss":0,"cards_obtained":["Cold Snap"]},{"damage_healed":23,"gold_gain":0,"player_choice":"Banana","damage_taken":0,"max_hp_gain":0,"max_hp_loss":0,"event_name":"Big Fish","floor":12,"gold_loss":0},{"damage_healed":0,"gold_gain":0,"player_choice":"Searched \u00271\u0027 times","damage_taken":0,"max_hp_gain":0,"max_hp_loss":0,"event_name":"Dead Adventurer","floor":13,"gold_loss":0},{"damage_healed":0,"gold_gain":0,"player_choice":"Upgraded","damage_taken":0,"max_hp_gain":0,"max_hp_loss":0,"event_name":"Upgrade Shrine","floor":19,"gold_loss":0,"cards_upgraded":["Fission"]},{"damage_healed":0,"gold_gain":0,"player_choice":"Forge","damage_taken":0,"max_hp_gain":0,"max_hp_loss":0,"event_name":"Accursed Blacksmith","floor":29,"gold_loss":0,"cards_upgraded":["White Noise"]}],"is_beta":false,"boss_relics":[{"not_picked":["Runic Dome","FrozenCore"],"picked":"Inserter"}],"items_purged_floors":[22],"is_endless":false,"potions_floor_spawned":[2,4,10,11,18,20,21,30],"killed_by":"Collector","ascension_level":19}