{"gold_per_floor":[215,148,34,53,53,78,99,117,117,117,146,172,198,221,233,322,334,363,391,403],"floor_reached":20,"playtime":1039,"items_purged":[],"score":363,"play_id":"2d98aea7-1d30-4ee1-ab42-f67c6f192a33","local_time":"20221122224046","is_ascension_mode":true,"campfire_choices":[{"floor":10,"key":"REST"},{"data":"Darkness","floor":15,"key":"SMITH"}],"neow_cost":"NONE","seed_source_timestamp":1104211039973300,"circlet_count":0,"master_deck":["AscendersBane","Strike_B","Strike_B","Strike_B","Strike_B","Defend_B","Defend_B","Defend_B","Defend_B","Zap","Dualcast","Streamline","Self Repair+1","Gash","Rebound","Darkness+1","Compile Driver","Darkness","Loop+1","Go for the Eyes","Hologram","Reinforced Body","Glacier","Creative AI+1","Loop+1","Hologram"],"relics":["Cracked Core","Frozen Egg 2","Letter Opener","Dream Catcher","Odd Mushroom","StrikeDummy","MawBank","Velvet Choker"],"potions_floor_usage":[7,11,12,19,20],"damage_taken":[{"damage":0,"enemies":"2 Louse","floor":1,"turns":3},{"damage":2,"enemies":"Cultist","floor":4,"turns":4},{"damage":40,"enemies":"3 Sentries","floor":6,"turns":9},{"damage":16,"enemies":"The Mushroom Lair","floor":7,"turns":3},{"damage":7,"enemies":"Jaw Worm","floor":8,"turns":3},{"damage":11,"enemies":"Gremlin Nob","floor":11,"turns":3},{"damage":4,"enemies":"Large Slime","floor":12,"turns":5},{"damage":9,"enemies":"2 Fungi Beasts","floor":13,"turns":3},{"damage":12,"enemies":"Exordium Thugs","floor":14,"turns":4},{"damage":26,"enemies":"The Guardian","floor":16,"turns":11},{"damage":18,"enemies":"Shell Parasite","floor":18,"turns":6},{"damage":0,"enemies":"Spheric Guardian","floor":19,"turns":3},{"damage":61,"enemies":"Masked Bandits","floor":20,"turns":3}],"seed_played":"-1911824621285608689","potions_obtained":[{"floor":6,"key":"ColorlessPotion"},{"floor":8,"key":"Energy Potion"},{"floor":11,"key":"Swift Potion"},{"floor":14,"key":"AttackPotion"},{"floor":18,"key":"LiquidBronze"}],"is_trial":false,"path_per_floor":["M","?","$","M","?","E","?","M","T","R","E","M","M","M","R","B",null,"M","M","?"],"character_chosen":"DEFECT","items_purchased":["Self Repair+1","Gash"],"campfire_rested":1,"item_purchase_floors":[3,3],"current_hp_per_floor":[64,64,64,71,53,23,17,20,20,41,40,46,47,45,45,29,61,53,53,0],"gold":403,"neow_bonus":"HUNDRED_GOLD","is_prod":false,"is_daily":false,"chose_seed":false,"campfire_upgraded":1,"win_rate":0,"timestamp":1669174846,"path_taken":["M","?","$","?","?","E","?","M","T","R","E","M","M","M","R","BOSS","M","M","?"],"build_version":"2022-10-04","purchased_purges":0,"victory":false,"max_hp_per_floor":[71,71,71,71,71,71,71,71,71,71,71,71,71,71,71,71,71,71,71,71],"relic_stats":{"Dream Catcher":1,"counters":[13,60],"Letter Opener":[40],"MawBank":108,"obtain_stats":[{"Dream Catcher":6,"Velvet Choker":17,"Letter Opener":5,"Frozen Egg 2":2,"Odd Mushroom":7,"Cracked Core":0,"StrikeDummy":9,"MawBank":11},{"Dream Catcher":3,"Velvet Choker":10,"Letter Opener":2,"Frozen Egg 2":1,"Odd Mushroom":4,"Cracked Core":0,"StrikeDummy":5,"MawBank":6},{"Dream Catcher":16,"Velvet Choker":48,"Letter Opener":7,"Frozen Egg 2":3,"Odd Mushroom":19,"Cracked Core":0,"StrikeDummy":22,"MawBank":25}]},"card_choices":[{"not_picked":["Barrage","Heatsinks"],"picked":"Streamline","floor":1},{"not_picked":["Capacitor+1","Auto Shields"],"picked":"Rebound","floor":4},{"not_picked":["Static Discharge+1","Redo"],"picked":"Darkness","floor":6},{"not_picked":["Coolheaded","Self Repair+1"],"picked":"Compile Driver","floor":7},{"not_picked":["Steam Power","Genetic Algorithm"],"picked":"Darkness","floor":8},{"not_picked":["Storm+1","Recycle"],"picked":"Loop+1","floor":10},{"not_picked":["Ball Lightning","Sweeping Beam"],"picked":"Go for the Eyes","floor":11},{"not_picked":["Static Discharge+1","Steam"],"picked":"Hologram","floor":12},{"not_picked":["Beam Cell","Streamline"],"picked":"Reinforced Body","floor":13},{"not_picked":["Ball Lightning","Double Energy"],"picked":"Glacier","floor":14},{"not_picked":["Seek","Multi-Cast"],"picked":"Creative AI+1","floor":16},{"not_picked":["Ball Lightning","Doom and Gloom"],"picked":"Loop+1","floor":18},{"not_picked":["Storm+1","Rebound"],"picked":"Hologram","floor":19}],"player_experience":1233099,"relics_obtained":[{"floor":6,"key":"Dream Catcher"},{"floor":7,"key":"Odd Mushroom"},{"floor":9,"key":"StrikeDummy"},{"floor":11,"key":"MawBank"}],"event_choices":[{"damage_healed":0,"gold_gain":0,"player_choice":"Paid Gold","damage_taken":0,"relics_obtained":["Frozen Egg 2"],"max_hp_gain":0,"max_hp_loss":0,"event_name":"WeMeetAgain","floor":2,"gold_loss":67},{"damage_healed":0,"gold_gain":0,"player_choice":"Success","damage_taken":18,"relics_obtained":["Letter Opener"],"max_hp_gain":0,"max_hp_loss":0,"event_name":"Scrap Ooze","floor":5,"gold_loss":0},{"damage_healed":0,"gold_gain":0,"player_choice":"Fought Mushrooms","damage_taken":0,"max_hp_gain":0,"max_hp_loss":0,"event_name":"Mushrooms","floor":7,"gold_loss":0},{"damage_healed":0,"gold_gain":0,"player_choice":"Fought Bandits","damage_taken":0,"max_hp_gain":0,"max_hp_loss":0,"event_name":"Masked Bandits","floor":20,"gold_loss":0}],"is_beta":false,"boss_relics":[{"not_picked":["Calling Bell","Cursed Key"],"picked":"Velvet Choker"}],"items_purged_floors":[],"is_endless":false,"potions_floor_spawned":[6,8,11,14,18],"killed_by":"Masked Bandits","ascension_level":19}