{"gold_per_floor":[361,143,143,153,171,171,171,171,195,224,224,238,269,282,282,355,355,368,368,40,40,53,53,67,67,67,81,81,96,126,126,126,199,199,210,227,242,242,254,289,289,289,316,345,345,49,375,355,355,355],"floor_reached":50,"playtime":3011,"items_purged":["Injury","Strike_B","Zap"],"score":1410,"play_id":"ce713b9d-aa8d-4221-9b74-61208c888119","local_time":"20221122222318","is_ascension_mode":true,"campfire_choices":[{"data":"Lockon","floor":6.0,"key":"SMITH"},{"data":"Sweeping Beam","floor":8.0,"key":"SMITH"},{"data":"Doom and Gloom","floor":15.0,"key":"SMITH"},{"floor":23.0,"key":"REST"},{"data":"Coolheaded","floor":25.0,"key":"SMITH"},{"floor":32.0,"key":"REST"},{"data":"Hologram","floor":41.0,"key":"SMITH"},{"floor":45.0,"key":"REST"},{"floor":49,"key":"RECALL"}],"neow_cost":"CURSE","seed_source_timestamp":0,"circlet_count":0,"master_deck":["AscendersBane","Defend_B","Defend_B","Defend_B+1","Defend_B+1","Dualcast","Tempest","Lockon+1","Sweeping Beam+1","Cold Snap","Ball Lightning","Doom and Gloom+1","Conserve Battery","Redo","Echo Form","Go for the Eyes","Echo Form","Coolheaded+1","Finesse","Recycle","Self Repair","Compile Driver","Electrodynamics","Hologram+1","Genetic Algorithm","Steam+1"],"special_seed":0,"relics":["Cracked Core","Happy Flower","Oddly Smooth Stone","FossilizedHelix","Runic Dome","Cables","Ancient Tea Set","Busted Crown","Strawberry","Question Card","Chemical X","Old Coin"],"potions_floor_usage":[50],"damage_taken":[{"damage":0.0,"enemies":"2 Louse","floor":1.0,"turns":3.0},{"damage":10.0,"enemies":"Small Slimes","floor":4.0,"turns":4.0},{"damage":0.0,"enemies":"Jaw Worm","floor":5.0,"turns":3.0},{"damage":0.0,"enemies":"Gremlin Nob","floor":10.0,"turns":2.0},{"damage":2.0,"enemies":"Blue Slaver","floor":12.0,"turns":2.0},{"damage":12.0,"enemies":"3 Sentries","floor":13.0,"turns":6.0},{"damage":0.0,"enemies":"3 Louse","floor":14.0,"turns":4.0},{"damage":0.0,"enemies":"Slime Boss","floor":16.0,"turns":5.0},{"damage":29.0,"enemies":"3 Byrds","floor":18.0,"turns":3.0},{"damage":0.0,"enemies":"Spheric Guardian","floor":22.0,"turns":3.0},{"damage":23.0,"enemies":"Centurion and Healer","floor":24.0,"turns":7.0},{"damage":25.0,"enemies":"Chosen and Byrds","floor":27.0,"turns":8.0},{"damage":0.0,"enemies":"3 Cultists","floor":29.0,"turns":3.0},{"damage":31.0,"enemies":"Slavers","floor":30.0,"turns":5.0},{"damage":0.0,"enemies":"Centurion and Healer","floor":31.0,"turns":4.0},{"damage":0.0,"enemies":"Champ","floor":33.0,"turns":14.0},{"damage":13.0,"enemies":"3 Shapes","floor":35.0,"turns":5.0},{"damage":0.0,"enemies":"Orb Walker","floor":36.0,"turns":3.0},{"damage":14.0,"enemies":"Sphere and 2 Shapes","floor":37.0,"turns":4.0},{"damage":9.0,"enemies":"Transient","floor":39.0,"turns":6.0},{"damage":30.0,"enemies":"Nemesis","floor":40.0,"turns":10.0},{"damage":32.0,"enemies":"Reptomancer","floor":44.0,"turns":7.0},{"damage":20.0,"enemies":"Giant Head","floor":47.0,"turns":8.0},{"damage":60,"enemies":"Awakened One","floor":50,"turns":8}],"seed_played":"-947920850765768369","potions_obtained":[{"floor":5.0,"key":"ColorlessPotion"},{"floor":10.0,"key":"LiquidMemories"},{"floor":14.0,"key":"Dexterity Potion"},{"floor":16.0,"key":"LiquidMemories"},{"floor":27.0,"key":"SneckoOil"},{"floor":29.0,"key":"Weak Potion"},{"floor":30.0,"key":"SmokeBomb"},{"floor":33.0,"key":"Block Potion"},{"floor":36.0,"key":"SpeedPotion"},{"floor":40.0,"key":"SteroidPotion"},{"floor":44.0,"key":"DistilledChaos"},{"floor":47.0,"key":"EssenceOfSteel"}],"is_trial":false,"path_per_floor":["M","$","?","M","M","R","?","R","T","E","?","M","E","M","R","B",null,"M","?","$","?","M","R","M","R","T","M","?","M","E","M","R","B",null,"M","M","M","?","M","E","R","?","T","E","R","$","E","?","R","B"],"character_chosen":"DEFECT","items_purchased":["Lockon","PowerPotion","Echo Form","Coolheaded","Finesse","Chemical X"],"campfire_rested":3,"item_purchase_floors":[2,2,20,20,20,46],"current_hp_per_floor":[64,64,69,59,59,59,59,59,59,59,36,34,22,22,22,22,63,34,34,34,34,34,56,40,40,40,22,22,36,19,26,48,62,73,74,74,67,67,72,56,56,56,56,38,61,61,55,55,55,0],"gold":355,"neow_bonus":"TWO_FIFTY_GOLD","is_prod":false,"is_daily":false,"chose_seed":false,"campfire_upgraded":5,"win_rate":0,"timestamp":1669173798,"path_taken":["M","$","?","M","M","R","?","R","T","E","?","M","E","M","R","BOSS","M","?","$","?","M","R","?","R","T","M","?","M","E","M","R","BOSS","M","M","M","?","M","E","R","?","T","E","R","$","E","?","R","BOSS"],"build_version":"2022-10-04","purchased_purges":3,"victory":false,"max_hp_per_floor":[71,71,76,76,76,76,76,76,76,76,76,76,76,76,76,76,76,76,76,76,76,76,76,76,76,76,76,76,76,76,76,76,76,76,76,76,76,72,72,79,79,79,79,79,79,79,79,79,79,79],"relic_stats":{"Busted Crown":14,"Happy Flower":[39],"counters":[24,127],"Chemical X":[2],"Ancient Tea Set":[8],"Question Card":1,"obtain_stats":[{"Runic Dome":17,"Busted Crown":34,"Happy Flower":9,"Strawberry":40,"Oddly Smooth Stone":10,"Chemical X":46,"Cracked Core":0,"Ancient Tea Set":30,"Question Card":44,"FossilizedHelix":13,"Cables":26,"Old Coin":47},{"Runic Dome":8,"Busted Crown":16,"Happy Flower":3,"Strawberry":21,"Oddly Smooth Stone":4,"Chemical X":22,"Cracked Core":0,"Ancient Tea Set":14,"Question Card":22,"FossilizedHelix":6,"Cables":11,"Old Coin":23},{"Runic Dome":29,"Busted Crown":76,"Happy Flower":10,"Strawberry":104,"Oddly Smooth Stone":12,"Chemical X":111,"Cracked Core":0,"Ancient Tea Set":58,"Question Card":111,"FossilizedHelix":20,"Cables":42,"Old Coin":119}],"FossilizedHelix":[142],"Cables":[76,38,26,12,0]},"card_choices":[{"not_picked":["Heatsinks","Skim"],"picked":"Tempest","floor":1.0},{"not_picked":["Hologram","Gash"],"picked":"Sweeping Beam","floor":4.0},{"not_picked":["Tempest","Rebound"],"picked":"Cold Snap","floor":5.0},{"not_picked":["Cold Snap","Hello World"],"picked":"Ball Lightning","floor":10.0},{"not_picked":["Rip and Tear","Cold Snap"],"picked":"Doom and Gloom","floor":12.0},{"not_picked":["Turbo","Gash"],"picked":"Conserve Battery","floor":13.0},{"not_picked":["Doom and Gloom","Tempest"],"picked":"Redo","floor":14.0},{"not_picked":["Seek","Multi-Cast"],"picked":"Echo Form","floor":16.0},{"not_picked":["Steam","Conserve Battery"],"picked":"Go for the Eyes","floor":18.0},{"not_picked":["Sweeping Beam","Undo","Barrage"],"picked":"SKIP","floor":22.0},{"not_picked":["Leap","Rebound","Conserve Battery"],"picked":"SKIP","floor":24.0},{"not_picked":["Leap","Sweeping Beam","Streamline"],"picked":"SKIP","floor":27.0},{"not_picked":["Ball Lightning","Self Repair"],"picked":"Compile Driver","floor":29.0},{"not_picked":["Barrage+1","Sweeping Beam","Ball Lightning"],"picked":"SKIP","floor":30.0},{"not_picked":["Buffer","Seek"],"picked":"Electrodynamics","floor":33.0},{"not_picked":[],"picked":"Hologram","floor":35.0},{"not_picked":["Rebound+1"],"picked":"SKIP","floor":36.0},{"not_picked":["Reprogram"],"picked":"SKIP","floor":37.0},{"not_picked":[],"picked":"Genetic Algorithm","floor":39.0},{"not_picked":[],"picked":"Steam+1","floor":40.0},{"not_picked":["Ball Lightning+1"],"picked":"SKIP","floor":44.0},{"not_picked":["Self Repair","Barrage"],"picked":"SKIP","floor":47.0}],"player_experience":1230088,"relics_obtained":[{"floor":9.0,"key":"Happy Flower"},{"floor":10.0,"key":"Oddly Smooth Stone"},{"floor":13.0,"key":"FossilizedHelix"},{"floor":26.0,"key":"Cables"},{"floor":30.0,"key":"Ancient Tea Set"},{"floor":40.0,"key":"Strawberry"},{"floor":44.0,"key":"Question Card"},{"floor":47.0,"key":"Old Coin"}],"event_choices":[{"damage_healed":0.0,"max_hp_gain":5.0,"max_hp_loss":0.0,"gold_gain":0.0,"event_name":"Big Fish","player_choice":"Donut","floor":3.0,"gold_loss":0.0,"damage_taken":0.0},{"damage_healed":0.0,"max_hp_gain":0.0,"max_hp_loss":0.0,"gold_gain":0.0,"event_name":"Liars Game","player_choice":"Ignored","floor":7.0,"gold_loss":0.0,"damage_taken":0.0},{"damage_healed":0.0,"max_hp_gain":0.0,"max_hp_loss":0.0,"gold_gain":0.0,"event_name":"Shining Light","player_choice":"Entered Light","floor":11.0,"gold_loss":0.0,"damage_taken":23.0,"cards_upgraded":["Defend_B","Defend_B"]},{"damage_healed":0.0,"max_hp_gain":0.0,"max_hp_loss":0.0,"gold_gain":0.0,"event_name":"The Mausoleum","player_choice":"Ignored","floor":19.0,"gold_loss":0.0,"damage_taken":0.0},{"damage_healed":0.0,"max_hp_gain":0.0,"max_hp_loss":0.0,"gold_gain":0.0,"cards_transformed":["Strike_B","Strike_B"],"event_name":"Drug Dealer","player_choice":"Became Test Subject","floor":21.0,"gold_loss":0.0,"damage_taken":0.0,"cards_obtained":["Recycle","Self Repair"]},{"damage_healed":0.0,"max_hp_gain":0.0,"max_hp_loss":0.0,"gold_gain":0.0,"event_name":"N\u0027loth","player_choice":"Ignored","floor":28.0,"gold_loss":0.0,"damage_taken":0.0},{"damage_healed":0.0,"max_hp_gain":0.0,"max_hp_loss":4.0,"gold_gain":0.0,"event_name":"Winding Halls","player_choice":"Max HP","floor":38.0,"gold_loss":0.0,"damage_taken":0.0},{"cards_removed":["Strike_B"],"damage_healed":0.0,"max_hp_gain":0.0,"max_hp_loss":0.0,"gold_gain":0.0,"event_name":"Falling","player_choice":"Removed Attack","floor":42.0,"gold_loss":0.0,"damage_taken":0.0},{"damage_healed":0.0,"max_hp_gain":0.0,"max_hp_loss":0.0,"gold_gain":0.0,"event_name":"The Woman in Blue","player_choice":"Bought 1 Potion","floor":48.0,"gold_loss":0.0,"damage_taken":0.0}],"is_beta":false,"boss_relics":[{"not_picked":["Philosopher\u0027s Stone","FrozenCore"],"picked":"Runic Dome"},{"not_picked":["Velvet Choker","Black Star"],"picked":"Busted Crown"}],"items_purged_floors":[2,20,46],"is_endless":false,"potions_floor_spawned":[5,10,14,16,27,29,30,33,36,40,44,47],"killed_by":"Awakened One","ascension_level":19}