{"gold_per_floor":[118,118,131,145,220,248,267,267,291,291,317,331,45,71,71,142,142,154,105,20,20,37,37],"floor_reached":23,"playtime":1021,"items_purged":["Strike_B"],"score":509,"play_id":"ab65451d-76de-4694-a885-e1bb764f100a","local_time":"20221122230128","is_ascension_mode":true,"campfire_choices":[{"floor":10,"key":"REST"},{"data":"Biased Cognition","floor":15,"key":"SMITH"}],"neow_cost":"NONE","seed_source_timestamp":1105470619909199,"circlet_count":0,"master_deck":["AscendersBane","Strike_B","Strike_B+1","Strike_B+1","Defend_B","Defend_B","Defend_B","Defend_B","Zap","Dualcast","Biased Cognition+1","Ball Lightning","Ball Lightning","Leap","Coolheaded","Cold Snap","Barrage","Doom and Gloom","Glacier","FTL","Core Surge","Compile Driver"],"relics":["Cracked Core","Juzu Bracelet","Dream Catcher","Whetstone","InkBottle","Orrery","Bird Faced Urn","Black Star","Anchor"],"potions_floor_usage":[6,11,14,19,23,23],"damage_taken":[{"damage":4,"enemies":"Jaw Worm","floor":1,"turns":3},{"damage":10,"enemies":"Small Slimes","floor":3,"turns":3},{"damage":8,"enemies":"2 Louse","floor":4,"turns":3},{"damage":4,"enemies":"Lagavulin","floor":6,"turns":5},{"damage":1,"enemies":"2 Fungi Beasts","floor":7,"turns":3},{"damage":2,"enemies":"Gremlin Nob","floor":11,"turns":3},{"damage":9,"enemies":"Exordium Wildlife","floor":12,"turns":3},{"damage":7,"enemies":"3 Sentries","floor":14,"turns":4},{"damage":0,"enemies":"Slime Boss","floor":16,"turns":7},{"damage":5,"enemies":"Chosen","floor":18,"turns":5},{"damage":13,"enemies":"2 Thieves","floor":19,"turns":5},{"damage":14,"enemies":"Centurion and Healer","floor":22,"turns":7},{"damage":44,"enemies":"Book of Stabbing","floor":23,"turns":5}],"seed_played":"-4783038126160463310","potions_obtained":[{"floor":3,"key":"ColorlessPotion"},{"floor":4,"key":"Dexterity Potion"},{"floor":12,"key":"Weak Potion"},{"floor":14,"key":"Explosive Potion"},{"floor":19,"key":"ColorlessPotion"}],"is_trial":false,"path_per_floor":["M","?","M","M","?","E","M","?","T","R","E","M","$","E","R","B",null,"M","M","?","?","M","E"],"character_chosen":"DEFECT","items_purchased":["Orrery","Energy Potion"],"campfire_rested":1,"item_purchase_floors":[13,13],"current_hp_per_floor":[60,65,55,47,36,32,31,26,26,48,46,37,37,30,30,32,65,62,51,51,51,39,0],"gold":37,"neow_bonus":"ONE_RANDOM_RARE_CARD","is_prod":false,"is_daily":false,"chose_seed":false,"campfire_upgraded":1,"win_rate":0,"timestamp":1669176088,"path_taken":["M","?","M","M","?","E","M","?","T","R","E","M","$","E","R","BOSS","M","M","?","?","M","E"],"build_version":"2022-10-04","purchased_purges":1,"victory":false,"max_hp_per_floor":[71,76,76,76,76,76,76,76,76,76,76,76,76,76,76,76,76,76,76,76,76,76,76],"relic_stats":{"Dream Catcher":1,"counters":[13,56],"Bird Faced Urn":[10],"Juzu Bracelet":0,"Black Star":0,"Whetstone":["Strike_B","Strike_B"],"obtain_stats":[{"Dream Catcher":8,"Anchor":20,"Bird Faced Urn":14,"Orrery":13,"Juzu Bracelet":6,"Black Star":17,"Whetstone":9,"Cracked Core":0,"InkBottle":11},{"Dream Catcher":5,"Anchor":11,"Bird Faced Urn":8,"Orrery":7,"Juzu Bracelet":4,"Black Star":9,"Whetstone":5,"Cracked Core":0,"InkBottle":6},{"Dream Catcher":17,"Anchor":44,"Bird Faced Urn":27,"Orrery":23,"Juzu Bracelet":14,"Black Star":34,"Whetstone":17,"Cracked Core":0,"InkBottle":20}],"InkBottle":[9]},"card_choices":[{"not_picked":["Turbo","Stack"],"picked":"Ball Lightning","floor":1},{"not_picked":["Sweeping Beam","Lockon"],"picked":"Ball Lightning","floor":3},{"not_picked":["Hologram","Sweeping Beam"],"picked":"Leap","floor":4},{"not_picked":["Blizzard","Compile Driver","Gash"],"picked":"SKIP","floor":6},{"not_picked":["Recycle","Redo"],"picked":"Coolheaded","floor":7},{"not_picked":["Conserve Battery","Multi-Cast"],"picked":"Cold Snap","floor":10},{"not_picked":["Barrage","Leap","Double Energy"],"picked":"SKIP","floor":11},{"not_picked":["Leap","Double Energy"],"picked":"Barrage","floor":11},{"not_picked":["Streamline","Tempest","Ball Lightning"],"picked":"SKIP","floor":12},{"not_picked":["Defragment","Hyperbeam"],"picked":"Doom and Gloom","floor":13},{"not_picked":["Go for the Eyes","Gash"],"picked":"Glacier","floor":13},{"not_picked":["Chaos","Rip and Tear"],"picked":"FTL","floor":14},{"not_picked":["Meteor Strike","Machine Learning"],"picked":"Core Surge","floor":16},{"not_picked":["Self Repair","Compile Driver","Stack"],"picked":"SKIP","floor":18},{"not_picked":["Blizzard+1","Storm","Steam"],"picked":"SKIP","floor":19},{"not_picked":["Sweeping Beam","Barrage+1"],"picked":"Compile Driver","floor":22}],"player_experience":1234138,"relics_obtained":[{"floor":6,"key":"Juzu Bracelet"},{"floor":9,"key":"Whetstone"},{"floor":11,"key":"InkBottle"},{"floor":14,"key":"Bird Faced Urn"}],"event_choices":[{"damage_healed":0,"gold_gain":0,"player_choice":"Donut","damage_taken":0,"max_hp_gain":5,"max_hp_loss":0,"event_name":"Big Fish","floor":2,"gold_loss":0},{"damage_healed":0,"gold_gain":75,"player_choice":"Gather Gold","damage_taken":11,"max_hp_gain":0,"max_hp_loss":0,"event_name":"World of Goop","floor":5,"gold_loss":0},{"damage_healed":0,"gold_gain":0,"player_choice":"Success","damage_taken":5,"relics_obtained":["Dream Catcher"],"max_hp_gain":0,"max_hp_loss":0,"event_name":"Scrap Ooze","floor":8,"gold_loss":0},{"damage_healed":0,"gold_gain":0,"player_choice":"Obtained Relic","damage_taken":0,"relics_obtained":["Anchor"],"max_hp_gain":0,"max_hp_loss":0,"event_name":"Addict","floor":20,"gold_loss":85},{"damage_healed":0,"gold_gain":0,"player_choice":"Ignored","damage_taken":0,"max_hp_gain":0,"max_hp_loss":0,"event_name":"Vampires","floor":21,"gold_loss":0}],"is_beta":false,"boss_relics":[{"not_picked":["SacredBark","Ectoplasm"],"picked":"Black Star"}],"items_purged_floors":[13],"is_endless":false,"potions_floor_spawned":[3,4,12,14,19,22],"killed_by":"Book of Stabbing","ascension_level":19}