{"gold_per_floor":[118,193,22,22,37,37,67,77,100,100,100,117,152,166,166,243,243,256,271,16,16],"floor_reached":21,"playtime":672,"items_purged":["Defend_B","Blizzard+1"],"score":378,"play_id":"7a4477fd-d1b5-4673-9bed-0e1c32e0d602","local_time":"20221222172412","is_ascension_mode":true,"campfire_choices":[{"floor":6,"key":"REST"},{"data":"Beam Cell","floor":10,"key":"SMITH"},{"data":"Streamline","floor":15,"key":"SMITH"}],"neow_cost":"NONE","seed_source_timestamp":322406117947100,"circlet_count":0,"master_deck":["AscendersBane","Defend_B+1","Defend_B","Defend_B","Zap","Dualcast","Beam Cell+1","Sunder+1","Cold Snap","Streamline+1","Compile Driver","Leap","Steam","Conserve Battery","All For One","Reprogram+1","BootSequence+1","Bandage Up","Beam Cell"],"relics":["Cracked Core","Nunchaku","Blood Vial","Toy Ornithopter","Potion Belt","Astrolabe"],"potions_floor_usage":[14,16,18],"damage_taken":[{"damage":5,"enemies":"2 Louse","floor":1,"turns":3},{"damage":2,"enemies":"Jaw Worm","floor":5,"turns":3},{"damage":10,"enemies":"3 Sentries","floor":7,"turns":5},{"damage":0,"enemies":"Small Slimes","floor":8,"turns":1},{"damage":4,"enemies":"Exordium Wildlife","floor":12,"turns":2},{"damage":6,"enemies":"Gremlin Nob","floor":13,"turns":3},{"damage":0,"enemies":"Looter","floor":14,"turns":1},{"damage":23,"enemies":"Hexaghost","floor":16,"turns":7},{"damage":26,"enemies":"3 Byrds","floor":18,"turns":5},{"damage":13,"enemies":"2 Thieves","floor":19,"turns":4},{"damage":35,"enemies":"Sentry and Sphere","floor":21,"turns":5}],"seed_played":"7284730739610957174","potions_obtained":[{"floor":5,"key":"LiquidMemories"},{"floor":13,"key":"SkillPotion"},{"floor":14,"key":"AttackPotion"}],"is_trial":false,"path_per_floor":["M","?","$","?","M","R","E","M","T","R","?","M","E","M","R","B",null,"M","M","$","M"],"character_chosen":"DEFECT","items_purchased":["Sunder","SteroidPotion","Bandage Up","Beam Cell"],"campfire_rested":1,"item_purchase_floors":[3,3,20,20],"current_hp_per_floor":[59,48,48,27,25,46,36,38,38,38,31,29,25,32,32,16,57,38,27,27,0],"gold":16,"neow_bonus":"RANDOM_COMMON_RELIC","is_prod":false,"is_daily":false,"chose_seed":false,"campfire_upgraded":2,"win_rate":0,"timestamp":1671747852,"path_taken":["M","?","$","?","M","R","E","M","T","R","?","M","E","M","R","BOSS","M","M","$","M"],"build_version":"2022-12-18","purchased_purges":2,"victory":false,"max_hp_per_floor":[71,71,71,71,71,71,71,71,71,71,71,71,71,71,71,71,71,71,71,71,71],"relic_stats":{"Blood Vial":16,"Nunchaku":[8],"counters":[11,39],"Astrolabe":["Reprogram","BootSequence","Blizzard"],"obtain_stats":[{"Blood Vial":7,"Potion Belt":13,"Nunchaku":0,"Astrolabe":17,"Cracked Core":0,"Toy Ornithopter":9},{"Blood Vial":3,"Potion Belt":6,"Nunchaku":0,"Astrolabe":8,"Cracked Core":0,"Toy Ornithopter":4},{"Blood Vial":11,"Potion Belt":17,"Nunchaku":0,"Astrolabe":25,"Cracked Core":0,"Toy Ornithopter":12}],"Toy Ornithopter":15},"card_choices":[{"not_picked":["Sweeping Beam","Genetic Algorithm"],"picked":"Beam Cell","floor":1},{"not_picked":["Gash","Lockon"],"picked":"Cold Snap","floor":5},{"not_picked":["Scrape","Leap"],"picked":"Streamline","floor":7},{"not_picked":["Double Energy","Coolheaded"],"picked":"Compile Driver","floor":8},{"not_picked":["Compile Driver","Barrage"],"picked":"Leap","floor":12},{"not_picked":["Tempest","Lockon"],"picked":"Steam","floor":13},{"not_picked":["Steam","Reinforced Body"],"picked":"Conserve Battery","floor":14},{"not_picked":["Meteor Strike","Biased Cognition"],"picked":"All For One","floor":16},{"not_picked":["Rebound","Coolheaded","Stack"],"picked":"SKIP","floor":18},{"not_picked":["Coolheaded+1","Steam","Defragment"],"picked":"SKIP","floor":19}],"player_experience":1331782,"relics_obtained":[{"floor":7,"key":"Blood Vial"},{"floor":9,"key":"Toy Ornithopter"},{"floor":13,"key":"Potion Belt"}],"event_choices":[{"damage_healed":0,"gold_gain":75,"player_choice":"Gather Gold","damage_taken":11,"max_hp_gain":0,"max_hp_loss":0,"event_name":"World of Goop","floor":2,"gold_loss":0},{"damage_healed":0,"gold_gain":0,"player_choice":"Entered Light","damage_taken":21,"max_hp_gain":0,"max_hp_loss":0,"event_name":"Shining Light","floor":4,"gold_loss":0,"cards_upgraded":["Sunder","Defend_B"]},{"cards_removed":["Strike_B"],"damage_healed":0,"gold_gain":0,"player_choice":"Card Removal","damage_taken":7,"max_hp_gain":0,"max_hp_loss":0,"event_name":"Golden Wing","floor":11,"gold_loss":0}],"is_beta":false,"boss_relics":[{"not_picked":["SacredBark","Sozu"],"picked":"Astrolabe"}],"items_purged_floors":[3,20],"is_endless":false,"potions_floor_spawned":[5,7,13,14],"killed_by":"Sentry and Sphere","ascension_level":20}