{"gold_per_floor":[117,129,129,129,148,148,158,158,158,191,191,191,201,236,236,310,310,329,356,369,133,149,149,149,174,197,197,217,246,258,272,272,344,344,357,373,390,390],"floor_reached":38,"playtime":2238,"items_purged":["Strike_B"],"score":906,"play_id":"54cf9113-3cef-49f6-a73d-ad126214de45","local_time":"20221227060404","is_ascension_mode":true,"campfire_choices":[{"data":"Ball Lightning","floor":6.0,"key":"SMITH"},{"floor":8.0,"key":"REST"},{"data":"Zap","floor":12.0,"key":"SMITH"},{"data":"Steam Power","floor":15.0,"key":"SMITH"},{"data":"Seek","floor":23,"key":"SMITH"},{"data":"Hologram","floor":27,"key":"SMITH"},{"floor":32,"key":"REST"}],"neow_cost":"NONE","seed_source_timestamp":711999097346200,"circlet_count":0,"master_deck":["AscendersBane","Strike_B+1","Defend_B","Defend_B","Defend_B","Defend_B","Zap+1","Dualcast","All For One","Beam Cell+1","Ball Lightning+1","BootSequence","Gash","Steam Power+1","Turbo","Go for the Eyes","Seek+1","Hologram+1","Buffer","Hologram","Backflip","Machine Learning","Finesse","JustLucky","DevaForm","WindmillStrike"],"special_seed":0,"relics":["FrozenCore","Eternal Feather","Strawberry","Anchor","Pocketwatch","Inserter","Red Mask","PrismaticShard","Potion Belt","MealTicket","Bottled Lightning"],"potions_floor_usage":[29,35,38],"damage_taken":[{"damage":0.0,"enemies":"Cultist","floor":1.0,"turns":3.0},{"damage":1.0,"enemies":"2 Louse","floor":2.0,"turns":2.0},{"damage":5.0,"enemies":"Small Slimes","floor":5.0,"turns":2.0},{"damage":12.0,"enemies":"Exordium Wildlife","floor":7.0,"turns":3.0},{"damage":20.0,"enemies":"Lagavulin","floor":10.0,"turns":6.0},{"damage":0.0,"enemies":"2 Fungi Beasts","floor":13.0,"turns":2.0},{"damage":20.0,"enemies":"3 Sentries","floor":14.0,"turns":6.0},{"damage":8.0,"enemies":"Hexaghost","floor":16.0,"turns":6.0},{"damage":20.0,"enemies":"Spheric Guardian","floor":18.0,"turns":4.0},{"damage":2.0,"enemies":"Masked Bandits","floor":19.0,"turns":3.0},{"damage":0,"enemies":"2 Thieves","floor":20,"turns":3},{"damage":0,"enemies":"Snake Plant","floor":22,"turns":2},{"damage":31,"enemies":"Gremlin Leader","floor":25,"turns":6},{"damage":6,"enemies":"Cultist and Chosen","floor":28,"turns":4},{"damage":26,"enemies":"Book of Stabbing","floor":29,"turns":5},{"damage":0,"enemies":"Centurion and Healer","floor":30,"turns":1},{"damage":15,"enemies":"Snake Plant","floor":31,"turns":5},{"damage":30,"enemies":"Champ","floor":33,"turns":11},{"damage":33,"enemies":"3 Darklings","floor":35,"turns":5},{"damage":0,"enemies":"Orb Walker","floor":36,"turns":2},{"damage":19,"enemies":"3 Darklings","floor":37,"turns":9},{"damage":29,"enemies":"Writhing Mass","floor":38,"turns":6}],"seed_played":"-3311297338312325772","potions_obtained":[{"floor":10.0,"key":"Strength Potion"},{"floor":14.0,"key":"Block Potion"},{"floor":16.0,"key":"Weak Potion"},{"floor":28,"key":"FairyPotion"},{"floor":29,"key":"Explosive Potion"},{"floor":33,"key":"Dexterity Potion"},{"floor":36,"key":"Weak Potion"}],"is_trial":false,"path_per_floor":["M","M","?","?","M","R","M","R","T","E","?","R","M","E","R","B",null,"M","?","M","$","M","R","?","E","T","R","M","E","M","M","R","B",null,"M","M","M","M"],"character_chosen":"DEFECT","items_purchased":["PrismaticShard"],"campfire_rested":2,"item_purchase_floors":[21],"current_hp_per_floor":[64,63,42,24,19,25,13,43,50,30,30,39,39,19,28,20,64,44,42,42,42,42,51,51,20,20,32,26,23,23,8,43,13,62,29,29,10,0],"gold":390,"neow_bonus":"TRANSFORM_CARD","is_prod":false,"is_daily":false,"chose_seed":false,"campfire_upgraded":5,"win_rate":0,"timestamp":1672139044,"path_taken":["M","M","?","?","M","R","M","R","T","E","?","R","M","E","R","BOSS","M","?","M","$","M","R","?","E","T","R","M","E","?","M","R","BOSS","M","M","M","M"],"build_version":"2022-12-18","purchased_purges":1,"victory":false,"max_hp_per_floor":[71,71,71,71,71,71,71,71,78,78,78,78,78,78,78,78,78,78,78,78,78,78,78,78,78,78,78,78,78,78,78,78,78,78,78,78,78,78],"relic_stats":{"Inserter":[33],"counters":[22,96],"Eternal Feather":66,"MealTicket":0,"Bottled Lightning":"Seek","obtain_stats":[{"Potion Belt":25,"Anchor":10,"Inserter":17,"Strawberry":9,"Eternal Feather":4,"MealTicket":26,"Red Mask":19,"Bottled Lightning":29,"Cracked Core":0,"PrismaticShard":21,"Pocketwatch":14,"FrozenCore":34},{"Potion Belt":13,"Anchor":5,"Inserter":8,"Strawberry":4,"Eternal Feather":2,"MealTicket":13,"Red Mask":10,"Bottled Lightning":15,"Cracked Core":0,"PrismaticShard":11,"Pocketwatch":7,"FrozenCore":18},{"Potion Belt":48,"Anchor":16,"Inserter":30,"Strawberry":10,"Eternal Feather":5,"MealTicket":48,"Red Mask":37,"Bottled Lightning":57,"Cracked Core":0,"PrismaticShard":40,"Pocketwatch":24,"FrozenCore":74}],"FrozenCore":[10],"Pocketwatch":[39]},"card_choices":[{"not_picked":["Barrage","Cold Snap"],"picked":"Beam Cell","floor":1.0},{"not_picked":["Capacitor","Chaos"],"picked":"Ball Lightning","floor":2.0},{"not_picked":["Reprogram","Consume"],"picked":"BootSequence","floor":5.0},{"not_picked":["Conserve Battery","Compile Driver"],"picked":"Gash","floor":7.0},{"not_picked":["Fission","Compile Driver"],"picked":"Steam Power","floor":10.0},{"not_picked":["Undo","Ball Lightning"],"picked":"Turbo","floor":13.0},{"not_picked":["Compile Driver","Turbo"],"picked":"Go for the Eyes","floor":14.0},{"not_picked":["Biased Cognition","Machine Learning"],"picked":"Seek","floor":16.0},{"not_picked":["Steam Power","Turbo"],"picked":"Hologram","floor":18.0},{"not_picked":["Conserve Battery","Darkness","Sweeping Beam"],"picked":"SKIP","floor":20},{"not_picked":["Barrage","Cloak And Dagger","Streamline"],"picked":"SKIP","floor":22},{"not_picked":["Gash","Sever Soul"],"picked":"Hologram","floor":25},{"not_picked":["Shrug It Off","Protect"],"picked":"Backflip","floor":28},{"not_picked":["Warcry","Power Through"],"picked":"Machine Learning","floor":29},{"not_picked":["Sucker Punch","Body Slam"],"picked":"Finesse","floor":30},{"not_picked":["Predator","Streamline"],"picked":"JustLucky","floor":31},{"not_picked":["Mayhem","Brutality"],"picked":"DevaForm","floor":33},{"not_picked":["SashWhip","Feel No Pain","BowlingBash"],"picked":"SKIP","floor":35},{"not_picked":["Stack+1","SashWhip+1","Consume"],"picked":"SKIP","floor":36},{"not_picked":["Blizzard","Halt"],"picked":"WindmillStrike","floor":37}],"player_experience":1351665,"relics_obtained":[{"floor":9.0,"key":"Strawberry"},{"floor":10.0,"key":"Anchor"},{"floor":14.0,"key":"Pocketwatch"},{"floor":19.0,"key":"Red Mask"},{"floor":25,"key":"Potion Belt"},{"floor":26,"key":"MealTicket"},{"floor":29,"key":"Bottled Lightning"}],"event_choices":[{"damage_healed":0.0,"max_hp_gain":0.0,"max_hp_loss":0.0,"gold_gain":0.0,"event_name":"Shining Light","player_choice":"Entered Light","floor":3.0,"gold_loss":0.0,"damage_taken":21.0,"cards_upgraded":["Beam Cell","Strike_B"]},{"damage_healed":0.0,"max_hp_gain":0.0,"max_hp_loss":0.0,"gold_gain":0.0,"event_name":"Scrap Ooze","player_choice":"Success","floor":4.0,"gold_loss":0.0,"damage_taken":18.0,"relics_obtained":["Eternal Feather"]},{"cards_removed":["Strike_B"],"damage_healed":0.0,"max_hp_gain":0.0,"max_hp_loss":0.0,"gold_gain":0.0,"event_name":"Living Wall","player_choice":"Forget","floor":11.0,"gold_loss":0.0,"damage_taken":0.0},{"damage_healed":0.0,"max_hp_gain":0.0,"max_hp_loss":0.0,"gold_gain":0.0,"event_name":"Masked Bandits","player_choice":"Fought Bandits","floor":19.0,"gold_loss":0.0,"damage_taken":0.0},{"damage_healed":0,"gold_gain":0,"player_choice":"Read","damage_taken":0,"max_hp_gain":0,"max_hp_loss":0,"event_name":"The Library","floor":24,"gold_loss":0,"cards_obtained":["Buffer"]}],"is_beta":false,"boss_relics":[{"not_picked":["Busted Crown","Pandora\u0027s Box"],"picked":"Inserter"},{"not_picked":["Cursed Key","Calling Bell"],"picked":"FrozenCore"}],"items_purged_floors":[21],"is_endless":false,"potions_floor_spawned":[10,14,16,18,19,28,29,33,36],"killed_by":"Writhing Mass","ascension_level":20}