{"gold_per_floor":[115,115,115,135,153,179,179],"floor_reached":7,"playtime":252,"items_purged":[],"score":102,"play_id":"ad7c0556-9556-4785-97f1-76d174745412","local_time":"20230106152350","is_ascension_mode":true,"campfire_choices":[],"neow_cost":"NONE","seed_source_timestamp":1611576421179000,"circlet_count":0,"master_deck":["AscendersBane","Strike_B","Strike_B","Strike_B","Strike_B","Defend_B+1","Defend_B","Defend_B+1","Defend_B","Zap+1","Dualcast","Steam Power","Defragment","Streamline","Ball Lightning","Capacitor"],"relics":["Cracked Core","Gambling Chip"],"potions_floor_usage":[],"damage_taken":[{"damage":7,"enemies":"Cultist","floor":1,"turns":4},{"damage":0,"enemies":"Jaw Worm","floor":4,"turns":3},{"damage":4,"enemies":"Small Slimes","floor":5,"turns":3},{"damage":26,"enemies":"3 Sentries","floor":6,"turns":6},{"damage":7,"enemies":"Gremlin Gang","floor":7,"turns":1}],"seed_played":"4220314744909247865","potions_obtained":[{"floor":1,"key":"Strength Potion"},{"floor":4,"key":"FearPotion"}],"is_trial":false,"path_per_floor":["M","?","?","M","M","E","M"],"character_chosen":"DEFECT","items_purchased":[],"campfire_rested":0,"item_purchase_floors":[],"current_hp_per_floor":[57,36,36,36,32,6,0],"gold":179,"neow_bonus":"THREE_CARDS","is_prod":false,"is_daily":false,"chose_seed":false,"campfire_upgraded":0,"win_rate":0,"timestamp":1673036630,"path_taken":["M","?","?","M","?","E","M"],"build_version":"2022-12-18","purchased_purges":0,"victory":false,"max_hp_per_floor":[71,71,71,71,71,71,71],"relic_stats":{"counters":[5,17],"Gambling Chip":[3],"obtain_stats":[{"Gambling Chip":6,"Cracked Core":0},{"Gambling Chip":4,"Cracked Core":0},{"Gambling Chip":16,"Cracked Core":0}]},"card_choices":[{"not_picked":["Turbo","Redo"],"picked":"Steam Power","floor":0},{"not_picked":["Compile Driver","Darkness"],"picked":"Defragment","floor":1},{"not_picked":["Gash","Blizzard"],"picked":"Streamline","floor":4},{"not_picked":["Chaos","Static Discharge"],"picked":"Ball Lightning","floor":5},{"not_picked":["Ball Lightning","Tempest"],"picked":"Capacitor","floor":6}],"player_experience":1370518,"relics_obtained":[{"floor":6,"key":"Gambling Chip"}],"event_choices":[{"damage_healed":0,"gold_gain":0,"player_choice":"Entered Light","damage_taken":21,"max_hp_gain":0,"max_hp_loss":0,"event_name":"Shining Light","floor":2,"gold_loss":0,"cards_upgraded":["Defend_B","Defend_B"]},{"damage_healed":0,"gold_gain":0,"player_choice":"Grow","damage_taken":0,"max_hp_gain":0,"max_hp_loss":0,"event_name":"Living Wall","floor":3,"gold_loss":0,"cards_upgraded":["Zap"]}],"is_beta":false,"boss_relics":[],"items_purged_floors":[],"is_endless":false,"potions_floor_spawned":[1,4],"killed_by":"Gremlin Gang","ascension_level":20}