{"gold_per_floor":[109,128,128,141,191,191,226,237,237,237,258,258,258,284,284,368,368,393],"floor_reached":18,"playtime":414,"items_purged":[],"score":428,"play_id":"32553a6a-48eb-495d-a9ca-dc94674e1e70","local_time":"20230110185450","is_ascension_mode":true,"campfire_choices":[{"data":"White Noise","floor":6,"key":"SMITH"},{"floor":10,"key":"REST"},{"floor":13,"key":"REST"},{"data":"Sweeping Beam","floor":15,"key":"SMITH"}],"neow_cost":"TEN_PERCENT_HP_LOSS","seed_source_timestamp":1969666583534900,"circlet_count":0,"master_deck":["AscendersBane","Strike_B","Strike_B","Strike_B","Strike_B","Defend_B","Defend_B","Defend_B","Defend_B","Zap+1","Dualcast","Multi-Cast","Rebound","Coolheaded","White Noise+1","Sweeping Beam+1","Ball Lightning","Ball Lightning","BootSequence","Electrodynamics","Aggregate"],"relics":["Cracked Core","Lantern","CeramicFish","Darkstone Periapt","Velvet Choker"],"potions_floor_usage":[11],"damage_taken":[{"damage":9,"enemies":"Jaw Worm","floor":1,"turns":3},{"damage":1,"enemies":"Cultist","floor":2,"turns":3},{"damage":4,"enemies":"2 Louse","floor":4,"turns":3},{"damage":25,"enemies":"Lagavulin","floor":7,"turns":9},{"damage":8,"enemies":"Blue Slaver","floor":8,"turns":3},{"damage":2,"enemies":"Gremlin Gang","floor":11,"turns":2},{"damage":6,"enemies":"Looter","floor":14,"turns":2},{"damage":0,"enemies":"Slime Boss","floor":16,"turns":7},{"damage":37,"enemies":"3 Byrds","floor":18,"turns":4}],"seed_played":"-3257928084603738036","potions_obtained":[{"floor":7,"key":"SneckoOil"},{"floor":11,"key":"Energy Potion"},{"floor":18,"key":"LiquidMemories"}],"is_trial":false,"path_per_floor":["M","M","?","M","?","R","E","M","T","R","M","?","R","M","R","B",null,"M"],"character_chosen":"DEFECT","items_purchased":[],"campfire_rested":2,"item_purchase_floors":[],"current_hp_per_floor":[55,54,54,50,50,50,25,17,17,36,34,23,42,36,36,36,57,20],"gold":393,"neow_bonus":"THREE_RARE_CARDS","is_prod":false,"is_daily":false,"chose_seed":false,"campfire_upgraded":2,"win_rate":0,"timestamp":1673394890,"path_taken":["M","M","?","?","?","R","E","?","T","R","M","?","R","M","R","BOSS","M"],"build_version":"2022-12-18","purchased_purges":0,"victory":false,"max_hp_per_floor":[64,64,64,64,64,64,64,64,64,64,64,64,64,64,64,64,64,64],"relic_stats":{"Darkstone Periapt":0,"counters":[9,36],"CeramicFish":36,"obtain_stats":[{"Darkstone Periapt":12,"Lantern":7,"CeramicFish":9,"Velvet Choker":17,"Cracked Core":0},{"Darkstone Periapt":6,"Lantern":4,"CeramicFish":5,"Velvet Choker":8,"Cracked Core":0},{"Darkstone Periapt":23,"Lantern":18,"CeramicFish":21,"Velvet Choker":32,"Cracked Core":0}]},"card_choices":[{"not_picked":["Thunder Strike","All For One"],"picked":"Multi-Cast","floor":0},{"not_picked":["Barrage","Leap"],"picked":"Rebound","floor":1},{"not_picked":["Steam","Redo"],"picked":"Coolheaded","floor":2},{"not_picked":["Beam Cell","Static Discharge"],"picked":"White Noise","floor":4},{"not_picked":["Storm","Force Field"],"picked":"Sweeping Beam","floor":7},{"not_picked":["Hello World","Leap"],"picked":"Ball Lightning","floor":8},{"not_picked":["Double Energy","Redo"],"picked":"Ball Lightning","floor":11},{"not_picked":["Compile Driver","All For One"],"picked":"BootSequence","floor":14},{"not_picked":["Machine Learning","Core Surge"],"picked":"Electrodynamics","floor":16},{"not_picked":["Sunder+1","Cold Snap"],"picked":"Aggregate","floor":18}],"player_experience":1393389,"relics_obtained":[{"floor":7,"key":"Lantern"},{"floor":9,"key":"CeramicFish"}],"event_choices":[{"damage_healed":0,"gold_gain":0,"player_choice":"Upgraded","damage_taken":0,"max_hp_gain":0,"max_hp_loss":0,"event_name":"Upgrade Shrine","floor":3,"gold_loss":0,"cards_upgraded":["Zap"]},{"damage_healed":0,"gold_gain":50,"player_choice":"Pray","damage_taken":0,"max_hp_gain":0,"max_hp_loss":0,"event_name":"Golden Shrine","floor":5,"gold_loss":0},{"damage_healed":0,"gold_gain":0,"player_choice":"Success","damage_taken":11,"relics_obtained":["Darkstone Periapt"],"max_hp_gain":0,"max_hp_loss":0,"event_name":"Scrap Ooze","floor":12,"gold_loss":0}],"is_beta":false,"boss_relics":[{"not_picked":["Snecko Eye","Cursed Key"],"picked":"Velvet Choker"}],"items_purged_floors":[],"is_endless":false,"potions_floor_spawned":[7,11,18],"killed_by":"3 Byrds","ascension_level":20}