{"gold_per_floor":[117,17,17,29,29,29,46,65,65,36,36,54,69,104,104,104],"floor_reached":16,"playtime":441,"items_purged":[],"score":204,"play_id":"7080cbc1-26de-459a-93cc-36d1902d4106","local_time":"20230218194431","is_ascension_mode":true,"campfire_choices":[{"floor":6,"key":"REST"},{"floor":11,"key":"REST"},{"data":"Turbo","floor":15,"key":"SMITH"}],"neow_cost":"CURSE","seed_source_timestamp":321739259988500,"circlet_count":0,"master_deck":["AscendersBane","Strike_B","Strike_B","Strike_B","Strike_B","Defend_B+1","Defend_B","Defend_B","Defend_B+1","Zap","Dualcast","Decay","Meteor Strike","Turbo+1","Rip and Tear","Cold Snap","Undo","Ball Lightning+1","Cold Snap+1","Hologram"],"relics":["Cracked Core","Letter Opener","Molten Egg 2","Juzu Bracelet"],"potions_floor_usage":[13,14,16],"damage_taken":[{"damage":7,"enemies":"Small Slimes","floor":1,"turns":4},{"damage":8,"enemies":"Jaw Worm","floor":4,"turns":4},{"damage":0,"enemies":"Cultist","floor":7,"turns":3},{"damage":9,"enemies":"Red Slaver","floor":8,"turns":4},{"damage":4,"enemies":"Looter","floor":12,"turns":3},{"damage":6,"enemies":"Exordium Thugs","floor":13,"turns":4},{"damage":4,"enemies":"Gremlin Nob","floor":14,"turns":3},{"damage":31,"enemies":"The Guardian","floor":16,"turns":6}],"seed_played":"1150142231766701300","potions_obtained":[{"floor":7,"key":"CultistPotion"},{"floor":8,"key":"FocusPotion"},{"floor":14,"key":"SneckoOil"}],"is_trial":false,"path_per_floor":["M","$","?","M","?","R","M","M","T","$","R","M","M","E","R","B"],"character_chosen":"DEFECT","basemod:card_modifiers":[null,null,null,null,null,null,null,null,null,null,null,null,null,null,null,null,null,null,null,null],"items_purchased":["Rip and Tear","SteroidPotion","Ball Lightning+1"],"campfire_rested":2,"item_purchase_floors":[2,2,10],"current_hp_per_floor":[57,57,39,31,10,31,31,22,22,22,43,39,33,29,29,0],"gold":104,"neow_bonus":"THREE_RARE_CARDS","is_prod":false,"is_daily":false,"chose_seed":false,"campfire_upgraded":1,"win_rate":0,"timestamp":1676767471,"path_taken":["M","$","?","M","?","R","M","M","T","$","R","M","M","E","R","BOSS"],"build_version":"2022-12-18","purchased_purges":0,"victory":false,"max_hp_per_floor":[71,71,71,71,71,71,71,71,71,71,71,71,71,71,71,71],"relic_stats":{"counters":[8,31],"Juzu Bracelet":0,"Letter Opener":[5],"obtain_stats":[{"Molten Egg 2":9,"Juzu Bracelet":14,"Letter Opener":3,"Cracked Core":0},{"Molten Egg 2":4,"Juzu Bracelet":7,"Letter Opener":1,"Cracked Core":0},{"Molten Egg 2":15,"Juzu Bracelet":25,"Letter Opener":4,"Cracked Core":0}]},"card_choices":[{"not_picked":["Amplify","Thunder Strike"],"picked":"Meteor Strike","floor":0},{"not_picked":["Recycle","Static Discharge"],"picked":"Turbo","floor":1},{"not_picked":["Redo","Leap"],"picked":"Cold Snap","floor":4},{"not_picked":["Leap","Hello World"],"picked":"Undo","floor":7},{"not_picked":["Gash","Loop","Sweeping Beam"],"picked":"SKIP","floor":8},{"not_picked":["Steam","Go for the Eyes+1"],"picked":"Cold Snap+1","floor":12},{"not_picked":["Buffer","Conserve Battery"],"picked":"Hologram","floor":13},{"not_picked":["Darkness","Barrage+1","Coolheaded"],"picked":"SKIP","floor":14}],"player_experience":1449098,"relics_obtained":[{"floor":9,"key":"Molten Egg 2"},{"floor":14,"key":"Juzu Bracelet"}],"event_choices":[{"damage_healed":0,"gold_gain":0,"player_choice":"Success","damage_taken":18,"relics_obtained":["Letter Opener"],"max_hp_gain":0,"max_hp_loss":0,"event_name":"Scrap Ooze","floor":3,"gold_loss":0},{"damage_healed":0,"gold_gain":0,"player_choice":"Entered Light","damage_taken":21,"max_hp_gain":0,"max_hp_loss":0,"event_name":"Shining Light","floor":5,"gold_loss":0,"cards_upgraded":["Defend_B","Defend_B"]}],"is_beta":false,"boss_relics":[],"items_purged_floors":[],"is_endless":false,"potions_floor_spawned":[7,8,12,14],"killed_by":"The Guardian","ascension_level":20}