{"neow_bonuses_skipped_log":["HUNDRED_GOLD","TWENTY_PERCENT_HP_BONUS","BOSS_RELIC"],"neow_costs_skipped_log":["NONE","CURSE","NONE"],"potions_obtained_entropic_brew":[[],[],[],[],[],[],[],[],[],[],[],[],[],[],[],[],[],[],[],[],[],[],[],[],[],[],[],[],[],[],[],[],[],[],[],[],[],[],[],[],[],[],[],[],[],[],[],[],[],[]],"gold_per_floor":[109,127,127,140,160,160,188,199,224,256,44,72,85,185,185,256,256,270,270,270,295,79,112,143,155,191,215,227,273,301,325,337,426,438,465,477,499,18,34,64,64,78,78,78,103,103,103,133,133,133],"floor_reached":50,"playtime":2497,"items_purged":[],"score":1170,"play_id":"29e6e4f4-eb37-44b4-b499-fff505bf34e5","local_time":"20230314014529","score_breakdown":["Floors Climbed (50): 250","Enemies Slain (15): 30","Exordium Elites Killed (3): 30","City Elites Killed (2): 40","Beyond Elites Killed (2): 60","Bosses Slain (2): 150","C-c-c-combo: 25","Ascension (20): 585"],"is_ascension_mode":true,"potions_obtained_alchemize":[[],[],[],[],[],[],[],[],[],[],[],[],[],[],[],[],[],[],[],[],[],[],[],[],[],[],[],[],[],[],[],[],[],[],[],[],[],[],[],[],[],[],[],[],[],[],[],[],[],[]],"campfire_choices":[{"data":"Streamline","floor":6.0,"key":"SMITH"},{"data":"Static Discharge","floor":15.0,"key":"SMITH"},{"data":"Reboot","floor":25.0,"key":"SMITH"},{"data":"Coolheaded","floor":28.0,"key":"SMITH"},{"data":"Barrage","floor":32.0,"key":"SMITH"},{"data":"Chaos","floor":41,"key":"SMITH"},{"floor":49,"key":"RECALL"}],"lesson_learned_per_floor":[[],[],[],[],[],[],[],[],[],[],[],[],[],[],[],[],[],[],[],[],[],[],[],[],[],[],[],[],[],[],[],[],[],[],[],[],[],[],[],[],[],[],[],[],[],[],[],[],[],[]],"neow_cost":"NONE","improvable_cards":{},"seed_source_timestamp":2324888499682300,"shop_contents":[{"floor":11,"relics":["Potion Belt","Toy Ornithopter"],"cards":["Streamline","Compile Driver","Auto Shields","Steam","Loop","Madness","The Bomb"],"potions":["FearPotion","Explosive Potion"]},{"floor":22,"relics":["Emotion Chip","Peace Pipe"],"cards":["Lockon","Core Surge","Consume","Seek","Hello World","Panacea","Transmutation"],"potions":["SpeedPotion","LiquidBronze"]},{"floor":38,"relics":["Art of War"],"cards":["Sunder","Gash","Coolheaded","Purity","Transmutation"],"potions":["SmokeBomb","SpeedPotion"]},{"floor":46,"relics":["Darkstone Periapt","Lantern","Chemical X"],"cards":["Cold Snap","All For One","Undo","Darkness","Static Discharge","Forethought","The Bomb"],"potions":["Fire Potion","SteroidPotion","EntropicBrew"]}],"circlet_count":0,"master_deck":["AscendersBane","Strike_B+1","Strike_B+1","Strike_B+1","Defend_B+1","Defend_B+1","Defend_B+1","Zap","Dualcast","Reboot+1","Self Repair","Streamline+1","Ball Lightning+1","Doom and Gloom+1","Coolheaded+1","Static Discharge+1","Glacier","FTL","Conserve Battery","Turbo","Machine Learning","Conserve Battery+1","Chaos+1","Barrage+1","Fission","Secret Technique","Go for the Eyes+1","Loop","Stack","Redo+1","Defragment","Compile Driver"],"special_seed":0,"potion_use_per_floor":[[],[],[],[],[],[],["Block Potion"],[],[],["PowerPotion","Dexterity Potion"],[],[],[],[],[],["LiquidMemories"],[],["Swift Potion"],[],[],[],[],["Block Potion"],[],[],[],[],[],[],[],[],[],["Strength Potion","SpeedPotion"],[],["AttackPotion"],[],[],[],[],["PowerPotion","Energy Potion"],[],[],[],[],[],[],[],["DuplicationPotion"],[],[]],"relics":["Cracked Core","Pen Nib","DataDisk","PreservedInsect","Orrery","Anchor","Philosopher\u0027s Stone","Vajra","Runic Capacitor","MawBank","Happy Flower","Whetstone","Inserter","Toolbox","Centennial Puzzle","Omamori","Girya","Kunai"],"potions_floor_usage":[40,40,48],"damage_taken":[{"damage":4.0,"enemies":"Jaw Worm","floor":1.0,"turns":5.0},{"damage":0.0,"enemies":"2 Louse","floor":2.0,"turns":3.0},{"damage":1.0,"enemies":"Cultist","floor":4.0,"turns":4.0},{"damage":7.0,"enemies":"3 Louse","floor":5.0,"turns":3.0},{"damage":27.0,"enemies":"Gremlin Nob","floor":7.0,"turns":4.0},{"damage":13.0,"enemies":"Blue Slaver","floor":8.0,"turns":3.0},{"damage":11.0,"enemies":"3 Sentries","floor":10.0,"turns":4.0},{"damage":4.0,"enemies":"Lagavulin","floor":12.0,"turns":6.0},{"damage":0.0,"enemies":"Red Slaver","floor":13.0,"turns":3.0},{"damage":14.0,"enemies":"Hexaghost","floor":16.0,"turns":9.0},{"damage":9.0,"enemies":"3 Byrds","floor":18.0,"turns":2.0},{"damage":8.0,"enemies":"Book of Stabbing","floor":23.0,"turns":4.0},{"damage":0.0,"enemies":"Spheric Guardian","floor":24.0,"turns":3.0},{"damage":0.0,"enemies":"Centurion and Healer","floor":27.0,"turns":8.0},{"damage":5.0,"enemies":"Gremlin Leader","floor":29.0,"turns":4.0},{"damage":4.0,"enemies":"Snake Plant","floor":30.0,"turns":4.0},{"damage":19.0,"enemies":"Snecko","floor":31.0,"turns":5.0},{"damage":19.0,"enemies":"Automaton","floor":33.0,"turns":7.0},{"damage":33.0,"enemies":"3 Darklings","floor":35.0,"turns":3.0},{"damage":2.0,"enemies":"Orb Walker","floor":37.0,"turns":3.0},{"damage":0.0,"enemies":"Writhing Mass","floor":39.0,"turns":10.0},{"damage":32,"enemies":"Giant Head","floor":40,"turns":7},{"damage":2,"enemies":"3 Darklings","floor":42,"turns":4},{"damage":7,"enemies":"Mind Bloom Boss Battle","floor":45,"turns":8},{"damage":15,"enemies":"Nemesis","floor":48,"turns":7},{"damage":52,"enemies":"Donu and Deca","floor":50,"turns":10}],"green_key_taken_log":40,"seed_played":"4778853682958382087","neow_bonus_log":{"cardsObtained":["Reboot"],"cardsUpgraded":[],"cardsRemoved":[],"cardsTransformed":["Strike_B"],"relicsObtained":[],"maxHpGained":0,"goldGained":0,"damageTaken":0,"goldLost":0,"maxHpLost":0},"potions_obtained":[{"floor":1.0,"key":"Block Potion"},{"floor":4.0,"key":"Dexterity Potion"},{"floor":7.0,"key":"PowerPotion"},{"floor":13.0,"key":"LiquidMemories"},{"floor":16.0,"key":"Block Potion"},{"floor":27.0,"key":"Strength Potion"},{"floor":33.0,"key":"AttackPotion"},{"floor":35.0,"key":"Energy Potion"},{"floor":42,"key":"DuplicationPotion"},{"floor":48,"key":"Ancient Potion"}],"is_trial":false,"path_per_floor":["M","M","?","M","M","R","E","M","T","E","$","E","M","?","R","B",null,"M","?","?","T","$","E","M","R","T","M","R","E","M","M","R","B",null,"M","?","M","$","M","E","R","M","T","?","?","$","?","E","R","B"],"character_chosen":"DEFECT","basemod:card_modifiers":[null,null,null,null,null,null,null,null,null,null,null,null,null,null,null,null,null,null,null,null,null,null,null,null,null,null,null,null,null,null,null,null],"items_purchased":["Orrery","Swift Potion","Runic Capacitor","SpeedPotion","Loop","Stack","Toolbox","Centennial Puzzle","PowerPotion"],"campfire_rested":0,"item_purchase_floors":[11,11,22,22,38,38,38,38,38],"current_hp_per_floor":[60,67,60,66,66,66,46,40,40,29,29,32,32,32,32,25,60,58,38,38,38,38,37,44,44,44,51,51,46,49,37,37,25,63,37,37,42,42,52,27,27,32,32,32,32,32,59,51,51,0],"gold":133,"neow_bonus":"TRANSFORM_CARD","is_prod":false,"is_daily":false,"rewards_skipped":[{"floor":29,"relics":[],"potions":["Weak Potion"]}],"chose_seed":false,"campfire_upgraded":6,"win_rate":0,"floor_exit_playtime":[59,93,98,133,160,166,217,260,265,342,406,472,500,512,522,658,678,740,744,752,755,783,858,898,915,919,1016,1034,1104,1156,1216,1223,1335,1348,1409,1419,1472,1484,1647,1813,1826,1937,1940,1950,2125,2142,2145,2283,2287],"timestamp":1678772729,"blue_key_relic_skipped_log":{"floor":43,"relicID":"Regal Pillow"},"path_taken":["M","M","?","M","M","R","E","M","T","E","$","E","M","?","R","BOSS","M","?","?","?","?","E","M","R","T","?","R","E","M","M","R","BOSS","M","?","M","$","M","E","R","M","T","?","?","$","?","E","R","BOSS"],"build_version":"2022-12-18","purchased_purges":0,"victory":false,"max_hp_per_floor":[71,71,71,71,71,71,71,71,71,71,71,71,71,71,71,71,71,71,76,76,76,76,76,76,76,76,76,76,76,76,76,76,76,76,76,76,76,76,76,76,76,76,76,72,72,72,59,59,59,59],"relic_stats":{"Girya":0,"Centennial Puzzle":[15],"Inserter":[23],"Happy Flower":[26],"counters":[26,132],"Pen Nib":[17],"PreservedInsect":298,"Omamori":0,"Whetstone":["Ball Lightning","Doom and Gloom"],"Kunai":[4],"MawBank":180,"obtain_stats":[{"Girya":45,"Inserter":34,"Happy Flower":26,"Vajra":21,"Pen Nib":7,"PreservedInsect":10,"Runic Capacitor":22,"Omamori":40,"Whetstone":29,"MawBank":23,"DataDisk":9,"Anchor":12,"Centennial Puzzle":38,"Orrery":11,"Toolbox":38,"Philosopher\u0027s Stone":17,"Kunai":48,"Cracked Core":0},{"Girya":24,"Inserter":18,"Happy Flower":13,"Vajra":11,"Pen Nib":5,"PreservedInsect":7,"Runic Capacitor":11,"Omamori":22,"Whetstone":15,"MawBank":12,"DataDisk":6,"Anchor":8,"Centennial Puzzle":20,"Orrery":7,"Toolbox":20,"Philosopher\u0027s Stone":10,"Kunai":25,"Cracked Core":0},{"Girya":115,"Inserter":81,"Happy Flower":53,"Vajra":46,"Pen Nib":19,"PreservedInsect":26,"Runic Capacitor":46,"Omamori":103,"Whetstone":65,"MawBank":50,"DataDisk":22,"Anchor":32,"Centennial Puzzle":87,"Orrery":26,"Toolbox":87,"Philosopher\u0027s Stone":44,"Kunai":122,"Cracked Core":0}]},"card_choices":[{"not_picked":["Storm","Steam"],"picked":"Self Repair","floor":1.0},{"not_picked":["Steam","Redo","BootSequence"],"picked":"SKIP","floor":2.0},{"not_picked":["Static Discharge","Go for the Eyes"],"picked":"Streamline","floor":4.0},{"not_picked":["Hello World","Conserve Battery"],"picked":"Ball Lightning","floor":5.0},{"not_picked":["Gash","Auto Shields"],"picked":"Doom and Gloom","floor":7.0},{"not_picked":["Storm","Streamline"],"picked":"Coolheaded","floor":8.0},{"not_picked":["Coolheaded","Consume"],"picked":"Static Discharge","floor":10.0},{"not_picked":["Blizzard","Double Energy"],"picked":"Glacier","floor":11.0},{"not_picked":["Go for the Eyes","Doom and Gloom"],"picked":"FTL","floor":11.0},{"not_picked":["Buffer","Cold Snap"],"picked":"Conserve Battery","floor":11.0},{"not_picked":["Reboot","Skim","Streamline"],"picked":"SKIP","floor":11.0},{"not_picked":["Static Discharge","Lockon","Sweeping Beam"],"picked":"SKIP","floor":11.0},{"not_picked":["Consume","Conserve Battery","Streamline"],"picked":"SKIP","floor":12.0},{"not_picked":["Melter","Doom and Gloom"],"picked":"Turbo","floor":13.0},{"not_picked":["Hyperbeam","Amplify"],"picked":"Machine Learning","floor":16.0},{"not_picked":["Rip and Tear+1","Turbo","Compile Driver"],"picked":"SKIP","floor":18.0},{"not_picked":["Sweeping Beam","Gash","Stack"],"picked":"SKIP","floor":23.0},{"not_picked":["Turbo","Hyperbeam"],"picked":"Conserve Battery+1","floor":24.0},{"not_picked":["BootSequence","Redo","Stack"],"picked":"SKIP","floor":27.0},{"not_picked":["Gash","Glacier"],"picked":"Chaos","floor":29.0},{"not_picked":["Compile Driver","Rebound"],"picked":"Barrage","floor":30.0},{"not_picked":["Steam","Beam Cell","Streamline"],"picked":"SKIP","floor":31.0},{"not_picked":["Core Surge","Buffer"],"picked":"Fission","floor":33.0},{"not_picked":["Beam Cell","Sweeping Beam","Double Energy+1"],"picked":"SKIP","floor":35.0},{"not_picked":["Thinking Ahead","Forethought"],"picked":"Secret Technique","floor":36.0},{"not_picked":["Sweeping Beam","Leap"],"picked":"Go for the Eyes+1","floor":37.0},{"not_picked":["Ball Lightning","Turbo+1","Leap"],"picked":"SKIP","floor":39.0},{"not_picked":["Force Field","Chaos","Conserve Battery+1"],"picked":"SKIP","floor":40},{"not_picked":["Beam Cell+1","Ball Lightning"],"picked":"Redo+1","floor":42},{"not_picked":["Skim","Meteor Strike"],"picked":"Defragment","floor":45},{"not_picked":["Hello World","FTL"],"picked":"Compile Driver","floor":48}],"player_experience":1574637,"relics_obtained":[{"floor":7.0,"key":"Pen Nib"},{"floor":9.0,"key":"DataDisk"},{"floor":10.0,"key":"PreservedInsect"},{"floor":12.0,"key":"Anchor"},{"floor":21.0,"key":"Vajra"},{"floor":23.0,"key":"MawBank"},{"floor":26.0,"key":"Happy Flower"},{"floor":29.0,"key":"Whetstone"},{"floor":40,"key":"Omamori"},{"floor":45,"key":"Girya"},{"floor":48,"key":"Kunai"}],"event_choices":[{"cards_removed":["Defend_B"],"damage_healed":0.0,"max_hp_gain":0.0,"max_hp_loss":0.0,"gold_gain":0.0,"event_name":"Golden Wing","player_choice":"Card Removal","floor":3.0,"gold_loss":0.0,"damage_taken":7.0},{"damage_healed":0.0,"max_hp_gain":0.0,"max_hp_loss":0.0,"gold_gain":100.0,"event_name":"Wheel of Change","player_choice":"Gold","floor":14.0,"gold_loss":0.0,"damage_taken":0.0},{"damage_healed":0.0,"max_hp_gain":5.0,"max_hp_loss":0.0,"gold_gain":0.0,"event_name":"Forgotten Altar","player_choice":"Shed Blood","floor":19.0,"gold_loss":0.0,"damage_taken":25.0},{"damage_healed":0.0,"max_hp_gain":0.0,"max_hp_loss":0.0,"gold_gain":0.0,"event_name":"Back to Basics","player_choice":"Simplicity","floor":20.0,"gold_loss":0.0,"damage_taken":0.0,"cards_upgraded":["Strike_B","Strike_B","Strike_B","Defend_B","Defend_B","Defend_B"]},{"damage_healed":0.0,"max_hp_gain":0.0,"max_hp_loss":0.0,"gold_gain":0.0,"event_name":"SensoryStone","player_choice":"Memory 1","floor":36.0,"gold_loss":0.0,"damage_taken":0.0},{"damage_healed":0,"gold_gain":0,"player_choice":"Max HP","damage_taken":0,"max_hp_gain":0,"max_hp_loss":4,"event_name":"Winding Halls","floor":44,"gold_loss":0},{"damage_healed":0,"gold_gain":0,"player_choice":"Fight","damage_taken":0,"max_hp_gain":0,"max_hp_loss":0,"event_name":"MindBloom","floor":45,"gold_loss":0},{"damage_healed":59,"gold_gain":0,"player_choice":"Heal","damage_taken":0,"max_hp_gain":0,"max_hp_loss":13,"event_name":"The Moai Head","floor":47,"gold_loss":0}],"is_beta":false,"boss_relics":[{"not_picked":["Runic Dome","Cursed Key"],"picked":"Philosopher\u0027s Stone"},{"not_picked":["Tiny House","Snecko Eye"],"picked":"Inserter"}],"items_purged_floors":[],"is_endless":false,"potions_floor_spawned":[1,4,7,13,16,27,29,33,35,42,48],"killed_by":"Donu and Deca","ascension_level":20,"potion_discard_per_floor":[[],[],[],[],[],[],[],[],[],[],[],[],[],[],[],[],[],[],[],[],[],[],[],[],[],[],[],[],[],[],[],[],[],[],[],[],[],[],[],[],[],[],[],[],[],[],[],[],[],[]]}