{"neow_bonuses_skipped_log":["HUNDRED_GOLD","TWENTY_PERCENT_HP_BONUS","BOSS_RELIC"],"neow_costs_skipped_log":["NONE","CURSE","NONE"],"potions_obtained_entropic_brew":[[],[],[],[],[],[],[],[],[],[],[],[],[],[],[],[],[],[],[],[],[],[],[]],"gold_per_floor":[116,116,133,58,68,68,97,97,146,160,176,176,176,11,11,104,104,120,120,99,99,149,149],"floor_reached":23,"playtime":675,"items_purged":["Strike_B"],"score":378,"play_id":"05d11734-c6b7-48ec-b92c-0bbca24e9891","local_time":"20230314005445","score_breakdown":["Floors Climbed (23): 115","Enemies Slain (7): 14","Exordium Elites Killed (1): 10","City Elites Killed (0): 0","Bosses Slain (1): 50","Ascension (20): 189"],"is_ascension_mode":true,"potions_obtained_alchemize":[[],[],[],[],[],[],[],[],[],[],[],[],[],[],[],[],[],[],[],[],[],[],[]],"campfire_choices":[{"data":"Defragment","floor":6,"key":"SMITH"},{"floor":8,"key":"REST"},{"data":"Defragment","floor":13,"key":"SMITH"},{"data":"Coolheaded","floor":15,"key":"SMITH"}],"lesson_learned_per_floor":[[],[],[],[],[],[],[],[],[],[],[],[],[],[],[],[],[],[],[],[],[],[],[]],"neow_cost":"NONE","improvable_cards":{},"seed_source_timestamp":2323716929394000,"shop_contents":[{"floor":14,"relics":["StrikeDummy","Shuriken","HandDrill"],"cards":["FTL","Blizzard","Auto Shields","Fission","Jack Of All Trades","Master of Strategy"],"potions":["Weak Potion","PowerPotion","LiquidBronze"]}],"circlet_count":0,"master_deck":["AscendersBane","Defend_B","Defend_B","Dualcast","Cold Snap","Ball Lightning","Defragment+1","Coolheaded+1","Defragment+1","Self Repair","Seek","Thunder Strike+1","Consume+1","Melter+1","Loop","Scrape","Heatsinks"],"potion_use_per_floor":[[],[],[],[],[],[],[],[],[],[],[],[],[],[],[],["FairyPotion"],[],[],[],["Block Potion"],[],[],["SkillPotion"]],"relics":["Cracked Core","Toy Ornithopter","Potion Belt","Bloody Idol","Astrolabe","Pen Nib"],"potions_floor_usage":[20,23],"damage_taken":[{"damage":11,"enemies":"2 Louse","floor":1,"turns":2},{"damage":0,"enemies":"Jaw Worm","floor":3,"turns":3},{"damage":8,"enemies":"Small Slimes","floor":5,"turns":3},{"damage":27,"enemies":"Gremlin Nob","floor":7,"turns":4},{"damage":0,"enemies":"2 Fungi Beasts","floor":10,"turns":4},{"damage":13,"enemies":"Blue Slaver","floor":11,"turns":3},{"damage":37,"enemies":"Hexaghost","floor":16,"turns":12},{"damage":0,"enemies":"Spheric Guardian","floor":18,"turns":2},{"damage":9,"enemies":"2 Thieves","floor":20,"turns":4},{"damage":75,"enemies":"Slavers","floor":23,"turns":3}],"seed_played":"-6099398528318116880","neow_bonus_log":{"cardsObtained":[],"cardsUpgraded":[],"cardsRemoved":[],"cardsTransformed":[],"relicsObtained":[],"maxHpGained":0,"goldGained":0,"damageTaken":0,"goldLost":0,"maxHpLost":0},"potions_obtained":[{"floor":3,"key":"FairyPotion"},{"floor":16,"key":"SkillPotion"},{"floor":18,"key":"Block Potion"}],"is_trial":false,"path_per_floor":["M","?","M","?","M","R","E","R","T","M","M","?","R","$","R","B",null,"M","?","M","?","T","E"],"character_chosen":"DEFECT","basemod:card_modifiers":[null,null,null,null,null,null,null,null,null,null,null,null,null,null,null,null,null],"items_purchased":["Self Repair"],"campfire_rested":1,"item_purchase_floors":[14],"current_hp_per_floor":[53,53,53,53,45,45,18,39,39,39,26,26,26,26,26,17,52,59,59,62,62,64,0],"gold":149,"neow_bonus":"THREE_CARDS","is_prod":false,"is_daily":false,"rewards_skipped":[],"chose_seed":false,"campfire_upgraded":3,"win_rate":0,"floor_exit_playtime":[42,46,75,88,117,125,219,224,236,278,307,311,317,337,345,458,496,522,549,621,625,628],"timestamp":1678769685,"path_taken":["M","?","M","?","M","R","E","R","T","M","M","?","R","?","R","BOSS","M","?","M","?","?","E"],"build_version":"2022-12-18","purchased_purges":1,"victory":false,"max_hp_per_floor":[71,71,71,71,71,71,71,71,71,71,71,64,64,64,64,64,64,64,64,64,64,64,64],"relic_stats":{"counters":[10,40],"Bloody Idol":2,"Astrolabe":["Thunder Strike","Consume","Melter"],"Pen Nib":[0],"obtain_stats":[{"Potion Belt":9,"Golden Idol":12,"Astrolabe":17,"Bloody Idol":21,"Pen Nib":22,"Cracked Core":0,"Toy Ornithopter":7},{"Potion Belt":4,"Golden Idol":6,"Astrolabe":7,"Bloody Idol":9,"Pen Nib":9,"Cracked Core":0,"Toy Ornithopter":4},{"Potion Belt":12,"Golden Idol":19,"Astrolabe":31,"Bloody Idol":37,"Pen Nib":37,"Cracked Core":0,"Toy Ornithopter":12}],"Toy Ornithopter":5},"card_choices":[{"not_picked":["Auto Shields","Beam Cell"],"picked":"Cold Snap","floor":0},{"not_picked":["Coolheaded","Steam","Stack"],"picked":"SKIP","floor":1},{"not_picked":["Beam Cell","Compile Driver"],"picked":"Ball Lightning","floor":3},{"not_picked":["Leap","Coolheaded"],"picked":"Defragment","floor":5},{"not_picked":["Beam Cell","Conserve Battery"],"picked":"Coolheaded","floor":7},{"not_picked":["Sunder","Rebound"],"picked":"Defragment","floor":10},{"not_picked":["Stack","Go for the Eyes","Gash"],"picked":"SKIP","floor":11},{"not_picked":["Buffer","Core Surge"],"picked":"Seek","floor":16},{"not_picked":["Aggregate","Skim"],"picked":"Loop","floor":18},{"not_picked":["Rebound","Gash","Beam Cell"],"picked":"SKIP","floor":20}],"player_experience":1573482,"relics_obtained":[{"floor":7,"key":"Toy Ornithopter"},{"floor":9,"key":"Potion Belt"},{"floor":22,"key":"Pen Nib"}],"event_choices":[{"damage_healed":0,"gold_gain":0,"player_choice":"Ignored","damage_taken":0,"max_hp_gain":0,"max_hp_loss":0,"event_name":"Liars Game","floor":2,"gold_loss":0},{"cards_removed":["Strike_B"],"damage_healed":0,"gold_gain":0,"player_choice":"Card Removal","damage_taken":0,"max_hp_gain":0,"max_hp_loss":0,"event_name":"The Cleric","floor":4,"gold_loss":75},{"damage_healed":0,"gold_gain":0,"player_choice":"Lose Max HP","damage_taken":0,"relics_obtained":["Golden Idol"],"max_hp_gain":0,"max_hp_loss":7,"event_name":"Golden Idol","floor":12,"gold_loss":0},{"damage_healed":0,"gold_gain":0,"cards_transformed":["Zap","Defend_B"],"player_choice":"Became Test Subject","damage_taken":0,"max_hp_gain":0,"max_hp_loss":0,"event_name":"Drug Dealer","floor":19,"gold_loss":0,"cards_obtained":["Scrape","Heatsinks"]},{"damage_healed":0,"gold_gain":0,"player_choice":"Gave Idol","damage_taken":0,"relics_obtained":["Bloody Idol"],"max_hp_gain":0,"max_hp_loss":0,"event_name":"Forgotten Altar","floor":21,"relics_lost":["Golden Idol"],"gold_loss":0}],"is_beta":false,"boss_relics":[{"not_picked":["SacredBark","Cursed Key"],"picked":"Astrolabe"}],"items_purged_floors":[14],"is_endless":false,"potions_floor_spawned":[3,16,18],"killed_by":"Slavers","ascension_level":20,"potion_discard_per_floor":[[],[],[],[],[],[],[],[],[],[],[],[],[],[],[],[],[],[],[],[],[],[],[]]}