{"gold_per_floor":[115,115,115,125,50,50,62,80,131,156,196,225,237,281,293,383,395,420,451,63,63,81,81,113,113,113,131,131,149,149,169,169,240,240,256,307,317,317,31,31],"floor_reached":40,"playtime":2182,"items_purged":["Pain","Strike_B","Strike_B"],"score":1086,"play_id":"fcec92c1-9400-4cd7-9d88-964a738cf29c","local_time":"20230307172940","is_ascension_mode":true,"campfire_choices":[{"data":"Zap","floor":6.0,"key":"SMITH"},{"data":"Loop","floor":13.0,"key":"SMITH"},{"data":"Buffer","floor":15.0,"key":"SMITH"},{"data":"Biased Cognition","floor":23.0,"key":"SMITH"},{"data":"White Noise","floor":25.0,"key":"SMITH"},{"data":"Coolheaded","floor":30.0,"key":"SMITH"},{"data":"Skim","floor":32.0,"key":"SMITH"}],"neow_cost":"NONE","seed_source_timestamp":0,"circlet_count":0,"master_deck":["AscendersBane","Defend_B","Defend_B","Defend_B","Defend_B","Zap+1","Dualcast","Darkness","Compile Driver","Genetic Algorithm","Ball Lightning","Sweeping Beam","Coolheaded+1","Loop+1","Buffer+1","Biased Cognition+1","White Noise+1","Glacier","Self Repair","Reinforced Body+1","Heatsinks+1","Skim+1","Steam Power","Force Field","Buffer","Hologram+1","Hologram","Compile Driver"],"special_seed":0,"relics":["FrozenCore","WarpedTongs","MawBank","Ancient Tea Set","DataDisk","Potion Belt","Blue Candle","Pantograph","Coffee Dripper","Thread and Needle","ClockworkSouvenir"],"potions_floor_usage":[37,40,40],"damage_taken":[{"damage":2.0,"enemies":"Jaw Worm","floor":1.0,"turns":3.0},{"damage":2.0,"enemies":"Small Slimes","floor":4.0,"turns":3.0},{"damage":3.0,"enemies":"Cultist","floor":7.0,"turns":5.0},{"damage":6.0,"enemies":"Exordium Thugs","floor":8.0,"turns":4.0},{"damage":1.0,"enemies":"2 Fungi Beasts","floor":10.0,"turns":3.0},{"damage":7.0,"enemies":"Lagavulin","floor":11.0,"turns":6.0},{"damage":4.0,"enemies":"Looter","floor":12.0,"turns":3.0},{"damage":32.0,"enemies":"Gremlin Nob","floor":14.0,"turns":4.0},{"damage":0.0,"enemies":"Slime Boss","floor":16.0,"turns":7.0},{"damage":8.0,"enemies":"2 Thieves","floor":18.0,"turns":4.0},{"damage":0.0,"enemies":"Spheric Guardian","floor":19.0,"turns":6.0},{"damage":0.0,"enemies":"3 Cultists","floor":22.0,"turns":6.0},{"damage":23.0,"enemies":"Slavers","floor":24.0,"turns":7.0},{"damage":8.0,"enemies":"Snake Plant","floor":27.0,"turns":4.0},{"damage":0.0,"enemies":"Cultist and Chosen","floor":29.0,"turns":5.0},{"damage":0.0,"enemies":"Centurion and Healer","floor":31.0,"turns":7.0},{"damage":0,"enemies":"Automaton","floor":33,"turns":11},{"damage":0,"enemies":"3 Shapes","floor":35,"turns":5},{"damage":26,"enemies":"2 Orb Walkers","floor":36,"turns":4},{"damage":3,"enemies":"3 Darklings","floor":37,"turns":7},{"damage":37,"enemies":"Reptomancer","floor":40,"turns":6}],"seed_played":"-7265719949603262535","potions_obtained":[{"floor":1.0,"key":"FairyPotion"},{"floor":7.0,"key":"CultistPotion"},{"floor":12.0,"key":"Explosive Potion"},{"floor":16.0,"key":"Block Potion"},{"floor":18.0,"key":"LiquidMemories"},{"floor":24.0,"key":"SpeedPotion"},{"floor":33,"key":"DistilledChaos"},{"floor":36,"key":"Fire Potion"},{"floor":37,"key":"SkillPotion"}],"is_trial":false,"path_per_floor":["M","?","?","M","$","R","M","M","T","M","E","M","R","E","R","B",null,"M","M","$","?","M","R","E","R","T","M","?","M","R","M","R","B",null,"M","?","M","?","$","E"],"character_chosen":"DEFECT","basemod:card_modifiers":[null,null,null,null,null,null,null,null,null,null,null,null,null,null,null,null,null,null,null,null,null,null,null,null,null,null,null,null],"items_purchased":["Self Repair","Potion Belt","Block Potion","ClockworkSouvenir"],"campfire_rested":0,"item_purchase_floors":[20,20,20,39],"current_hp_per_floor":[62,55,55,53,53,53,50,44,44,43,36,32,32,21,21,21,59,51,51,51,51,58,58,45,45,45,44,44,44,44,51,51,71,71,71,45,49,49,49,12],"gold":31,"neow_bonus":"THREE_CARDS","is_prod":false,"is_daily":false,"chose_seed":false,"campfire_upgraded":7,"win_rate":0,"timestamp":1678228180,"path_taken":["M","?","?","M","$","R","M","M","T","M","E","M","R","E","R","BOSS","M","?","$","?","M","R","E","R","T","M","?","?","R","M","R","BOSS","M","?","M","?","$","E"],"build_version":"2022-12-18","purchased_purges":3,"victory":false,"max_hp_per_floor":[71,71,71,71,71,71,71,71,71,71,71,71,71,71,71,71,71,71,71,71,71,71,71,71,71,71,71,71,71,71,71,71,71,71,71,71,71,67,67,67],"relic_stats":{"counters":[21,109],"Blue Candle":[0],"Pantograph":20,"MawBank":132,"Ancient Tea Set":[12],"obtain_stats":[{"Potion Belt":20,"DataDisk":14,"Blue Candle":24,"Pantograph":26,"Thread and Needle":36,"Coffee Dripper":34,"Cracked Core":0,"MawBank":9,"Ancient Tea Set":11,"WarpedTongs":3,"FrozenCore":17,"ClockworkSouvenir":39},{"Potion Belt":11,"DataDisk":8,"Blue Candle":13,"Pantograph":13,"Thread and Needle":19,"Coffee Dripper":17,"Cracked Core":0,"MawBank":4,"Ancient Tea Set":6,"WarpedTongs":1,"FrozenCore":9,"ClockworkSouvenir":20},{"Potion Belt":47,"DataDisk":30,"Blue Candle":60,"Pantograph":60,"Thread and Needle":96,"Coffee Dripper":87,"Cracked Core":0,"MawBank":15,"Ancient Tea Set":24,"WarpedTongs":3,"FrozenCore":37,"ClockworkSouvenir":103}],"FrozenCore":[15],"WarpedTongs":[105]},"card_choices":[{"not_picked":["Gash","Compile Driver"],"picked":"Darkness","floor":0.0},{"not_picked":["Tempest","Stack"],"picked":"Compile Driver","floor":1.0},{"not_picked":["Compile Driver","Beam Cell"],"picked":"Genetic Algorithm","floor":4.0},{"not_picked":["Consume","Tempest"],"picked":"Ball Lightning","floor":7.0},{"not_picked":["Cold Snap","Melter"],"picked":"Sweeping Beam","floor":8.0},{"not_picked":["Ball Lightning","Stack"],"picked":"Coolheaded","floor":10.0},{"not_picked":["Genetic Algorithm","Gash"],"picked":"Loop","floor":11.0},{"not_picked":["Meteor Strike","Chaos","Rebound"],"picked":"SKIP","floor":12.0},{"not_picked":["Genetic Algorithm","Go for the Eyes"],"picked":"Buffer","floor":14.0},{"not_picked":["Electrodynamics","Reboot"],"picked":"Biased Cognition","floor":16.0},{"not_picked":["Melter","Conserve Battery"],"picked":"White Noise","floor":18.0},{"not_picked":["Auto Shields","Leap"],"picked":"Glacier","floor":19.0},{"not_picked":["Genetic Algorithm","Redo"],"picked":"Reinforced Body+1","floor":22.0},{"not_picked":["Turbo","Ball Lightning"],"picked":"Heatsinks+1","floor":24.0},{"not_picked":["Sweeping Beam","Ball Lightning"],"picked":"Skim","floor":27.0},{"not_picked":["Gash","Redo"],"picked":"Force Field","floor":29.0},{"not_picked":["Gash","Sweeping Beam","Ball Lightning"],"picked":"SKIP","floor":31.0},{"not_picked":["Thunder Strike","Meteor Strike"],"picked":"Buffer","floor":33},{"not_picked":["White Noise","Coolheaded"],"picked":"Hologram+1","floor":35},{"not_picked":["Self Repair","Ball Lightning+1"],"picked":"Hologram","floor":36},{"not_picked":["Sunder+1","Reprogram"],"picked":"Compile Driver","floor":37}],"player_experience":1500283,"relics_obtained":[{"floor":9.0,"key":"MawBank"},{"floor":11.0,"key":"Ancient Tea Set"},{"floor":14.0,"key":"DataDisk"},{"floor":24.0,"key":"Blue Candle"},{"floor":26.0,"key":"Pantograph"},{"floor":36,"key":"Thread and Needle"}],"event_choices":[{"cards_removed":["Strike_B"],"damage_healed":0.0,"max_hp_gain":0.0,"max_hp_loss":0.0,"gold_gain":0.0,"event_name":"Golden Wing","player_choice":"Card Removal","floor":2.0,"gold_loss":0.0,"damage_taken":7.0},{"damage_healed":0.0,"max_hp_gain":0.0,"max_hp_loss":0.0,"gold_gain":0.0,"event_name":"Accursed Blacksmith","player_choice":"Rummage","floor":3.0,"gold_loss":0.0,"damage_taken":0.0,"relics_obtained":["WarpedTongs"],"cards_obtained":["Pain"]},{"damage_healed":0.0,"max_hp_gain":0.0,"max_hp_loss":0.0,"gold_gain":0.0,"event_name":"Vampires","player_choice":"Ignored","floor":21.0,"gold_loss":0.0,"damage_taken":0.0},{"damage_healed":0.0,"max_hp_gain":0.0,"max_hp_loss":0.0,"gold_gain":0.0,"cards_transformed":["Strike_B"],"event_name":"Transmorgrifier","player_choice":"Transformed","floor":28.0,"gold_loss":0.0,"damage_taken":0.0,"cards_obtained":["Steam Power"]},{"damage_healed":0,"gold_gain":0,"player_choice":"Fight","damage_taken":0,"max_hp_gain":0,"max_hp_loss":0,"event_name":"Mysterious Sphere","floor":36,"gold_loss":0},{"damage_healed":0,"gold_gain":0,"player_choice":"Max HP","damage_taken":0,"max_hp_gain":0,"max_hp_loss":4,"event_name":"Winding Halls","floor":38,"gold_loss":0}],"is_beta":false,"boss_relics":[{"not_picked":["Busted Crown","Tiny House"],"picked":"FrozenCore"},{"not_picked":["Calling Bell","Black Star"],"picked":"Coffee Dripper"}],"items_purged_floors":[5,20,39],"is_endless":false,"potions_floor_spawned":[1,7,10,12,16,18,19,24,33,36,37],"killed_by":"Reptomancer","ascension_level":20}