{"neow_bonuses_skipped_log":["UPGRADE_CARD","THREE_SMALL_POTIONS","BOSS_RELIC"],"neow_costs_skipped_log":["NONE","NONE","NONE"],"potions_obtained_entropic_brew":[[],[],[],[],[],[],[],[],[],[],[],[],[],[],[],[]],"gold_per_floor":[359,359,32,48,62,62,90,90,90,118,118,137,155,182,194,206],"floor_reached":16,"playtime":688,"items_purged":[],"score":240,"play_id":"619760f3-eb68-4513-bf4e-c55105f23690","local_time":"20230313221537","score_breakdown":["Floors Climbed (16): 80","Enemies Slain (5): 10","Exordium Elites Killed (3): 30","Bosses Slain (0): 0","Ascension (20): 120"],"is_ascension_mode":true,"potions_obtained_alchemize":[[],[],[],[],[],[],[],[],[],[],[],[],[],[],[],[]],"campfire_choices":[{"floor":6,"key":"REST"},{"floor":8,"key":"REST"},{"data":"Zap","floor":15,"key":"SMITH"}],"lesson_learned_per_floor":[[],[],[],[],[],[],[],[],[],[],[],[],[],[],[],[]],"neow_cost":"PERCENT_DAMAGE","improvable_cards":{},"seed_source_timestamp":2314156360239500,"shop_contents":[{"floor":3,"relics":["Pen Nib"],"cards":["FTL","Compile Driver","Hologram","Leap","Hello World","Forethought","HandOfGreed"],"potions":["Dexterity Potion","DistilledChaos","FairyPotion"]}],"circlet_count":0,"master_deck":["AscendersBane","Strike_B","Strike_B","Strike_B","Defend_B","Defend_B","Defend_B","Defend_B","Zap+1","Dualcast","Sunder","Compile Driver","Ball Lightning","Conserve Battery","Glacier","Hologram","Chill"],"potion_use_per_floor":[[],[],[],[],[],[],["Swift Potion","Energy Potion"],[],[],[],[],[],[],[],[],["Block Potion"]],"relics":["Cracked Core","Pocketwatch","OrangePellets","Akabeko","DataDisk","Mango","MawBank"],"potions_floor_usage":[7,7,16],"damage_taken":[{"damage":0,"enemies":"Small Slimes","floor":1,"turns":2},{"damage":0,"enemies":"2 Louse","floor":4,"turns":2},{"damage":2,"enemies":"Jaw Worm","floor":5,"turns":2},{"damage":15,"enemies":"Lagavulin","floor":7,"turns":7},{"damage":15,"enemies":"3 Sentries","floor":10,"turns":5},{"damage":1,"enemies":"Blue Slaver","floor":12,"turns":3},{"damage":1,"enemies":"Lots of Slimes","floor":13,"turns":3},{"damage":5,"enemies":"Lagavulin","floor":14,"turns":6},{"damage":32,"enemies":"Hexaghost","floor":16,"turns":11}],"seed_played":"-11695573321191204","neow_bonus_log":{"cardsObtained":[],"cardsUpgraded":[],"cardsRemoved":[],"cardsTransformed":[],"relicsObtained":[],"maxHpGained":0,"goldGained":250,"damageTaken":18,"goldLost":0,"maxHpLost":0},"potions_obtained":[{"floor":4,"key":"Swift Potion"},{"floor":5,"key":"Energy Potion"},{"floor":13,"key":"Swift Potion"},{"floor":14,"key":"Block Potion"}],"is_trial":false,"path_per_floor":["M","?","$","M","M","R","E","R","T","E","?","M","M","E","R","B"],"character_chosen":"DEFECT","basemod:card_modifiers":[null,null,null,null,null,null,null,null,null,null,null,null,null,null,null,null,null],"items_purchased":["OrangePellets","Akabeko"],"campfire_rested":2,"item_purchase_floors":[3,3],"current_hp_per_floor":[46,20,20,20,18,39,24,45,45,44,37,36,35,30,30,0],"gold":206,"neow_bonus":"TWO_FIFTY_GOLD","is_prod":false,"is_daily":false,"rewards_skipped":[],"chose_seed":false,"campfire_upgraded":1,"win_rate":0,"floor_exit_playtime":[39,44,68,105,131,136,276,291,308,375,386,419,472,538,548],"timestamp":1678760137,"blue_key_relic_skipped_log":{"floor":9,"relicID":"Bottled Flame"},"path_taken":["M","?","$","M","M","R","E","R","T","E","?","M","M","E","R","BOSS"],"build_version":"2022-12-18","purchased_purges":0,"victory":false,"max_hp_per_floor":[71,71,71,71,71,71,71,71,71,85,85,85,85,85,85,85],"relic_stats":{"OrangePellets":[0],"counters":[9,41],"MawBank":24,"obtain_stats":[{"OrangePellets":3,"DataDisk":7,"Mango":10,"Cracked Core":0,"MawBank":14,"Akabeko":3,"Pocketwatch":2},{"OrangePellets":1,"DataDisk":4,"Mango":5,"Cracked Core":0,"MawBank":8,"Akabeko":1,"Pocketwatch":1},{"OrangePellets":2,"DataDisk":13,"Mango":18,"Cracked Core":0,"MawBank":30,"Akabeko":2,"Pocketwatch":2}],"Pocketwatch":[87]},"card_choices":[{"not_picked":["Steam","Tempest"],"picked":"Sunder","floor":1},{"not_picked":["Streamline","Coolheaded"],"picked":"Compile Driver","floor":4},{"not_picked":["Double Energy","Aggregate","Redo"],"picked":"SKIP","floor":5},{"not_picked":["Skim","Coolheaded"],"picked":"Ball Lightning","floor":7},{"not_picked":["Hologram","Stack"],"picked":"Conserve Battery","floor":10},{"not_picked":["Meteor Strike","Fusion"],"picked":"Glacier","floor":12},{"not_picked":["Steam","Streamline"],"picked":"Hologram","floor":13},{"not_picked":["Gash","Cold Snap"],"picked":"Chill","floor":14}],"player_experience":1571290,"relics_obtained":[{"floor":7,"key":"DataDisk"},{"floor":10,"key":"Mango"},{"floor":14,"key":"MawBank"}],"event_choices":[{"damage_healed":0,"gold_gain":0,"player_choice":"Success","damage_taken":26,"relics_obtained":["Pocketwatch"],"max_hp_gain":0,"max_hp_loss":0,"event_name":"Scrap Ooze","floor":2,"gold_loss":0},{"cards_removed":["Strike_B"],"damage_healed":0,"gold_gain":0,"player_choice":"Card Removal","damage_taken":7,"max_hp_gain":0,"max_hp_loss":0,"event_name":"Golden Wing","floor":11,"gold_loss":0}],"is_beta":false,"boss_relics":[],"items_purged_floors":[],"is_endless":false,"potions_floor_spawned":[4,5,13,14],"killed_by":"Hexaghost","ascension_level":20,"potion_discard_per_floor":[[],[],[],[],[],[],[],[],[],[],[],[],[],[],[],[]]}