{"neow_bonuses_skipped_log":["THREE_ENEMY_KILL","REMOVE_TWO","BOSS_RELIC"],"potions_obtained_entropic_brew":[[],[],[],[],[],[],[],[],[],[],[],[],[],[],[],[]],"neow_costs_skipped_log":["NONE","TEN_PERCENT_HP_LOSS","NONE"],"gold_per_floor":[111,125,125,50,65,65,91,104,104,104,104,129,129,46,46,46],"floor_reached":16,"playtime":552,"items_purged":["Strike_B"],"score":196,"play_id":"62a6c410-a405-41fa-bba4-5b298bfca435","local_time":"20230322215911","score_breakdown":["Floors Climbed (16): 80","Enemies Slain (4): 8","Exordium Elites Killed (1): 10","Bosses Slain (0): 0","Ascension (20): 98"],"is_ascension_mode":true,"potions_obtained_alchemize":[[],[],[],[],[],[],[],[],[],[],[],[],[],[],[],[]],"campfire_choices":[{"data":"Doom and Gloom","floor":6,"key":"SMITH"},{"floor":11,"key":"REST"},{"floor":13,"key":"REST"},{"data":"Fission","floor":15,"key":"SMITH"}],"lesson_learned_per_floor":[[],[],[],[],[],[],[],[],[],[],[],[],[],[],[],[]],"neow_cost":"NONE","improvable_cards":{},"seed_source_timestamp":67492912921900,"shop_contents":[{"floor":4,"relics":["Gremlin Horn","HornCleat","Toolbox"],"cards":["Rip and Tear","Melter","Steam","Fission","Capacitor","Blind","Chrysalis"],"potions":["Dexterity Potion","EssenceOfSteel","Swift Potion"]},{"floor":14,"relics":["Blood Vial","Oddly Smooth Stone","HandDrill"],"cards":["Blizzard","FTL","Stack","Multi-Cast","Discovery","Metamorphosis"],"potions":["CultistPotion","SkillPotion","FairyPotion"]}],"circlet_count":0,"master_deck":["AscendersBane","Strike_B","Strike_B","Defend_B","Defend_B","Defend_B","Defend_B","Zap","Dualcast","Machine Learning","Gash","Hologram","Fission+1","Streamline","Doom and Gloom+1","Turbo","Defragment","Rebound","Defragment"],"special_seed":0,"potion_use_per_floor":[[],[],[],[],[],[],[],[],[],[],[],["EssenceOfDarkness"],[],[],[],[]],"relics":["Cracked Core","Calipers","WingedGreaves","Golden Idol","Odd Mushroom"],"potions_floor_usage":[12],"damage_taken":[{"damage":0.0,"enemies":"2 Louse","floor":1.0,"turns":2.0},{"damage":1.0,"enemies":"Cultist","floor":2.0,"turns":4.0},{"damage":1,"enemies":"Small Slimes","floor":5,"turns":3},{"damage":39,"enemies":"Gremlin Nob","floor":7,"turns":4},{"damage":0,"enemies":"2 Fungi Beasts","floor":8,"turns":2},{"damage":27,"enemies":"The Mushroom Lair","floor":12,"turns":3},{"damage":36,"enemies":"Slime Boss","floor":16,"turns":5}],"seed_played":"-3032422105618091103","neow_bonus_log":{"cardsObtained":["Machine Learning"],"cardsUpgraded":[],"cardsRemoved":[],"cardsTransformed":["Strike_B"],"relicsObtained":[],"maxHpGained":0,"goldGained":0,"damageTaken":0,"goldLost":0,"maxHpLost":0},"potions_obtained":[{"floor":2.0,"key":"PotionOfCapacity"},{"floor":8,"key":"EssenceOfDarkness"}],"is_trial":false,"path_per_floor":["M","M","?","$","M","R","E","M","T","?","R","?","R","$","R","B"],"character_chosen":"DEFECT","basemod:card_modifiers":[null,null,null,null,null,null,null,null,null,null,null,null,null,null,null,null,null,null,null],"items_purchased":["Defragment"],"campfire_rested":2,"item_purchase_floors":[14],"current_hp_per_floor":[64,63,63,63,62,62,23,23,23,23,42,15,34,34,34,0],"gold":46,"neow_bonus":"TRANSFORM_CARD","is_prod":false,"is_daily":false,"rewards_skipped":[],"chose_seed":false,"campfire_upgraded":2,"win_rate":0,"floor_exit_playtime":[77,177,195,219,245,261,328,354,366,378,385,458,463,475,481],"timestamp":1679536751,"path_taken":["M","M","?","?","M","R","E","M","T","?","R","?","R","?","R","BOSS"],"build_version":"2022-12-18","purchased_purges":1,"victory":false,"max_hp_per_floor":[71,71,71,71,71,71,71,71,71,64,64,64,64,64,64,64],"relic_stats":{"Calipers":[0],"counters":[7,23],"Golden Idol":5,"WingedGreaves":3,"obtain_stats":[{"Calipers":7,"Golden Idol":10,"WingedGreaves":9,"Odd Mushroom":12,"Cracked Core":0},{"Calipers":4,"Golden Idol":5,"WingedGreaves":5,"Odd Mushroom":6,"Cracked Core":0},{"Calipers":13,"Golden Idol":15,"WingedGreaves":15,"Odd Mushroom":18,"Cracked Core":0}]},"card_choices":[{"not_picked":["Rebound","Redo"],"picked":"Gash","floor":1.0},{"not_picked":["Force Field","Storm"],"picked":"Hologram","floor":2.0},{"not_picked":["Lockon","Darkness"],"picked":"Doom and Gloom","floor":5},{"not_picked":["BootSequence","Coolheaded"],"picked":"Turbo","floor":7},{"not_picked":["Leap","Cold Snap"],"picked":"Defragment","floor":8},{"not_picked":["Self Repair","Skim"],"picked":"Rebound","floor":12}],"player_experience":1608876,"relics_obtained":[{"floor":7,"key":"Calipers"},{"floor":9,"key":"WingedGreaves"},{"floor":12,"key":"Odd Mushroom"}],"event_choices":[{"damage_healed":0,"gold_gain":0,"player_choice":"2 cards matched","damage_taken":0,"max_hp_gain":0,"max_hp_loss":0,"event_name":"Match and Keep!","floor":3,"gold_loss":0,"cards_obtained":["Fission","Streamline"]},{"damage_healed":0,"gold_gain":0,"player_choice":"Lose Max HP","damage_taken":0,"relics_obtained":["Golden Idol"],"max_hp_gain":0,"max_hp_loss":7,"event_name":"Golden Idol","floor":10,"gold_loss":0},{"damage_healed":0,"gold_gain":0,"player_choice":"Fought Mushrooms","damage_taken":0,"max_hp_gain":0,"max_hp_loss":0,"event_name":"Mushrooms","floor":12,"gold_loss":0}],"is_beta":false,"boss_relics":[],"items_purged_floors":[4],"is_endless":false,"potions_floor_spawned":[2,8],"killed_by":"Slime Boss","ascension_level":20,"potion_discard_per_floor":[[],[],[],[],[],[],[],[],[],[],[],[],[],[],[],[]]}