{"neow_bonuses_skipped_log":["UPGRADE_CARD","RANDOM_COMMON_RELIC","BOSS_RELIC"],"neow_costs_skipped_log":["NONE","NONE","NONE"],"potions_obtained_entropic_brew":[[],[],[],[],[],[],[],[],[],[],[],[],[],[],[],[],[],[],[],[],[],[],[],[],[],[],[],[],[],[],[],[],[],[],[],[],[],[],[],[],[],[],[],[],[],[],[],[],[],[],[],[],[],[],[],[],[]],"gold_per_floor":[365,96,116,116,130,130,163,163,163,163,186,199,199,230,230,326,326,349,363,313,338,362,362,90,129,129,145,179,193,193,229,229,322,322,350,11,44,44,44,89,114,114,114,114,81,150,189,208,208,208,208,208,208,29,79,79],"floor_reached":57,"playtime":5308,"items_purged":["Strike_B","Chaos","Zap"],"score":2895,"play_id":"fff557c7-6f38-4498-a67c-ec8893e7b1ed","local_time":"20230326144749","falling_options_log":["Go for the Eyes+1","Defragment"],"score_breakdown":["Floors Climbed (57): 285","Enemies Slain (15): 30","Exordium Elites Killed (2): 20","City Elites Killed (2): 40","Beyond Elites Killed (2): 60","Bosses Slain (5): 750","Money Money (1158): 25","Champion (3): 75","Overkill: 25","C-c-c-combo: 25","Ascension (20): 1310","Heartbreaker: 250"],"is_ascension_mode":true,"potions_obtained_alchemize":[[],[],[],[],[],[],[],[],[],[],[],[],[],[],[],[],[],[],[],[],[],[],[],[],[],[],[],[],[],[],[],[],[],[],[],[],[],[],[],[],[],[],[],[],[],[],[],[],[],[],[],[],[],[],[],[],[]],"campfire_choices":[{"data":"Apotheosis","floor":6.0,"key":"SMITH"},{"floor":8.0,"key":"REST"},{"data":"Rip and Tear","floor":15.0,"key":"SMITH"},{"floor":23.0,"key":"REST"},{"floor":30.0,"key":"REST"},{"data":"Defragment","floor":32.0,"key":"SMITH"},{"data":"Seek","floor":42.0,"key":"SMITH"},{"floor":44.0,"key":"REST"},{"floor":49.0,"key":"RECALL"},{"floor":53.0,"key":"REST"}],"lesson_learned_per_floor":[[],[],[],[],[],[],[],[],[],[],[],[],[],[],[],[],[],[],[],[],[],[],[],[],[],[],[],[],[],[],[],[],[],[],[],[],[],[],[],[],[],[],[],[],[],[],[],[],[],[],[],[],[],[],[],[],[]],"neow_cost":"TEN_PERCENT_HP_LOSS","improvable_cards":{"Genetic Algorithm":[69]},"seed_source_timestamp":0,"shop_contents":[{"floor":2,"relics":["Pen Nib","Potion Belt","Sling"],"cards":["Sweeping Beam","Hyperbeam","Steam","Stack","Hello World","Purity"],"potions":["ColorlessPotion","FairyPotion","FearPotion"]},{"floor":24,"relics":["Symbiotic Virus","Ginger","Strawberry"],"cards":["Sweeping Beam","Thunder Strike","Steam","Turbo","Storm","Blind","Transmutation"],"potions":["DuplicationPotion","BlessingOfTheForge","Explosive Potion"]},{"floor":36,"relics":["CaptainsWheel","Juzu Bracelet","InkBottle"],"cards":["Lockon","FTL","Steam Power","Conserve Battery","Hello World","Deep Breath","Thinking Ahead"],"potions":["SpeedPotion","Block Potion","SpeedPotion"]},{"floor":45,"relics":["Regal Pillow","Art of War","DollysMirror"],"cards":["Sunder","Scrape","Redo","Leap","Self Repair","Purity","Magnetism"],"potions":["EntropicBrew","SteroidPotion","Regen Potion"]},{"floor":54,"relics":["Kunai","TungstenRod","FossilizedHelix"],"cards":["Sweeping Beam","Blizzard","Coolheaded","Fusion","Static Discharge","PanicButton","HandOfGreed"],"potions":["EssenceOfSteel","ColorlessPotion","FairyPotion"]}],"circlet_count":0,"master_deck":["AscendersBane","Dualcast","Cold Snap+1","Apotheosis+1","Defragment+1","Glacier","FTL","Genetic Algorithm","Rebound+1","Rip and Tear+1","Fission","Buffer","Blizzard","White Noise","Force Field","Coolheaded","Aggregate","Leap+1","Turbo","Defragment","Seek+1","Go for the Eyes+1","Creative AI","CurseOfTheBell","Hologram+1","Capacitor","Defragment","Glacier","Reboot","Heatsinks+1","Coolheaded","Heatsinks","Skim"],"special_seed":0,"potion_use_per_floor":[[],[],[],[],[],[],["Strength Potion"],[],[],[],[],[],[],["Dexterity Potion"],[],["Swift Potion"],[],[],[],[],[],[],[],[],["ColorlessPotion"],[],["ColorlessPotion"],["SkillPotion"],[],[],[],[],["Regen Potion"],[],[],[],[],[],[],["PowerPotion"],[],[],[],[],[],[],[],[],[],[],[],[],[],[],["Swift Potion"],["BlessingOfTheForge","Ancient Potion"],[]],"relics":["Cracked Core","The Courier","Akabeko","Golden Idol","Bag of Preparation","Pandora\u0027s Box","OrangePellets","Sundial","White Beast Statue","Orichalcum","Red Mask","Calling Bell","CeramicFish","Darkstone Periapt","Thread and Needle","Frozen Eye","DataDisk","Pocketwatch","Turnip","PreservedInsect","Medical Kit","Centennial Puzzle"],"potions_floor_usage":[55,56,56],"damage_taken":[{"damage":2.0,"enemies":"Jaw Worm","floor":1.0,"turns":3.0},{"damage":0.0,"enemies":"2 Louse","floor":3.0,"turns":4.0},{"damage":0.0,"enemies":"Small Slimes","floor":5.0,"turns":4.0},{"damage":49.0,"enemies":"Gremlin Nob","floor":7.0,"turns":5.0},{"damage":0.0,"enemies":"2 Fungi Beasts","floor":11.0,"turns":3.0},{"damage":18.0,"enemies":"Gremlin Gang","floor":12.0,"turns":4.0},{"damage":2.0,"enemies":"3 Sentries","floor":14.0,"turns":10.0},{"damage":14.0,"enemies":"Slime Boss","floor":16.0,"turns":11.0},{"damage":38.0,"enemies":"3 Byrds","floor":18.0,"turns":5.0},{"damage":3.0,"enemies":"Shell Parasite","floor":19.0,"turns":6.0},{"damage":1.0,"enemies":"Centurion and Healer","floor":21.0,"turns":7.0},{"damage":0.0,"enemies":"Snecko","floor":22.0,"turns":5.0},{"damage":0.0,"enemies":"Gremlin Leader","floor":25.0,"turns":6.0},{"damage":0.0,"enemies":"Chosen and Byrds","floor":27.0,"turns":6.0},{"damage":6.0,"enemies":"Book of Stabbing","floor":28.0,"turns":7.0},{"damage":0.0,"enemies":"Snake Plant","floor":29.0,"turns":4.0},{"damage":0.0,"enemies":"Masked Bandits","floor":31.0,"turns":10.0},{"damage":2.0,"enemies":"Champ","floor":33.0,"turns":26.0},{"damage":18.0,"enemies":"3 Darklings","floor":35.0,"turns":8.0},{"damage":0.0,"enemies":"3 Shapes","floor":37.0,"turns":10.0},{"damage":0.0,"enemies":"Reptomancer","floor":40.0,"turns":7.0},{"damage":0.0,"enemies":"Writhing Mass","floor":41.0,"turns":12.0},{"damage":1.0,"enemies":"2 Orb Walkers","floor":46.0,"turns":4.0},{"damage":0.0,"enemies":"Nemesis","floor":47.0,"turns":7.0},{"damage":9.0,"enemies":"Jaw Worm Horde","floor":48.0,"turns":5.0},{"damage":2.0,"enemies":"Donu and Deca","floor":50.0,"turns":12.0},{"damage":15.0,"enemies":"Time Eater","floor":51.0,"turns":14.0},{"damage":19,"enemies":"Shield and Spear","floor":55,"turns":8},{"damage":9,"enemies":"The Heart","floor":56,"turns":14}],"green_key_taken_log":28,"seed_played":"3492286628669014751","neow_bonus_log":{"cardsObtained":[],"cardsUpgraded":[],"cardsRemoved":[],"cardsTransformed":[],"relicsObtained":[],"maxHpGained":0,"goldGained":250,"damageTaken":0,"goldLost":0,"maxHpLost":7},"potions_obtained":[{"floor":3.0,"key":"Strength Potion"},{"floor":11.0,"key":"Swift Potion"},{"floor":12.0,"key":"Dexterity Potion"},{"floor":21.0,"key":"ColorlessPotion"},{"floor":22.0,"key":"ColorlessPotion"},{"floor":27.0,"key":"SkillPotion"},{"floor":28.0,"key":"PowerPotion"},{"floor":29.0,"key":"Energy Potion"},{"floor":31.0,"key":"Regen Potion"},{"floor":33.0,"key":"SteroidPotion"},{"floor":40.0,"key":"Ancient Potion"},{"floor":46.0,"key":"Swift Potion"},{"floor":55,"key":"BlessingOfTheForge"}],"is_trial":false,"path_per_floor":["M","$","M","?","M","R","E","R","T","?","M","M","?","E","R","B",null,"M","M","?","M","M","R","$","E","T","M","E","M","R","?","R","B",null,"M","$","M","?","T","E","M","R","T","R","$","?","E","M","R","B","B",null,"R","$","E","B",null],"character_chosen":"DEFECT","basemod:card_modifiers":[null,null,null,null,null,null,null,null,null,null,null,null,null,null,null,null,null,null,null,null,null,null,null,null,null,null,null,null,null,null,null,null,null],"items_purchased":["Apotheosis","OrangePellets","Defragment","Capacitor","Defragment","Frozen Eye","Coolheaded","Medical Kit","Heatsinks"],"campfire_rested":5,"item_purchase_floors":[2,24,24,36,36,36,45,54,54],"current_hp_per_floor":[62,62,62,67,67,67,18,38,38,38,38,20,20,18,18,4,48,10,7,7,6,6,24,24,24,24,24,18,18,36,36,36,49,60,42,42,42,42,42,42,42,42,42,60,60,59,59,50,50,48,33,56,63,63,44,35],"gold":79,"neow_bonus":"TWO_FIFTY_GOLD","is_prod":false,"is_daily":false,"rewards_skipped":[{"floor":35,"relics":[],"potions":["LiquidBronze"]},{"floor":37,"relics":[],"potions":["BlessingOfTheForge"]},{"floor":41,"relics":[],"potions":["SteroidPotion"]},{"floor":47,"relics":[],"potions":["Dexterity Potion"]},{"floor":48,"relics":[],"potions":["LiquidBronze"]}],"chose_seed":false,"campfire_upgraded":4,"win_rate":0,"floor_exit_playtime":[31,59,95,98,134,141,199,209,211,214,264,323,331,424,432,580,601,703,816,828,943,1025,1030,1068,1188,1193,1341,1507,1574,1579,1738,1750,2113,2181,2406,2450,2687,2693,2696,2912,3127,3138,3141,3156,3173,3311,3576,3709,3713,4007,4439,4451,4460,4508,4774,5308],"timestamp":1679856469,"blue_key_relic_skipped_log":{"floor":39,"relicID":"Smiling Mask"},"path_taken":["M","$","M","?","M","R","E","R","T","?","M","M","?","E","R","BOSS","M","M","?","?","M","R","$","E","T","M","E","M","R","?","R","BOSS","M","$","M","?","?","E","M","R","T","R","?","?","E","M","R","BOSS","BOSS","R","$","E","BOSS"],"build_version":"2022-12-18","purchased_purges":3,"victory":true,"max_hp_per_floor":[64,64,64,69,69,69,69,69,69,63,63,63,63,63,63,63,63,63,63,63,63,63,63,63,63,63,63,63,63,63,63,63,63,63,63,63,63,63,63,63,63,63,63,63,63,63,63,63,63,63,63,63,63,63,63,63],"relic_stats":{"Darkstone Periapt":0,"counters":[29,227],"Golden Idol":228,"CeramicFish":81,"The Courier":214,"PreservedInsect":77,"Bag of Preparation":[44],"Orichalcum":[102],"Medical Kit":[16],"White Beast Statue":[0.0,0.0,0.0,0.4,0.0,0.6000000000000001,0.0,0.0,0.0,0.0,0.0,6.0048576],"OrangePellets":[18],"Frozen Eye":102.17804,"Centennial Puzzle":[3],"Sundial":[38],"Pandora\u0027s Box":["Buffer","Chaos","Blizzard","White Noise","Force Field","Coolheaded","Aggregate"],"Turnip":[4],"obtain_stats":[{"Darkstone Periapt":34,"Golden Idol":10,"CeramicFish":34,"Thread and Needle":34,"The Courier":7,"PreservedInsect":47,"Bag of Preparation":14,"Orichalcum":28,"Medical Kit":54,"Akabeko":9,"White Beast Statue":26,"Calling Bell":34,"OrangePellets":24,"Frozen Eye":36,"DataDisk":40,"Centennial Puzzle":55,"Sundial":25,"Pandora\u0027s Box":17,"Turnip":46,"Red Mask":31,"Cracked Core":0,"Pocketwatch":43},{"Darkstone Periapt":18,"Golden Idol":4,"CeramicFish":18,"Thread and Needle":18,"The Courier":4,"PreservedInsect":24,"Bag of Preparation":7,"Orichalcum":15,"Medical Kit":27,"Akabeko":4,"White Beast Statue":13,"Calling Bell":18,"OrangePellets":12,"Frozen Eye":19,"DataDisk":21,"Centennial Puzzle":28,"Sundial":13,"Pandora\u0027s Box":8,"Turnip":23,"Red Mask":17,"Cracked Core":0,"Pocketwatch":22},{"Darkstone Periapt":126,"Golden Idol":16,"CeramicFish":126,"Thread and Needle":126,"The Courier":16,"PreservedInsect":174,"Bag of Preparation":33,"Orichalcum":86,"Medical Kit":205,"Akabeko":16,"White Beast Statue":73,"Calling Bell":126,"OrangePellets":67,"Frozen Eye":134,"DataDisk":151,"Centennial Puzzle":213,"Sundial":73,"Pandora\u0027s Box":44,"Turnip":167,"Red Mask":100,"Cracked Core":0,"Pocketwatch":163}],"Pocketwatch":[47]},"card_choices":[{"not_picked":["Steam","Stack"],"picked":"Cold Snap","floor":1.0},{"not_picked":["Auto Shields","Steam"],"picked":"Defragment","floor":3.0},{"not_picked":["Go for the Eyes","Blizzard"],"picked":"Glacier","floor":5.0},{"not_picked":["Rainbow","Conserve Battery"],"picked":"FTL","floor":7.0},{"not_picked":["Melter","Aggregate"],"picked":"Genetic Algorithm","floor":11.0},{"not_picked":["Streamline","Conserve Battery"],"picked":"Rebound","floor":12.0},{"not_picked":["Go for the Eyes","Turbo"],"picked":"Rip and Tear","floor":14.0},{"not_picked":["Meteor Strike","Hyperbeam"],"picked":"Fission","floor":16.0},{"not_picked":["FTL","Chaos"],"picked":"Leap+1","floor":18.0},{"not_picked":["Redo","Doom and Gloom"],"picked":"Turbo","floor":19.0},{"not_picked":["Conserve Battery","Sweeping Beam+1"],"picked":"Hologram","floor":21.0},{"not_picked":["Consume","Ball Lightning","Leap"],"picked":"SKIP","floor":22.0},{"not_picked":["Undo","Rebound","Hologram"],"picked":"SKIP","floor":25.0},{"not_picked":["FTL","Double Energy","Undo"],"picked":"SKIP","floor":27.0},{"not_picked":["Go for the Eyes","Barrage"],"picked":"Seek","floor":28.0},{"not_picked":["Chill","BootSequence"],"picked":"Go for the Eyes+1","floor":29.0},{"not_picked":["Conserve Battery+1","Sweeping Beam","Consume"],"picked":"SKIP","floor":31.0},{"not_picked":["Core Surge","Electrodynamics"],"picked":"Creative AI","floor":33.0},{"not_picked":["Leap","Stack"],"picked":"Hologram+1","floor":35.0},{"not_picked":["Buffer","Hologram+1"],"picked":"Glacier","floor":37.0},{"not_picked":["Go for the Eyes","Fusion"],"picked":"Reboot","floor":40.0},{"not_picked":["Sweeping Beam","Beam Cell"],"picked":"Heatsinks+1","floor":41.0},{"not_picked":["Double Energy+1","Tempest","Redo+1"],"picked":"SKIP","floor":46.0},{"not_picked":["Compile Driver","Conserve Battery","Steam+1"],"picked":"SKIP","floor":47.0},{"not_picked":["Doom and Gloom+1","Sweeping Beam","Hello World"],"picked":"SKIP","floor":48.0},{"not_picked":["Storm","Cold Snap+1"],"picked":"Skim","floor":55}],"player_experience":1609428,"relics_obtained":[{"floor":7.0,"key":"The Courier"},{"floor":9.0,"key":"Akabeko"},{"floor":14.0,"key":"Bag of Preparation"},{"floor":25.0,"key":"Sundial"},{"floor":26.0,"key":"White Beast Statue"},{"floor":28.0,"key":"Orichalcum"},{"floor":31.0,"key":"Red Mask"},{"floor":34.0,"key":"CeramicFish"},{"floor":34.0,"key":"Darkstone Periapt"},{"floor":34.0,"key":"Thread and Needle"},{"floor":40.0,"key":"DataDisk"},{"floor":43.0,"key":"Pocketwatch"},{"floor":46.0,"key":"Turnip"},{"floor":47.0,"key":"PreservedInsect"},{"floor":55,"key":"Centennial Puzzle"}],"event_choices":[{"damage_healed":0.0,"max_hp_gain":5.0,"max_hp_loss":0.0,"gold_gain":0.0,"event_name":"Big Fish","player_choice":"Donut","floor":4.0,"gold_loss":0.0,"damage_taken":0.0},{"damage_healed":0.0,"max_hp_gain":0.0,"max_hp_loss":6.0,"gold_gain":0.0,"event_name":"Golden Idol","player_choice":"Lose Max HP","floor":10.0,"gold_loss":0.0,"damage_taken":0.0,"relics_obtained":["Golden Idol"]},{"damage_healed":0.0,"max_hp_gain":0.0,"max_hp_loss":0.0,"gold_gain":0.0,"event_name":"Shining Light","player_choice":"Ignored","floor":13.0,"gold_loss":0.0,"damage_taken":0.0},{"damage_healed":0.0,"max_hp_gain":0.0,"max_hp_loss":0.0,"gold_gain":0.0,"event_name":"Designer","player_choice":"Upgraded Two","floor":20.0,"gold_loss":50.0,"damage_taken":0.0,"cards_upgraded":["Cold Snap","Rebound"]},{"damage_healed":0.0,"max_hp_gain":0.0,"max_hp_loss":0.0,"gold_gain":0.0,"event_name":"Masked Bandits","player_choice":"Fought Bandits","floor":31.0,"gold_loss":0.0,"damage_taken":0.0},{"cards_removed":["Hologram"],"damage_healed":0.0,"max_hp_gain":0.0,"max_hp_loss":0.0,"gold_gain":0.0,"event_name":"Falling","player_choice":"Removed Skill","floor":38.0,"gold_loss":0.0,"damage_taken":0.0},{"damage_healed":0.0,"max_hp_gain":0.0,"max_hp_loss":0.0,"gold_gain":0.0,"event_name":"Mysterious Sphere","player_choice":"Fight","floor":46.0,"gold_loss":0.0,"damage_taken":0.0}],"is_beta":false,"boss_relics":[{"not_picked":["Sozu","Empty Cage"],"picked":"Pandora\u0027s Box"},{"not_picked":["FrozenCore","SacredBark"],"picked":"Calling Bell"}],"items_purged_floors":[2,24,36],"is_endless":false,"potions_floor_spawned":[3,11,12,21,22,27,28,29,31,33,35,37,40,41,46,47,48,55],"ascension_level":20,"potion_discard_per_floor":[[],[],[],[],[],[],[],[],[],[],[],[],[],[],[],[],[],[],[],[],[],[],[],[],[],[],[],[],[],[],["Energy Potion"],[],[],[],[],[],[],[],[],[],[],[],[],[],[],["SteroidPotion"],[],[],[],[],[],[],[],[],[],[],[]]}