{"neow_bonuses_skipped_log":["RANDOM_COLORLESS","TWENTY_PERCENT_HP_BONUS","BOSS_RELIC"],"potions_obtained_entropic_brew":[[],[],[],[],[],[],[],[],[],[],[],[],[],[],[],[],[],[],[],[],[],[],[]],"neow_costs_skipped_log":["NONE","NO_GOLD","NONE"],"gold_per_floor":[116,116,116,27,41,76,96,96,96,124,137,166,185,212,212,287,287,307,323,165,200,200,200],"floor_reached":23,"playtime":967,"items_purged":[],"score":488,"play_id":"c2d2dd82-9d51-4f36-ae3e-4740c70e499a","local_time":"20230403211956","score_breakdown":["Floors Climbed (23): 115","Enemies Slain (7): 14","Exordium Elites Killed (4): 40","City Elites Killed (0): 0","Bosses Slain (1): 50","Champion (1): 25","Ascension (20): 244"],"is_ascension_mode":true,"potions_obtained_alchemize":[[],[],[],[],[],[],[],[],[],[],[],[],[],[],[],[],[],[],[],[],[],[],[]],"campfire_choices":[{"data":"Zap","floor":8,"key":"SMITH"},{"data":"Chaos","floor":15,"key":"SMITH"}],"lesson_learned_per_floor":[[],[],[],[],[],[],[],[],[],[],[],[],[],[],[],[],[],[],[],[],[],[],[]],"neow_cost":"NONE","improvable_cards":{"Genetic Algorithm":[5]},"seed_source_timestamp":238793332170500,"shop_contents":[{"floor":4,"relics":["Nunchaku","Blood Vial","Frozen Eye"],"cards":["FTL","Sweeping Beam","Leap","Conserve Battery","Panacea","Violence"],"potions":["DistilledChaos","Ancient Potion","Regen Potion"]},{"floor":20,"relics":["Mummified Hand","InkBottle"],"cards":["Ball Lightning","Compile Driver","Steam","Genetic Algorithm","Storm","Discovery","Secret Technique"],"potions":["ColorlessPotion","ColorlessPotion","DistilledChaos"]}],"circlet_count":0,"master_deck":["AscendersBane","Strike_B","Strike_B","Strike_B","Strike_B","Defend_B","Defend_B","Defend_B","Zap+1","Dualcast","Cold Snap","All For One","Loop","Gash","Sweeping Beam","Gash","Leap","Barrage","Genetic Algorithm","Turbo","Chaos+1","Creative AI","Darkness","Hologram","Go for the Eyes+1","Core Surge","BootSequence","Hologram","Loop","Defragment+1"],"potion_use_per_floor":[[],[],[],[],[],[],[],[],[],[],[],[],[],[],[],[],[],[],["BlessingOfTheForge"],[],["DuplicationPotion"],[],[]],"relics":["Cracked Core","NeowsBlessing","Pantograph","CaptainsWheel","HornCleat","Art of War","SlaversCollar","Orrery","Red Mask"],"potions_floor_usage":[19,21],"damage_taken":[{"damage":0,"enemies":"Small Slimes","floor":1,"turns":1},{"damage":0,"enemies":"2 Louse","floor":5,"turns":1},{"damage":0,"enemies":"Gremlin Nob","floor":6,"turns":1},{"damage":0,"enemies":"Cultist","floor":7,"turns":3},{"damage":15,"enemies":"Lagavulin","floor":10,"turns":5},{"damage":7,"enemies":"3 Louse","floor":11,"turns":4},{"damage":17,"enemies":"Gremlin Nob","floor":12,"turns":4},{"damage":0,"enemies":"2 Fungi Beasts","floor":13,"turns":3},{"damage":4,"enemies":"3 Sentries","floor":14,"turns":6},{"damage":24,"enemies":"Slime Boss","floor":16,"turns":6},{"damage":12,"enemies":"2 Thieves","floor":18,"turns":4},{"damage":9,"enemies":"Chosen","floor":19,"turns":6},{"damage":18,"enemies":"Masked Bandits","floor":21,"turns":6},{"damage":22,"enemies":"Slavers","floor":23,"turns":3}],"green_key_taken_log":6,"seed_played":"1657104957719558104","neow_bonus_log":{"cardsObtained":[],"cardsUpgraded":[],"cardsRemoved":[],"cardsTransformed":[],"relicsObtained":["NeowsBlessing"],"maxHpGained":0,"goldGained":0,"damageTaken":0,"goldLost":0,"maxHpLost":0},"potions_obtained":[{"floor":1,"key":"BlessingOfTheForge"},{"floor":5,"key":"Energy Potion"},{"floor":11,"key":"DuplicationPotion"}],"is_trial":false,"path_per_floor":["M","?","?","$","M","E","M","R","T","E","M","E","M","E","R","B",null,"M","M","$","?","?","E"],"character_chosen":"DEFECT","basemod:card_modifiers":[null,null,null,null,null,null,null,null,null,null,null,null,null,null,null,null,null,null,null,null,null,null,null,null,null,null,null,null,null,null],"items_purchased":["Loop","Orrery"],"campfire_rested":0,"item_purchase_floors":[4,20],"current_hp_per_floor":[64,64,71,71,71,71,71,71,71,56,49,32,32,28,28,29,61,49,40,40,22,22,0],"gold":200,"neow_bonus":"THREE_ENEMY_KILL","is_prod":false,"is_daily":false,"rewards_skipped":[{"floor":6,"relics":["Bottled Tornado"],"potions":[]},{"floor":14,"relics":[],"potions":["Swift Potion"]}],"chose_seed":false,"campfire_upgraded":2,"win_rate":0,"floor_exit_playtime":[22,27,51,63,79,97,131,140,147,221,285,346,387,478,485,614,634,708,796,832,920,923],"timestamp":1680571196,"path_taken":["M","?","?","$","?","E","M","R","T","E","M","E","M","E","R","BOSS","M","M","$","?","?","E"],"build_version":"2022-12-18","purchased_purges":0,"victory":false,"max_hp_per_floor":[71,71,71,71,71,71,71,71,71,71,71,71,71,71,71,71,71,71,71,71,71,71,71],"relic_stats":{"counters":[14,52],"Pantograph":25,"Art of War":[2],"obtain_stats":[{"SlaversCollar":17,"CaptainsWheel":10,"HornCleat":12,"NeowsBlessing":0,"Pantograph":9,"Orrery":20,"Art of War":14,"Red Mask":21,"Cracked Core":0},{"SlaversCollar":10,"CaptainsWheel":5,"HornCleat":7,"NeowsBlessing":0,"Pantograph":4,"Orrery":12,"Art of War":9,"Red Mask":13,"Cracked Core":0},{"SlaversCollar":33,"CaptainsWheel":11,"HornCleat":19,"NeowsBlessing":0,"Pantograph":6,"Orrery":43,"Art of War":27,"Red Mask":49,"Cracked Core":0}]},"card_choices":[{"not_picked":["Steam","Skim"],"picked":"Cold Snap","floor":1},{"not_picked":["Compile Driver","Recycle"],"picked":"Gash","floor":5},{"not_picked":["Rip and Tear","Reprogram"],"picked":"Sweeping Beam","floor":6},{"not_picked":["Aggregate","Skim"],"picked":"Gash","floor":7},{"not_picked":["Steam Power","Auto Shields"],"picked":"Leap","floor":10},{"not_picked":["Coolheaded","Loop"],"picked":"Barrage","floor":11},{"not_picked":["Steam","Thunder Strike"],"picked":"Genetic Algorithm","floor":12},{"not_picked":["Hologram","Static Discharge"],"picked":"Turbo","floor":13},{"not_picked":["White Noise","Turbo"],"picked":"Chaos","floor":14},{"not_picked":["Machine Learning","Buffer"],"picked":"Creative AI","floor":16},{"not_picked":["Leap","Steam"],"picked":"Darkness","floor":18},{"not_picked":["Force Field","Coolheaded"],"picked":"Hologram","floor":19},{"not_picked":["Beam Cell","Double Energy"],"picked":"Go for the Eyes+1","floor":20},{"not_picked":["Rebound","Genetic Algorithm"],"picked":"Core Surge","floor":20},{"not_picked":["Lockon","Hologram"],"picked":"BootSequence","floor":20},{"not_picked":["Steam","Go for the Eyes"],"picked":"Hologram","floor":20},{"not_picked":["Doom and Gloom","Genetic Algorithm"],"picked":"Loop","floor":20},{"not_picked":["Steam","Compile Driver"],"picked":"Defragment+1","floor":21}],"player_experience":1644600,"relics_obtained":[{"floor":9,"key":"Pantograph"},{"floor":10,"key":"CaptainsWheel"},{"floor":12,"key":"HornCleat"},{"floor":14,"key":"Art of War"},{"floor":21,"key":"Red Mask"}],"event_choices":[{"damage_healed":0,"gold_gain":0,"cards_transformed":["Defend_B"],"player_choice":"Change","damage_taken":0,"max_hp_gain":0,"max_hp_loss":0,"event_name":"Living Wall","floor":2,"gold_loss":0,"cards_obtained":["All For One"]},{"damage_healed":7,"gold_gain":0,"player_choice":"Full Heal","damage_taken":0,"max_hp_gain":0,"max_hp_loss":0,"event_name":"Wheel of Change","floor":3,"gold_loss":0},{"damage_healed":0,"gold_gain":0,"player_choice":"Fought Bandits","damage_taken":0,"max_hp_gain":0,"max_hp_loss":0,"event_name":"Masked Bandits","floor":21,"gold_loss":0},{"damage_healed":0,"gold_gain":0,"player_choice":"Ignored","damage_taken":0,"max_hp_gain":0,"max_hp_loss":0,"event_name":"Cursed Tome","floor":22,"gold_loss":0}],"is_beta":false,"boss_relics":[{"not_picked":["Busted Crown","Sozu"],"picked":"SlaversCollar"}],"items_purged_floors":[],"is_endless":false,"potions_floor_spawned":[1,5,11,14],"killed_by":"Slavers","ascension_level":20,"potion_discard_per_floor":[[],[],[],[],[],[],[],[],[],[],["Energy Potion"],[],[],[],[],[],[],[],[],[],[],[],[]]}