{"neow_bonuses_skipped_log":["RANDOM_COMMON_RELIC","ONE_RARE_RELIC","BOSS_RELIC"],"potions_obtained_entropic_brew":[[],[],[],[],[],[],[],[],[],[],[],[]],"neow_costs_skipped_log":["NONE","TEN_PERCENT_HP_LOSS","NONE"],"gold_per_floor":[111,111,128,128,145,179,193,204,204,239,249,249],"floor_reached":12,"playtime":544,"items_purged":[],"score":184,"play_id":"0a1ea5ab-b4f6-4eea-b233-19406c30566e","local_time":"20230403210341","score_breakdown":["Floors Climbed (12): 60","Enemies Slain (6): 12","Exordium Elites Killed (2): 20","Bosses Slain (0): 0","Ascension (20): 92"],"is_ascension_mode":true,"potions_obtained_alchemize":[[],[],[],[],[],[],[],[],[],[],[],[]],"campfire_choices":[],"lesson_learned_per_floor":[[],[],[],[],[],[],[],[],[],[],[],[]],"neow_cost":"NONE","improvable_cards":{},"seed_source_timestamp":238241304916500,"shop_contents":[],"circlet_count":0,"master_deck":["AscendersBane","Strike_B","Strike_B","Strike_B","Strike_B","Defend_B","Defend_B","Defend_B","Defend_B","Zap","Dualcast","Buffer","Rip and Tear","Melter","Cold Snap","FTL","Cold Snap","Ball Lightning","Beam Cell","Hello World"],"potion_use_per_floor":[[],[],[],[],[],["ColorlessPotion"],["Energy Potion"],[],[],["FocusPotion"],["Block Potion"],[]],"relics":["Cracked Core","Boot","Dream Catcher","Omamori"],"potions_floor_usage":[6,7,10,11],"damage_taken":[{"damage":0,"enemies":"2 Louse","floor":1,"turns":2},{"damage":0,"enemies":"Small Slimes","floor":3,"turns":3},{"damage":2,"enemies":"Jaw Worm","floor":5,"turns":3},{"damage":28,"enemies":"3 Sentries","floor":6,"turns":9},{"damage":6,"enemies":"Lots of Slimes","floor":7,"turns":3},{"damage":23,"enemies":"Large Slime","floor":8,"turns":4},{"damage":9,"enemies":"Lagavulin","floor":10,"turns":6},{"damage":0,"enemies":"Gremlin Gang","floor":11,"turns":5},{"damage":10,"enemies":"Exordium Wildlife","floor":12,"turns":1}],"seed_played":"6321185384025270172","neow_bonus_log":{"cardsObtained":["Buffer"],"cardsUpgraded":[],"cardsRemoved":[],"cardsTransformed":[],"relicsObtained":[],"maxHpGained":0,"goldGained":0,"damageTaken":0,"goldLost":0,"maxHpLost":0},"potions_obtained":[{"floor":3,"key":"ColorlessPotion"},{"floor":5,"key":"FocusPotion"},{"floor":6,"key":"Energy Potion"},{"floor":10,"key":"Block Potion"}],"is_trial":false,"path_per_floor":["M","?","M","?","M","E","M","M","T","E","M","M"],"character_chosen":"DEFECT","basemod:card_modifiers":[null,null,null,null,null,null,null,null,null,null,null,null,null,null,null,null,null,null,null,null],"items_purchased":[],"campfire_rested":0,"item_purchase_floors":[],"current_hp_per_floor":[64,69,69,69,67,39,33,10,10,1,1,0],"gold":249,"neow_bonus":"ONE_RANDOM_RARE_CARD","is_prod":false,"is_daily":false,"rewards_skipped":[],"chose_seed":false,"campfire_upgraded":0,"win_rate":0,"floor_exit_playtime":[56,61,92,96,143,261,323,364,366,460,529],"timestamp":1680570221,"path_taken":["M","?","M","?","M","E","?","?","T","E","M","M"],"build_version":"2022-12-18","purchased_purges":0,"victory":false,"max_hp_per_floor":[71,76,76,76,76,76,76,76,76,76,76,76],"relic_stats":{"Dream Catcher":0,"counters":[9,36],"Omamori":0,"Boot":[7],"obtain_stats":[{"Dream Catcher":9,"Omamori":10,"Cracked Core":0,"Boot":6},{"Dream Catcher":6,"Omamori":7,"Cracked Core":0,"Boot":4},{"Dream Catcher":24,"Omamori":30,"Cracked Core":0,"Boot":17}]},"card_choices":[{"not_picked":["Redo","Force Field"],"picked":"Rip and Tear","floor":1},{"not_picked":["Leap","Barrage"],"picked":"Melter","floor":3},{"not_picked":["Coolheaded","Turbo"],"picked":"Cold Snap","floor":5},{"not_picked":["Rebound","Force Field"],"picked":"FTL","floor":6},{"not_picked":["Streamline","Steam Power"],"picked":"Cold Snap","floor":7},{"not_picked":["Turbo","Stack"],"picked":"Ball Lightning","floor":8},{"not_picked":["Leap","Force Field"],"picked":"Beam Cell","floor":10},{"not_picked":["Conserve Battery","Thunder Strike"],"picked":"Hello World","floor":11}],"player_experience":1644056,"relics_obtained":[{"floor":6,"key":"Boot"},{"floor":9,"key":"Dream Catcher"},{"floor":10,"key":"Omamori"}],"event_choices":[{"damage_healed":0,"gold_gain":0,"player_choice":"Donut","damage_taken":0,"max_hp_gain":5,"max_hp_loss":0,"event_name":"Big Fish","floor":2,"gold_loss":0},{"damage_healed":0,"gold_gain":0,"player_choice":"Ignored","damage_taken":0,"max_hp_gain":0,"max_hp_loss":0,"event_name":"Liars Game","floor":4,"gold_loss":0}],"is_beta":false,"boss_relics":[],"items_purged_floors":[],"is_endless":false,"potions_floor_spawned":[3,5,6,10],"killed_by":"Exordium Wildlife","ascension_level":20,"potion_discard_per_floor":[[],[],[],[],[],[],[],[],[],[],[],[]]}