{"neow_bonuses_skipped_log":["REMOVE_CARD","THREE_SMALL_POTIONS","BOSS_RELIC"],"neow_costs_skipped_log":["NONE","NONE","NONE"],"potions_obtained_entropic_brew":[[],[],[],[],[],[],[],[],[],[],[],[],[],[],[],[],[],[],[],[],[],[],[],[],[],[],[],[]],"gold_per_floor":[152,77,77,116,161,161,204,225,225,300,349,349,395,395,395,491,491,537,537,92,92,105,105,105,145,145,195,195],"floor_reached":28,"playtime":1092,"items_purged":["Normality","Strike_B"],"score":472,"play_id":"06002e8c-f2ff-4dd1-a824-a0a2bae6a8b3","local_time":"20230421103446","score_breakdown":["Floors Climbed (28): 140","Enemies Slain (8): 16","Exordium Elites Killed (1): 10","City Elites Killed (1): 20","Bosses Slain (1): 50","Ascension (20): 236"],"is_ascension_mode":true,"potions_obtained_alchemize":[[],[],[],[],[],[],[],[],[],[],[],[],[],[],[],[],[],[],[],[],[],[],[],[],[],[],[],[]],"campfire_choices":[{"data":"HandOfGreed","floor":6,"key":"SMITH"},{"data":"Darkness","floor":12,"key":"SMITH"},{"data":"Dualcast","floor":15,"key":"SMITH"},{"data":"Doom and Gloom","floor":23,"key":"SMITH"}],"lesson_learned_per_floor":[[],[],[],[],[],[],[],[],[],[],[],[],[],[],[],[],[],[],[],[],[],[],[],[],[],[],[],[]],"neow_cost":"CURSE","improvable_cards":{},"seed_source_timestamp":801831071030900,"shop_contents":[{"floor":2,"relics":["Blood Vial","PreservedInsect","Runic Capacitor"],"cards":["Thunder Strike","Gash","Turbo","Coolheaded","Capacitor","Finesse","The Bomb"],"potions":["Swift Potion","FearPotion","SpeedPotion"]},{"floor":20,"relics":["Thread and Needle","Orichalcum"],"cards":["Ball Lightning","Barrage","Hologram","Undo","Flash of Steel","HandOfGreed"],"potions":["FocusPotion"]}],"circlet_count":0,"master_deck":["AscendersBane","Strike_B","Strike_B","Strike_B","Defend_B","Defend_B","Defend_B","Defend_B","Zap","Dualcast+1","HandOfGreed+1","Doom and Gloom+1","Go for the Eyes","Darkness+1","Coolheaded+1","Chill","Undo","Electrodynamics","Self Repair","Capacitor","Compile Driver"],"potion_use_per_floor":[[],[],[],[],[],[],["Swift Potion"],[],[],[],[],[],[],[],[],["LiquidBronze","SkillPotion"],[],[],[],[],[],["ColorlessPotion"],[],[],[],[],[],["DuplicationPotion"]],"relics":["Cracked Core","Golden Idol","Pear","HornCleat","Snecko Eye","Nilry\u0027s Codex","Toolbox","White Beast Statue","Ancient Tea Set"],"potions_floor_usage":[7,16,16,22,28],"damage_taken":[{"damage":11,"enemies":"Small Slimes","floor":1,"turns":5},{"damage":2,"enemies":"2 Louse","floor":4,"turns":3},{"damage":7,"enemies":"Jaw Worm","floor":5,"turns":4},{"damage":20,"enemies":"Lagavulin","floor":7,"turns":6},{"damage":1,"enemies":"3 Louse","floor":8,"turns":2},{"damage":1,"enemies":"Exordium Thugs","floor":11,"turns":4},{"damage":0,"enemies":"2 Fungi Beasts","floor":13,"turns":3},{"damage":12,"enemies":"Hexaghost","floor":16,"turns":9},{"damage":12,"enemies":"Chosen","floor":18,"turns":5},{"damage":0,"enemies":"Spheric Guardian","floor":22,"turns":3},{"damage":15,"enemies":"Slavers","floor":25,"turns":6},{"damage":32,"enemies":"Book of Stabbing","floor":28,"turns":5}],"seed_played":"8521714372081801715","neow_bonus_log":{"cardsObtained":["Normality"],"cardsUpgraded":[],"cardsRemoved":[],"cardsTransformed":[],"relicsObtained":[],"maxHpGained":0,"goldGained":0,"damageTaken":0,"goldLost":0,"maxHpLost":0},"potions_obtained":[{"floor":1,"key":"Swift Potion"},{"floor":7,"key":"SneckoOil"},{"floor":8,"key":"SkillPotion"},{"floor":11,"key":"LiquidBronze"}],"is_trial":false,"path_per_floor":["M","$","?","M","M","R","E","M","T","?","M","R","M","?","R","B",null,"M","?","$","?","M","R","?","E","T","?","E"],"character_chosen":"DEFECT","basemod:card_modifiers":[null,null,null,null,null,null,null,null,null,null,null,null,null,null,null,null,null,null,null,null,null],"items_purchased":["Toolbox","Self Repair","ColorlessPotion","DuplicationPotion"],"campfire_rested":0,"item_purchase_floors":[20,20,20,20],"current_hp_per_floor":[53,53,53,51,44,44,34,33,33,22,21,21,21,21,21,9,58,46,25,25,25,32,32,32,31,31,31,0],"gold":195,"neow_bonus":"RANDOM_COLORLESS_2","is_prod":false,"is_daily":false,"rewards_skipped":[],"chose_seed":false,"campfire_upgraded":4,"win_rate":0,"floor_exit_playtime":[66,84,89,115,151,162,230,264,267,270,333,340,395,425,437,572,591,669,678,707,722,794,805,813,968,971,977],"timestamp":1682087686,"path_taken":["M","$","?","M","M","R","E","M","T","?","M","R","M","?","R","BOSS","M","?","$","?","M","R","?","E","T","?","E"],"build_version":"2022-12-18","purchased_purges":2,"victory":false,"max_hp_per_floor":[71,71,64,64,64,64,74,74,74,74,74,74,74,74,74,74,74,74,74,74,74,74,74,74,74,74,74,74],"relic_stats":{"counters":[12,55],"Golden Idol":65,"Nilry\u0027s Codex":[0,2,4,6],"Snecko Eye":[28,25,28,34,-63],"Ancient Tea Set":[0],"obtain_stats":[{"Pear":7,"HornCleat":9,"Golden Idol":3,"Nilry\u0027s Codex":19,"Snecko Eye":17,"Toolbox":20,"Cracked Core":0,"Ancient Tea Set":26,"White Beast Statue":25},{"Pear":4,"HornCleat":5,"Golden Idol":1,"Nilry\u0027s Codex":9,"Snecko Eye":8,"Toolbox":9,"Cracked Core":0,"Ancient Tea Set":11,"White Beast Statue":11},{"Pear":18,"HornCleat":20,"Golden Idol":5,"Nilry\u0027s Codex":41,"Snecko Eye":36,"Toolbox":41,"Cracked Core":0,"Ancient Tea Set":50,"White Beast Statue":50}],"White Beast Statue":[0.0,0.0,0.0,0.0,0.0,0.0,0.0,1.0,0.0,0.0,0.0,0.0]},"card_choices":[{"not_picked":["Mayhem","Secret Technique"],"picked":"HandOfGreed","floor":0},{"not_picked":["Compile Driver","FTL"],"picked":"Doom and Gloom","floor":1},{"not_picked":["Steam Power","Stack","Streamline"],"picked":"SKIP","floor":4},{"not_picked":["Streamline","Storm"],"picked":"Go for the Eyes","floor":5},{"not_picked":["Streamline","Coolheaded"],"picked":"Darkness","floor":7},{"not_picked":["Heatsinks","Undo"],"picked":"Coolheaded","floor":8},{"not_picked":["Ball Lightning","Conserve Battery"],"picked":"Chill","floor":11},{"not_picked":["Gash","Auto Shields"],"picked":"Undo","floor":13},{"not_picked":["Multi-Cast","Meteor Strike"],"picked":"Electrodynamics","floor":16},{"not_picked":["Turbo","Scrape","Consume"],"picked":"SKIP","floor":18},{"not_picked":["Compile Driver","BootSequence","Conserve Battery","Tempest","Steam Power","Doom and Gloom","Streamline","Go for the Eyes","Stack","Chill","Cold Snap","Recycle","Self Repair","Leap","Storm","Barrage","Auto Shields","Redo","Rebound"],"picked":"Capacitor","floor":21},{"not_picked":["Ball Lightning","Lockon"],"picked":"Compile Driver","floor":22},{"not_picked":["Gash","Conserve Battery","Sweeping Beam"],"picked":"SKIP","floor":25}],"player_experience":1859269,"relics_obtained":[{"floor":7,"key":"Pear"},{"floor":9,"key":"HornCleat"},{"floor":19,"key":"Nilry\u0027s Codex"},{"floor":25,"key":"White Beast Statue"},{"floor":26,"key":"Ancient Tea Set"}],"event_choices":[{"damage_healed":0,"gold_gain":0,"player_choice":"Lose Max HP","damage_taken":0,"relics_obtained":["Golden Idol"],"max_hp_gain":0,"max_hp_loss":7,"event_name":"Golden Idol","floor":3,"gold_loss":0},{"damage_healed":0,"gold_gain":75,"player_choice":"Gather Gold","damage_taken":11,"max_hp_gain":0,"max_hp_loss":0,"event_name":"World of Goop","floor":10,"gold_loss":0},{"damage_healed":0,"gold_gain":0,"player_choice":"Grow","damage_taken":0,"max_hp_gain":0,"max_hp_loss":0,"event_name":"Living Wall","floor":14,"gold_loss":0,"cards_upgraded":["Coolheaded"]},{"damage_healed":0,"gold_gain":0,"player_choice":"Obtained Book","damage_taken":21,"max_hp_gain":0,"max_hp_loss":0,"event_name":"Cursed Tome","floor":19,"gold_loss":0},{"damage_healed":0,"gold_gain":0,"player_choice":"Read","damage_taken":0,"max_hp_gain":0,"max_hp_loss":0,"event_name":"The Library","floor":21,"gold_loss":0,"cards_obtained":["Capacitor"]},{"damage_healed":0,"gold_gain":0,"player_choice":"Ignored","damage_taken":0,"max_hp_gain":0,"max_hp_loss":0,"event_name":"Vampires","floor":24,"gold_loss":0},{"damage_healed":0,"gold_gain":50,"player_choice":"Pray","damage_taken":0,"max_hp_gain":0,"max_hp_loss":0,"event_name":"Golden Shrine","floor":27,"gold_loss":0}],"is_beta":false,"boss_relics":[{"not_picked":["SlaversCollar","Black Star"],"picked":"Snecko Eye"}],"items_purged_floors":[2,20],"is_endless":false,"potions_floor_spawned":[1,7,8,11],"killed_by":"Book of Stabbing","ascension_level":20,"potion_discard_per_floor":[[],[],[],[],[],[],[],[],[],[],["SneckoOil"],[],[],[],[],[],[],[],[],[],[],[],[],[],[],[],[],[]]}