{"neow_bonuses_skipped_log":["RANDOM_COLORLESS","THREE_SMALL_POTIONS","BOSS_RELIC"],"neow_costs_skipped_log":["NONE","NONE","NONE"],"potions_obtained_entropic_brew":[[],[],[],[],[],[],[],[],[],[],[],[],[],[],[],[]],"gold_per_floor":[118,130,150,168,185,185,215,215,263,295,62,62,79,95,95,95],"floor_reached":16,"playtime":602,"items_purged":["Strike_B"],"score":208,"play_id":"d973b779-5c7d-4d9e-b186-6ed9379a4603","local_time":"20230424160156","score_breakdown":["Floors Climbed (16): 80","Enemies Slain (7): 14","Exordium Elites Killed (1): 10","Bosses Slain (0): 0","Ascension (20): 104"],"is_ascension_mode":true,"potions_obtained_alchemize":[[],[],[],[],[],[],[],[],[],[],[],[],[],[],[],[]],"campfire_choices":[{"floor":6,"key":"REST"},{"floor":12,"key":"REST"},{"data":"Secret Weapon","floor":15,"key":"SMITH"}],"lesson_learned_per_floor":[[],[],[],[],[],[],[],[],[],[],[],[],[],[],[],[]],"neow_cost":"PERCENT_DAMAGE","improvable_cards":{},"seed_source_timestamp":1081153627026600,"shop_contents":[{"floor":11,"relics":["Boot","Medical Kit"],"cards":["FTL","Rip and Tear","Redo","Hologram","Storm","Dark Shackles","Mayhem"],"potions":["Ancient Potion","FocusPotion","PowerPotion"]}],"circlet_count":0,"master_deck":["AscendersBane","Strike_B","Strike_B","Strike_B","Defend_B","Defend_B","Defend_B","Defend_B","Zap+1","Dualcast","Secret Weapon+1","Self Repair","Compile Driver","Sweeping Beam","Conserve Battery","Rebound","Core Surge","Go for the Eyes","Cold Snap","Leap"],"potion_use_per_floor":[[],[],[],["BlessingOfTheForge"],["BlessingOfTheForge"],[],[],[],[],["FocusPotion"],[],[],[],[],[],["LiquidMemories"]],"relics":["Cracked Core","Odd Mushroom","Ornamental Fan","Bag of Preparation"],"potions_floor_usage":[4,5,10,16],"damage_taken":[{"damage":1,"enemies":"Cultist","floor":1,"turns":3},{"damage":9,"enemies":"2 Louse","floor":2,"turns":2},{"damage":12,"enemies":"Small Slimes","floor":3,"turns":3},{"damage":7,"enemies":"Red Slaver","floor":4,"turns":4},{"damage":14,"enemies":"3 Louse","floor":5,"turns":3},{"damage":18,"enemies":"The Mushroom Lair","floor":7,"turns":4},{"damage":23,"enemies":"Lagavulin","floor":10,"turns":7},{"damage":14,"enemies":"Lots of Slimes","floor":13,"turns":3},{"damage":9,"enemies":"Gremlin Gang","floor":14,"turns":4},{"damage":9,"enemies":"Hexaghost","floor":16,"turns":9}],"seed_played":"-4696793156077352448","neow_bonus_log":{"cardsObtained":[],"cardsUpgraded":[],"cardsRemoved":[],"cardsTransformed":[],"relicsObtained":[],"maxHpGained":0,"goldGained":0,"damageTaken":18,"goldLost":0,"maxHpLost":0},"potions_obtained":[{"floor":1,"key":"BlessingOfTheForge"},{"floor":3,"key":"BlessingOfTheForge"},{"floor":5,"key":"LiquidBronze"},{"floor":7,"key":"FocusPotion"},{"floor":14,"key":"LiquidMemories"}],"is_trial":false,"path_per_floor":["M","M","M","M","M","R","?","?","T","E","$","R","M","M","R","B"],"character_chosen":"DEFECT","basemod:card_modifiers":[null,null,null,null,null,null,null,null,null,null,null,null,null,null,null,null,null,null,null,null],"items_purchased":["Bag of Preparation"],"campfire_rested":2,"item_purchase_floors":[11],"current_hp_per_floor":[45,36,31,34,27,48,30,30,30,14,14,35,21,19,19,10],"gold":95,"neow_bonus":"RANDOM_COLORLESS_2","is_prod":false,"is_daily":false,"rewards_skipped":[],"chose_seed":false,"campfire_upgraded":1,"win_rate":0,"floor_exit_playtime":[46,62,94,131,172,181,229,245,248,315,343,347,390,451,462],"timestamp":1682366516,"blue_key_relic_skipped_log":{"floor":9,"relicID":"Juzu Bracelet"},"path_taken":["M","?","M","M","M","R","?","?","T","E","$","R","?","M","R","BOSS"],"build_version":"2022-12-18","purchased_purges":1,"victory":false,"max_hp_per_floor":[71,71,71,71,71,71,71,71,71,71,71,71,71,71,71,71],"relic_stats":{"counters":[10,42],"Ornamental Fan":[12],"Bag of Preparation":[6],"obtain_stats":[{"Ornamental Fan":10,"Bag of Preparation":11,"Odd Mushroom":7,"Cracked Core":0},{"Ornamental Fan":7,"Bag of Preparation":7,"Odd Mushroom":6,"Cracked Core":0},{"Ornamental Fan":26,"Bag of Preparation":26,"Odd Mushroom":19,"Cracked Core":0}]},"card_choices":[{"not_picked":["The Bomb","Magnetism"],"picked":"Secret Weapon","floor":0},{"not_picked":["Tempest","Sweeping Beam"],"picked":"Self Repair","floor":1},{"not_picked":["Storm","Double Energy"],"picked":"Compile Driver","floor":2},{"not_picked":["Turbo","Redo"],"picked":"Sweeping Beam","floor":3},{"not_picked":["Steam","Capacitor"],"picked":"Conserve Battery","floor":4},{"not_picked":["Auto Shields","Streamline"],"picked":"Rebound","floor":5},{"not_picked":["Melter","Sweeping Beam"],"picked":"Core Surge","floor":7},{"not_picked":["Capacitor","Meteor Strike"],"picked":"Go for the Eyes","floor":10},{"not_picked":["Compile Driver","Static Discharge"],"picked":"Cold Snap","floor":13},{"not_picked":["Barrage","Steam"],"picked":"Leap","floor":14}],"player_experience":1886517,"relics_obtained":[{"floor":7,"key":"Odd Mushroom"},{"floor":10,"key":"Ornamental Fan"}],"event_choices":[{"damage_healed":0,"gold_gain":0,"player_choice":"Fought Mushrooms","damage_taken":0,"max_hp_gain":0,"max_hp_loss":0,"event_name":"Mushrooms","floor":7,"gold_loss":0},{"damage_healed":0,"gold_gain":0,"player_choice":"Forge","damage_taken":0,"max_hp_gain":0,"max_hp_loss":0,"event_name":"Accursed Blacksmith","floor":8,"gold_loss":0,"cards_upgraded":["Zap"]}],"is_beta":false,"boss_relics":[],"items_purged_floors":[11],"is_endless":false,"potions_floor_spawned":[1,3,5,7,14],"killed_by":"Hexaghost","ascension_level":20,"potion_discard_per_floor":[[],[],[],[],[],[],[],[],[],[],[],[],[],[],[],[]]}