{"neow_bonuses_skipped_log":["THREE_CARDS","ONE_RARE_RELIC","BOSS_RELIC"],"potions_obtained_entropic_brew":[[],[],[],[],[],[],[],[],[],[],[],[],[],[],[],[],[],[],[],[],[],[],[],[]],"neow_costs_skipped_log":["NONE","TEN_PERCENT_HP_LOSS","NONE"],"gold_per_floor":[212,232,232,251,271,301,319,338,364,299,334,334,350,300,300,371,371,385,396,408,160,50,50,50],"floor_reached":24,"playtime":713,"items_purged":["Strike_B","Strike_B"],"score":420,"play_id":"c762e793-9f14-4349-a4fe-85205f61e6b6","local_time":"20230424203417","score_breakdown":["Floors Climbed (24): 120","Enemies Slain (10): 20","Exordium Elites Killed (2): 20","City Elites Killed (0): 0","Bosses Slain (1): 50","Ascension (20): 210"],"is_ascension_mode":true,"potions_obtained_alchemize":[[],[],[],[],[],[],[],[],[],[],[],[],[],[],[],[],[],[],[],[],[],[],[],[]],"campfire_choices":[{"floor":15,"key":"REST"},{"floor":23,"key":"REST"}],"lesson_learned_per_floor":[[],[],[],[],[],[],[],[],[],[],[],[],[],[],[],[],[],[],[],[],[],[],[],[]],"neow_cost":"NONE","improvable_cards":{},"seed_source_timestamp":1097384474416600,"shop_contents":[{"floor":14,"relics":["Toy Ornithopter","Bottled Lightning","Frozen Eye"],"cards":["Sweeping Beam","Streamline","BootSequence","Undo","Storm","Forethought","Violence"],"potions":["Fire Potion","Dexterity Potion","EssenceOfDarkness"]},{"floor":21,"relics":["TungstenRod","Bag of Marbles","DollysMirror"],"cards":["Streamline","Barrage","Consume","Forethought","Master of Strategy"],"potions":["DuplicationPotion","Energy Potion","DuplicationPotion"]}],"circlet_count":0,"master_deck":["AscendersBane","Strike_B","Defend_B","Defend_B","Defend_B","Defend_B","Zap","Dualcast","Ball Lightning+1","Doom and Gloom","Stack","Cold Snap","Ball Lightning+1","Steam","Leap+1","Sunder","Glacier","Coolheaded","Machine Learning","Conserve Battery+1","Cold Snap","Compile Driver+1","Turbo","Creative AI"],"potion_use_per_floor":[[],[],[],[],["Regen Potion"],["Weak Potion"],[],["LiquidMemories"],[],[],["FearPotion"],[],[],[],[],["CultistPotion","GamblersBrew"],[],[],[],[],[],[],[],[]],"relics":["Cracked Core","Letter Opener","Whetstone","Smiling Mask","Cursed Key"],"potions_floor_usage":[5,6,8,11,16,16],"damage_taken":[{"damage":1,"enemies":"Cultist","floor":1,"turns":3},{"damage":7,"enemies":"Small Slimes","floor":2,"turns":3},{"damage":7,"enemies":"Jaw Worm","floor":4,"turns":4},{"damage":20,"enemies":"Exordium Thugs","floor":5,"turns":4},{"damage":16,"enemies":"Lagavulin","floor":6,"turns":5},{"damage":2,"enemies":"Red Slaver","floor":7,"turns":3},{"damage":1,"enemies":"Lots of Slimes","floor":8,"turns":3},{"damage":2,"enemies":"Gremlin Nob","floor":11,"turns":3},{"damage":10,"enemies":"Exordium Wildlife","floor":13,"turns":4},{"damage":26,"enemies":"Slime Boss","floor":16,"turns":9},{"damage":5,"enemies":"3 Byrds","floor":18,"turns":4},{"damage":12,"enemies":"Spheric Guardian","floor":19,"turns":4},{"damage":26,"enemies":"Snake Plant","floor":20,"turns":5},{"damage":34,"enemies":"Slavers","floor":24,"turns":4}],"seed_played":"8010875259921421403","neow_bonus_log":{"cardsObtained":[],"cardsUpgraded":[],"cardsRemoved":[],"cardsTransformed":[],"relicsObtained":[],"maxHpGained":0,"goldGained":100,"damageTaken":0,"goldLost":0,"maxHpLost":0},"potions_obtained":[{"floor":4,"key":"Regen Potion"},{"floor":5,"key":"Weak Potion"},{"floor":6,"key":"LiquidMemories"},{"floor":7,"key":"FearPotion"},{"floor":12,"key":"CultistPotion"},{"floor":12,"key":"GamblersBrew"},{"floor":19,"key":"Dexterity Potion"}],"is_trial":false,"path_per_floor":["M","M","?","M","M","E","M","M","T","?","E","?","M","$","R","B",null,"M","M","M","$","?","R","E"],"character_chosen":"DEFECT","basemod:card_modifiers":[null,null,null,null,null,null,null,null,null,null,null,null,null,null,null,null,null,null,null,null,null,null,null,null],"items_purchased":["Turbo","Creative AI"],"campfire_rested":2,"item_purchase_floors":[21,21],"current_hp_per_floor":[63,56,56,49,41,25,23,22,22,22,20,20,10,10,31,5,55,50,38,12,12,12,33,0],"gold":50,"neow_bonus":"HUNDRED_GOLD","is_prod":false,"is_daily":false,"rewards_skipped":[{"floor":13,"relics":[],"potions":["SkillPotion"]}],"chose_seed":false,"campfire_upgraded":0,"win_rate":0,"floor_exit_playtime":[37,59,76,109,155,204,230,283,286,294,323,326,360,381,384,480,490,545,582,641,651,657,661],"timestamp":1682382857,"path_taken":["M","M","?","?","M","E","M","M","T","?","E","?","?","?","R","BOSS","M","?","M","$","?","R","E"],"build_version":"2022-12-18","purchased_purges":2,"victory":false,"max_hp_per_floor":[71,71,71,71,71,71,71,71,71,71,71,71,71,71,71,71,71,71,71,71,71,71,71,71],"relic_stats":{"counters":[14,58],"Letter Opener":[85],"Whetstone":["Ball Lightning","Ball Lightning"],"Smiling Mask":75,"Cursed Key":0,"obtain_stats":[{"Letter Opener":6,"Whetstone":9,"Cracked Core":0,"Smiling Mask":11,"Cursed Key":17},{"Letter Opener":5,"Whetstone":7,"Cracked Core":0,"Smiling Mask":8,"Cursed Key":10},{"Letter Opener":19,"Whetstone":25,"Cracked Core":0,"Smiling Mask":28,"Cursed Key":41}]},"card_choices":[{"not_picked":["Gash","Chill"],"picked":"Ball Lightning","floor":1},{"not_picked":["Steam","Undo"],"picked":"Doom and Gloom","floor":2},{"not_picked":["Turbo","Ball Lightning"],"picked":"Cold Snap","floor":4},{"not_picked":["Redo","Streamline"],"picked":"Ball Lightning","floor":5},{"not_picked":["Melter","Redo"],"picked":"Steam","floor":6},{"not_picked":["Meteor Strike","Barrage"],"picked":"Leap","floor":7},{"not_picked":["Go for the Eyes","Capacitor"],"picked":"Sunder","floor":8},{"not_picked":["Barrage","FTL"],"picked":"Glacier","floor":11},{"not_picked":["Glacier","Go for the Eyes"],"picked":"Coolheaded","floor":13},{"not_picked":["Meteor Strike","Amplify"],"picked":"Machine Learning","floor":16},{"not_picked":["Hologram","Steam Power"],"picked":"Conserve Battery+1","floor":18},{"not_picked":["Steam","Rip and Tear"],"picked":"Cold Snap","floor":19},{"not_picked":["Turbo","Go for the Eyes"],"picked":"Compile Driver+1","floor":20}],"player_experience":1901776,"relics_obtained":[{"floor":6,"key":"Letter Opener"},{"floor":9,"key":"Whetstone"},{"floor":11,"key":"Smiling Mask"}],"event_choices":[{"damage_healed":0,"gold_gain":0,"player_choice":"1 cards matched","damage_taken":0,"max_hp_gain":0,"max_hp_loss":0,"event_name":"Match and Keep!","floor":3,"gold_loss":0,"cards_obtained":["Stack"]},{"damage_healed":0,"gold_gain":0,"player_choice":"Left Gold","damage_taken":0,"max_hp_gain":0,"max_hp_loss":0,"event_name":"World of Goop","floor":10,"gold_loss":65},{"damage_healed":0,"gold_gain":0,"player_choice":"Got Potions","damage_taken":0,"max_hp_gain":0,"max_hp_loss":0,"event_name":"Lab","floor":12,"gold_loss":0},{"cards_removed":["Strike_B"],"damage_healed":0,"gold_gain":0,"player_choice":"Upgrade and Remove","damage_taken":0,"max_hp_gain":0,"max_hp_loss":0,"event_name":"Designer","floor":22,"gold_loss":110,"cards_upgraded":["Leap"]}],"is_beta":false,"boss_relics":[{"not_picked":["Snecko Eye","Runic Dome"],"picked":"Cursed Key"}],"items_purged_floors":[14,21],"is_endless":false,"potions_floor_spawned":[4,5,6,7,13,19],"killed_by":"Slavers","ascension_level":20,"potion_discard_per_floor":[[],[],[],[],[],[],[],[],[],[],[],[],[],[],[],[],[],[],[],[],[],[],[],[]]}