{"neow_bonuses_skipped_log":["TEN_PERCENT_HP_BONUS","ONE_RARE_RELIC","BOSS_RELIC"],"neow_costs_skipped_log":["NONE","NO_GOLD","NONE"],"potions_obtained_entropic_brew":[[],[],[],[],[],[],[],[],[],[],[],[],[],[],[],[],[],[],[],[],[],[],[],[],[],[],[]],"gold_per_floor":[118,393,403,415,69,80,80,100,146,146,166,166,180,205,205,279,279,298,298,298,213,163,163,19,50,123,123],"floor_reached":27,"playtime":1042,"items_purged":["Regret"],"score":462,"play_id":"e6c6f600-5ac4-4010-aad1-df6e9f068973","local_time":"20230422050328","score_breakdown":["Floors Climbed (27): 135","Enemies Slain (8): 16","Exordium Elites Killed (1): 10","City Elites Killed (1): 20","Bosses Slain (1): 50","Ascension (20): 231"],"is_ascension_mode":true,"potions_obtained_alchemize":[[],[],[],[],[],[],[],[],[],[],[],[],[],[],[],[],[],[],[],[],[],[],[],[],[],[],[]],"campfire_choices":[{"data":"Chaos","floor":7,"key":"SMITH"},{"data":"Static Discharge","floor":10,"key":"SMITH"},{"data":"Barrage","floor":12,"key":"SMITH"},{"floor":15,"key":"REST"},{"floor":23,"key":"REST"}],"lesson_learned_per_floor":[[],[],[],[],[],[],[],[],[],[],[],[],[],[],[],[],[],[],[],[],[],[],[],[],[],[],[]],"neow_cost":"NONE","improvable_cards":{},"seed_source_timestamp":868378548214000,"shop_contents":[{"floor":5,"relics":["Cables","Chemical X"],"cards":["Ball Lightning","Lockon","Stack+1","Turbo+1","Defragment","Blind+1","Chrysalis+1"],"potions":["ColorlessPotion","SpeedPotion","GamblersBrew"]},{"floor":24,"relics":["Dead Branch","Bottled Flame","Medical Kit"],"cards":["Sweeping Beam","Beam Cell","Static Discharge","Dramatic Entrance","The Bomb+1"],"potions":["Swift Potion","PotionOfCapacity","Fruit Juice"]}],"circlet_count":0,"master_deck":["AscendersBane","Strike_B+1","Strike_B+1","Strike_B+1","Strike_B+1","Defend_B+1","Defend_B+1","Defend_B+1","Defend_B+1","Zap+1","Dualcast","Gash","Ball Lightning","Chaos+1","Cold Snap+1","Static Discharge+1","Barrage+1","Glacier+1","Echo Form+1","Amplify+1","Steam+1","Consume+1","Turbo+1","Coolheaded+1"],"special_seed":0,"potion_use_per_floor":[[],[],[],[],[],[],[],[],[],[],["Explosive Potion"],[],[],["Weak Potion"],[],[],[],[],[],[],[],[],[],[],["Dexterity Potion"],[],["FearPotion"]],"relics":["Cracked Core","Toxic Egg 2","Ornamental Fan","Inserter","Regal Pillow","White Beast Statue","Gremlin Horn"],"potions_floor_usage":[11,14,25,27],"damage_taken":[{"damage":11.0,"enemies":"2 Louse","floor":1.0,"turns":3.0},{"damage":1.0,"enemies":"Cultist","floor":3.0,"turns":4.0},{"damage":10.0,"enemies":"Jaw Worm","floor":4.0,"turns":4.0},{"damage":11,"enemies":"Exordium Wildlife","floor":6,"turns":3},{"damage":2,"enemies":"2 Fungi Beasts","floor":8,"turns":3},{"damage":0,"enemies":"3 Louse","floor":11,"turns":1},{"damage":5,"enemies":"Red Slaver","floor":13,"turns":3},{"damage":4,"enemies":"Gremlin Nob","floor":14,"turns":4},{"damage":36,"enemies":"Slime Boss","floor":16,"turns":10},{"damage":29,"enemies":"Shell Parasite","floor":18,"turns":6},{"damage":34,"enemies":"Book of Stabbing","floor":25,"turns":5},{"damage":29,"enemies":"Gremlin Leader","floor":27,"turns":8}],"seed_played":"7785295907217160016","neow_bonus_log":{"cardsObtained":[],"cardsUpgraded":["Zap"],"cardsRemoved":[],"cardsTransformed":[],"relicsObtained":[],"maxHpGained":0,"goldGained":0,"damageTaken":0,"goldLost":0,"maxHpLost":0},"potions_obtained":[{"floor":3.0,"key":"Weak Potion"},{"floor":8,"key":"Explosive Potion"},{"floor":11,"key":"Dexterity Potion"},{"floor":14,"key":"FearPotion"},{"floor":25,"key":"BlessingOfTheForge"}],"is_trial":false,"path_per_floor":["M","?","M","M","$","M","R","M","T","R","M","R","M","E","R","B",null,"M","?","?","?","?","R","$","E","T","E"],"character_chosen":"DEFECT","basemod:card_modifiers":[null,null,null,null,null,null,null,null,null,null,null,null,null,null,null,null,null,null,null,null,null,null,null,null],"items_purchased":["Toxic Egg 2","Consume+1","Turbo+1"],"campfire_rested":2,"item_purchase_floors":[5,24,24],"current_hp_per_floor":[53,53,52,42,42,31,31,29,29,29,29,29,24,20,41,5,55,26,26,26,26,26,62,62,28,28,0],"gold":123,"neow_bonus":"UPGRADE_CARD","is_prod":false,"is_daily":false,"rewards_skipped":[],"chose_seed":false,"campfire_upgraded":3,"win_rate":0,"floor_exit_playtime":[76,86,123,163,190,238,246,361,366,376,394,400,437,491,495,651,673,756,766,773,776,799,802,812,887,890],"timestamp":1682154208,"blue_key_relic_skipped_log":{"floor":9,"relicID":"Juzu Bracelet"},"path_taken":["M","?","M","M","$","M","R","M","T","R","M","R","?","E","R","BOSS","M","?","?","?","?","R","$","E","T","E"],"build_version":"2022-12-18","purchased_purges":1,"victory":false,"max_hp_per_floor":[71,71,71,71,71,71,71,71,71,71,71,71,71,71,71,71,71,71,71,71,71,71,71,71,71,71,71],"relic_stats":{"Regal Pillow":15,"Inserter":[9],"Gremlin Horn":[6,6],"counters":[12,54],"Ornamental Fan":[28],"obtain_stats":[{"Regal Pillow":21,"Inserter":17,"Gremlin Horn":26,"Ornamental Fan":14,"Toxic Egg 2":5,"Cracked Core":0,"White Beast Statue":25},{"Regal Pillow":10,"Inserter":9,"Gremlin Horn":11,"Ornamental Fan":8,"Toxic Egg 2":3,"Cracked Core":0,"White Beast Statue":11},{"Regal Pillow":41,"Inserter":35,"Gremlin Horn":46,"Ornamental Fan":25,"Toxic Egg 2":11,"Cracked Core":0,"White Beast Statue":46}],"White Beast Statue":[0.0,0.0,0.0,0.0,1.0,0.0,0.0,0.0,0.0,0.0,0.0,0.0]},"card_choices":[{"not_picked":["Steam","Steam Power"],"picked":"Gash","floor":1.0},{"not_picked":["Sweeping Beam","Turbo"],"picked":"Ball Lightning","floor":3.0},{"not_picked":["Rebound","Force Field"],"picked":"Chaos","floor":4.0},{"not_picked":["Rip and Tear","Go for the Eyes"],"picked":"Cold Snap","floor":6},{"not_picked":["Stack+1","Rip and Tear"],"picked":"Static Discharge","floor":8},{"not_picked":["Gash","Go for the Eyes"],"picked":"Barrage","floor":11},{"not_picked":["Heatsinks","Genetic Algorithm+1"],"picked":"Glacier+1","floor":13},{"not_picked":["Turbo+1","Stack+1"],"picked":"Echo Form","floor":14},{"not_picked":["Rainbow+1","All For One"],"picked":"Amplify+1","floor":16},{"not_picked":["Go for the Eyes","Leap+1"],"picked":"Steam+1","floor":18},{"not_picked":["Hologram+1","Steam+1"],"picked":"Coolheaded+1","floor":25}],"player_experience":1877382,"relics_obtained":[{"floor":14,"key":"Ornamental Fan"},{"floor":25,"key":"White Beast Statue"},{"floor":26,"key":"Gremlin Horn"}],"event_choices":[{"damage_healed":0.0,"max_hp_gain":0.0,"max_hp_loss":0.0,"gold_gain":275.0,"event_name":"Golden Shrine","player_choice":"Desecrate","floor":2.0,"gold_loss":0.0,"damage_taken":0.0,"cards_obtained":["Regret"]},{"damage_healed":0,"gold_gain":0,"player_choice":"Simplicity","damage_taken":0,"max_hp_gain":0,"max_hp_loss":0,"event_name":"Back to Basics","floor":19,"gold_loss":0,"cards_upgraded":["Strike_B","Strike_B","Strike_B","Strike_B","Defend_B","Defend_B","Defend_B","Defend_B"]},{"damage_healed":0,"gold_gain":0,"player_choice":"Ignored","damage_taken":0,"max_hp_gain":0,"max_hp_loss":0,"event_name":"The Mausoleum","floor":20,"gold_loss":0},{"damage_healed":0,"gold_gain":0,"player_choice":"Obtained Relic","damage_taken":0,"relics_obtained":["Regal Pillow"],"max_hp_gain":0,"max_hp_loss":0,"event_name":"Addict","floor":21,"gold_loss":85},{"damage_healed":0,"gold_gain":0,"player_choice":"Upgraded Two","damage_taken":0,"max_hp_gain":0,"max_hp_loss":0,"event_name":"Designer","floor":22,"gold_loss":50,"cards_upgraded":["Echo Form","Cold Snap"]}],"is_beta":false,"boss_relics":[{"not_picked":["Empty Cage","Busted Crown"],"picked":"Inserter"}],"items_purged_floors":[5],"is_endless":false,"potions_floor_spawned":[3,8,11,14,25],"killed_by":"Gremlin Leader","ascension_level":20,"potion_discard_per_floor":[[],[],[],[],[],[],[],[],[],[],[],[],[],[],[],[],[],[],[],[],[],[],[],[],[],[],[]]}