{"neow_bonuses_skipped_log":["THREE_ENEMY_KILL","TRANSFORM_TWO_CARDS","BOSS_RELIC"],"potions_obtained_entropic_brew":[[],[],[],[],[],[],[],[],[],[],[]],"neow_costs_skipped_log":["NONE","PERCENT_DAMAGE","NONE"],"gold_per_floor":[112,124,124,144,162,182,182,210,261,261,261],"floor_reached":11,"playtime":292,"items_purged":[],"score":150,"play_id":"3e2828c0-66ab-49ab-8f1e-42928f6a288c","local_time":"20230424200811","score_breakdown":["Floors Climbed (11): 55","Enemies Slain (5): 10","Exordium Elites Killed (1): 10","Bosses Slain (0): 0","Ascension (20): 75"],"is_ascension_mode":true,"potions_obtained_alchemize":[[],[],[],[],[],[],[],[],[],[],[]],"campfire_choices":[{"data":"White Noise","floor":7.0,"key":"SMITH"}],"lesson_learned_per_floor":[[],[],[],[],[],[],[],[],[],[],[]],"neow_cost":"NONE","improvable_cards":{"Genetic Algorithm":[9]},"seed_source_timestamp":1096225226114900,"shop_contents":[],"circlet_count":0,"master_deck":["AscendersBane","Strike_B","Strike_B","Strike_B","Strike_B","Defend_B","Defend_B","Defend_B","Defend_B","Zap","Dualcast","White Noise+1","Genetic Algorithm","Gash","Hologram","Cold Snap","Leap"],"special_seed":0,"potion_use_per_floor":[[],[],[],[],["SteroidPotion"],[],[],["Weak Potion","GamblersBrew"],[],[],[]],"relics":["Cracked Core","Art of War","Boot"],"potions_floor_usage":[],"damage_taken":[{"damage":4.0,"enemies":"Small Slimes","floor":1.0,"turns":4.0},{"damage":1.0,"enemies":"Cultist","floor":2.0,"turns":3.0},{"damage":3.0,"enemies":"Jaw Worm","floor":4.0,"turns":4.0},{"damage":1.0,"enemies":"Looter","floor":5.0,"turns":2.0},{"damage":31.0,"enemies":"Large Slime","floor":6.0,"turns":7.0},{"damage":30.0,"enemies":"Gremlin Nob","floor":8.0,"turns":4.0},{"damage":8,"enemies":"Gremlin Gang","floor":11,"turns":2}],"seed_played":"-8564547628664259201","neow_bonus_log":{"cardsObtained":[],"cardsUpgraded":[],"cardsRemoved":[],"cardsTransformed":[],"relicsObtained":[],"maxHpGained":0,"goldGained":0,"damageTaken":0,"goldLost":0,"maxHpLost":0},"potions_obtained":[{"floor":1.0,"key":"Weak Potion"},{"floor":4.0,"key":"SteroidPotion"},{"floor":5.0,"key":"GamblersBrew"},{"floor":8.0,"key":"LiquidMemories"}],"is_trial":false,"path_per_floor":["M","M","?","M","M","M","R","E","T","?","M"],"character_chosen":"DEFECT","basemod:card_modifiers":[null,null,null,null,null,null,null,null,null,null,null,null,null,null,null,null,null],"items_purchased":[],"campfire_rested":0,"item_purchase_floors":[],"current_hp_per_floor":[60,59,71,68,67,36,36,6,6,6,0],"gold":261,"neow_bonus":"THREE_CARDS","is_prod":false,"is_daily":false,"rewards_skipped":[],"chose_seed":false,"campfire_upgraded":1,"win_rate":0,"floor_exit_playtime":[47,70,78,111,144,207,216,268,270,274],"timestamp":1682381291,"path_taken":["M","M","?","?","M","M","R","E","T","?","M"],"build_version":"2022-12-18","purchased_purges":0,"victory":false,"max_hp_per_floor":[71,71,71,71,71,71,71,71,71,71,71],"relic_stats":{"counters":[7,26],"Art of War":[1],"Boot":[3],"obtain_stats":[{"Art of War":8,"Cracked Core":0,"Boot":9},{"Art of War":6,"Cracked Core":0,"Boot":6},{"Art of War":24,"Cracked Core":0,"Boot":24}]},"card_choices":[{"not_picked":["Static Discharge","Double Energy"],"picked":"Skim","floor":0.0},{"not_picked":["Tempest","Rebound"],"picked":"White Noise","floor":1.0},{"not_picked":["Turbo","Force Field"],"picked":"Genetic Algorithm","floor":2.0},{"not_picked":["Aggregate","Hologram"],"picked":"Gash","floor":4.0},{"not_picked":["Conserve Battery","Gash"],"picked":"Hologram","floor":5.0},{"not_picked":["Go for the Eyes","Static Discharge"],"picked":"Cold Snap","floor":6.0},{"not_picked":["Coolheaded","Stack"],"picked":"Leap","floor":8.0}],"player_experience":1900663,"relics_obtained":[{"floor":8.0,"key":"Art of War"},{"floor":9.0,"key":"Boot"}],"event_choices":[{"cards_removed":["Skim"],"damage_healed":12.0,"max_hp_gain":0.0,"max_hp_loss":0.0,"gold_gain":0.0,"event_name":"Bonfire Elementals","player_choice":"Offered Uncommon","floor":3.0,"gold_loss":0.0,"damage_taken":0.0},{"damage_healed":0.0,"max_hp_gain":0.0,"max_hp_loss":0.0,"gold_gain":0.0,"event_name":"Shining Light","player_choice":"Ignored","floor":10.0,"gold_loss":0.0,"damage_taken":0.0}],"is_beta":false,"boss_relics":[],"items_purged_floors":[],"is_endless":false,"potions_floor_spawned":[1,4,5,8],"killed_by":"Gremlin Gang","ascension_level":20,"potion_discard_per_floor":[[],[],[],[],[],[],[],[],[],[],[]]}