{"neow_bonuses_skipped_log":["TRANSFORM_CARD","RANDOM_COMMON_RELIC","BOSS_RELIC"],"neow_costs_skipped_log":["NONE","NONE","NONE"],"potions_obtained_entropic_brew":[[],[],[],[],[],[],[],[],[],[],[],[],[],[],[],[],[],[],[],[],[],[],[],[],[],[],[],[],[],[],[],[],[]],"gold_per_floor":[138,169,169,222,222,222,280,280,306,306,347,347,405,447,447,521,521,556,556,556,556,570,570,628,203,203,378,443,443,443,487,487,487],"floor_reached":33,"playtime":1718,"items_purged":["Strike_B"],"score":546,"play_id":"c0a8a8c9-15a2-4d12-a547-2936771e7601","local_time":"20230424172449","score_breakdown":["Floors Climbed (33): 165","Enemies Slain (9): 18","Exordium Elites Killed (2): 20","City Elites Killed (1): 20","Bosses Slain (1): 50","Ascension (20): 273"],"is_ascension_mode":true,"potions_obtained_alchemize":[[],[],[],[],[],[],[],[],[],[],[],[],[],[],[],[],[],[],[],[],[],[],[],[],[],[],[],[],[],[],[],[],[]],"campfire_choices":[{"data":"HandOfGreed","floor":6,"key":"SMITH"},{"data":"Zap","floor":8,"key":"SMITH"},{"data":"Beam Cell","floor":12,"key":"SMITH"},{"data":"Sweeping Beam","floor":15,"key":"SMITH"},{"data":"Fission","floor":23,"key":"SMITH"},{"floor":30,"key":"REST"},{"floor":32,"key":"REST"}],"lesson_learned_per_floor":[[],[],[],[],[],[],[],[],[],[],[],[],[],[],[],[],[],[],[],[],[],[],[],[],[],[],[],[],[],[],[],[],[]],"neow_cost":"TEN_PERCENT_HP_LOSS","improvable_cards":{"Genetic Algorithm":[25]},"seed_source_timestamp":1085012047397200,"shop_contents":[{"floor":25,"relics":["WingedGreaves","Sling"],"cards":["Barrage","Rebound","Stack","Steam","Deep Breath","Apotheosis"],"potions":["Block Potion","SkillPotion"]}],"circlet_count":0,"master_deck":["AscendersBane","Strike_B","Defend_B+1","Defend_B","Defend_B+1","Defend_B","Zap+1","Dualcast","HandOfGreed+1","Rebound","Compile Driver","Genetic Algorithm","Glacier","Beam Cell+1","Sweeping Beam+1","Fission+1","Sunder","Capacitor","Go for the Eyes","Conserve Battery","Skim","Chaos","Storm+1","Heatsinks+1","Glacier+1","Fission+1","Defragment+1"],"potion_use_per_floor":[[],[],[],[],[],[],["Explosive Potion"],[],[],[],[],[],[],[],[],[],[],[],[],[],[],[],[],["Dexterity Potion"],["Fruit Juice"],[],["PowerPotion"],["LiquidMemories"],[],[],[],[],[]],"relics":["Cracked Core","Akabeko","MealTicket","Darkstone Periapt","Cursed Key","MawBank","Frozen Egg 2","Bird Faced Urn","White Beast Statue"],"potions_floor_usage":[7,24,25,27,28],"damage_taken":[{"damage":7,"enemies":"Cultist","floor":1,"turns":5},{"damage":12,"enemies":"Jaw Worm","floor":2,"turns":2},{"damage":6,"enemies":"Small Slimes","floor":4,"turns":3},{"damage":8,"enemies":"Gremlin Nob","floor":7,"turns":3},{"damage":5,"enemies":"Blue Slaver","floor":11,"turns":5},{"damage":9,"enemies":"Lagavulin","floor":13,"turns":8},{"damage":6,"enemies":"Looter","floor":14,"turns":3},{"damage":4,"enemies":"Slime Boss","floor":16,"turns":9},{"damage":4,"enemies":"Spheric Guardian","floor":18,"turns":6},{"damage":10,"enemies":"2 Thieves","floor":22,"turns":4},{"damage":20,"enemies":"Book of Stabbing","floor":24,"turns":6},{"damage":21,"enemies":"Colosseum Slavers","floor":27,"turns":3},{"damage":0,"enemies":"Colosseum Nobs","floor":27,"turns":3},{"damage":14,"enemies":"Centurion and Healer","floor":28,"turns":7},{"damage":14,"enemies":"Snecko","floor":31,"turns":4},{"damage":49,"enemies":"Champ","floor":33,"turns":22}],"seed_played":"927429633255119022","neow_bonus_log":{"cardsObtained":[],"cardsUpgraded":[],"cardsRemoved":[],"cardsTransformed":[],"relicsObtained":[],"maxHpGained":0,"goldGained":0,"damageTaken":0,"goldLost":0,"maxHpLost":7},"potions_obtained":[{"floor":4,"key":"Explosive Potion"},{"floor":7,"key":"Fruit Juice"},{"floor":14,"key":"Dexterity Potion"},{"floor":24,"key":"LiquidMemories"},{"floor":28,"key":"Ancient Potion"},{"floor":31,"key":"Weak Potion"}],"is_trial":false,"path_per_floor":["M","M","?","M","?","R","E","R","T","T","M","R","E","M","R","B",null,"M","T","?","?","M","R","E","$","T","?","M","?","R","M","R","B"],"character_chosen":"DEFECT","basemod:card_modifiers":[null,null,null,null,null,null,null,null,null,null,null,null,null,null,null,null,null,null,null,null,null,null,null,null,null,null,null],"items_purchased":["Frozen Egg 2","Storm+1","PowerPotion"],"campfire_rested":2,"item_purchase_floors":[25,25,25],"current_hp_per_floor":[57,45,26,20,41,41,33,33,33,33,28,28,19,13,13,9,50,46,46,46,46,36,36,16,36,36,15,7,7,27,19,39,0],"gold":487,"neow_bonus":"RANDOM_COLORLESS_2","is_prod":false,"is_daily":false,"rewards_skipped":[{"floor":10,"relics":["Pantograph"],"potions":[]}],"chose_seed":false,"campfire_upgraded":5,"win_rate":0,"floor_exit_playtime":[41,61,65,89,93,98,126,141,143,146,196,202,306,345,350,468,503,572,576,596,602,658,664,897,926,933,1213,1339,1371,1374,1424,1427],"timestamp":1682371489,"path_taken":["M","M","?","M","?","R","E","R","T","?","M","R","E","M","R","BOSS","M","?","?","?","M","R","E","$","T","?","M","?","R","M","R","BOSS"],"build_version":"2022-12-18","purchased_purges":1,"victory":false,"max_hp_per_floor":[64,64,64,64,64,64,64,64,64,64,64,64,64,64,64,64,64,64,64,64,64,64,64,64,69,69,69,69,69,69,69,69,69],"relic_stats":{"Darkstone Periapt":0,"counters":[16,93],"Bird Faced Urn":[20],"MealTicket":15,"Cursed Key":0,"MawBank":12,"obtain_stats":[{"Darkstone Periapt":13,"Bird Faced Urn":27,"MealTicket":9,"Frozen Egg 2":25,"Cracked Core":0,"Cursed Key":17,"MawBank":24,"Akabeko":7,"White Beast Statue":27},{"Darkstone Periapt":6,"Bird Faced Urn":13,"MealTicket":4,"Frozen Egg 2":11,"Cracked Core":0,"Cursed Key":8,"MawBank":11,"Akabeko":4,"White Beast Statue":13},{"Darkstone Periapt":26,"Bird Faced Urn":60,"MealTicket":13,"Frozen Egg 2":54,"Cracked Core":0,"Cursed Key":38,"MawBank":54,"Akabeko":13,"White Beast Statue":60}],"White Beast Statue":[0.0,0.0,0.0,0.0,0.0,0.4200000000000001,0.0,0.52,0.0,0.06000000000000001,0.0,1.3600000000000003]},"card_choices":[{"not_picked":["Panache","Chrysalis"],"picked":"HandOfGreed","floor":0},{"not_picked":["Leap","Compile Driver"],"picked":"Rebound","floor":1},{"not_picked":["Aggregate","Loop"],"picked":"Compile Driver","floor":2},{"not_picked":["Lockon","Coolheaded"],"picked":"Genetic Algorithm","floor":4},{"not_picked":["Heatsinks","Redo"],"picked":"Glacier","floor":7},{"not_picked":["FTL","Sweeping Beam"],"picked":"Beam Cell","floor":11},{"not_picked":["Chaos","Ball Lightning"],"picked":"Sweeping Beam","floor":13},{"not_picked":["Lockon","Chaos","Genetic Algorithm"],"picked":"SKIP","floor":14},{"not_picked":["Creative AI","Hyperbeam"],"picked":"Fission","floor":16},{"not_picked":["Go for the Eyes","Barrage"],"picked":"Sunder","floor":18},{"not_picked":["Melter","Recycle","Heatsinks","Storm","Stack","Sweeping Beam","Rip and Tear","Doom and Gloom","Redo","Aggregate","Double Energy","Compile Driver","Gash","Steam","Beam Cell","Turbo","Ball Lightning","Conserve Battery","Blizzard"],"picked":"Capacitor","floor":20},{"not_picked":["Steam Power","Static Discharge"],"picked":"Skim","floor":22},{"not_picked":["Undo","Go for the Eyes"],"picked":"Chaos","floor":24},{"not_picked":["Redo","Beam Cell"],"picked":"Heatsinks+1","floor":27},{"not_picked":["Stack","FTL"],"picked":"Glacier+1","floor":28},{"not_picked":["Fusion","Meteor Strike"],"picked":"Defragment+1","floor":31}],"player_experience":1890279,"relics_obtained":[{"floor":7,"key":"Akabeko"},{"floor":9,"key":"MealTicket"},{"floor":13,"key":"Darkstone Periapt"},{"floor":24,"key":"MawBank"},{"floor":27,"key":"Bird Faced Urn"},{"floor":27,"key":"White Beast Statue"}],"event_choices":[{"damage_healed":0,"gold_gain":0,"player_choice":"Entered Light","damage_taken":19,"max_hp_gain":0,"max_hp_loss":0,"event_name":"Shining Light","floor":3,"gold_loss":0,"cards_upgraded":["Defend_B","Defend_B"]},{"damage_healed":21,"gold_gain":0,"player_choice":"Banana","damage_taken":0,"max_hp_gain":0,"max_hp_loss":0,"event_name":"Big Fish","floor":5,"gold_loss":0},{"damage_healed":0,"gold_gain":0,"player_choice":"Read","damage_taken":0,"max_hp_gain":0,"max_hp_loss":0,"event_name":"The Library","floor":20,"gold_loss":0,"cards_obtained":["Capacitor"]},{"damage_healed":0,"gold_gain":0,"cards_transformed":["Strike_B","Strike_B"],"player_choice":"Became Test Subject","damage_taken":0,"max_hp_gain":0,"max_hp_loss":0,"event_name":"Drug Dealer","floor":21,"gold_loss":0,"cards_obtained":["Go for the Eyes","Conserve Battery"]},{"damage_healed":0,"gold_gain":0,"player_choice":"Fight","damage_taken":0,"max_hp_gain":0,"max_hp_loss":0,"event_name":"Colosseum","floor":27,"gold_loss":0},{"damage_healed":0,"gold_gain":0,"player_choice":"Fought Nobs","damage_taken":0,"max_hp_gain":0,"max_hp_loss":0,"event_name":"Colosseum","floor":27,"gold_loss":0},{"damage_healed":0,"gold_gain":0,"player_choice":"Copied","damage_taken":0,"max_hp_gain":0,"max_hp_loss":0,"event_name":"Duplicator","floor":29,"gold_loss":0,"cards_obtained":["Fission"]}],"is_beta":false,"boss_relics":[{"not_picked":["Coffee Dripper","Astrolabe"],"picked":"Cursed Key"}],"items_purged_floors":[25],"is_endless":false,"potions_floor_spawned":[4,7,14,24,28,31],"killed_by":"Champ","ascension_level":20,"potion_discard_per_floor":[[],[],[],[],[],[],[],[],[],[],[],[],[],[],[],[],[],[],[],[],[],[],[],[],[],[],[],[],[],[],[],[],[]]}