{"neow_bonuses_skipped_log":["RANDOM_COLORLESS","TEN_PERCENT_HP_BONUS","BOSS_RELIC"],"potions_obtained_entropic_brew":[[],[],[],[],[],[],[],[],[],[],[],[],[],[],[],[],[],[],[],[],[],[],[],[],[],[],[],[],[],[],[],[],[]],"neow_costs_skipped_log":["NONE","NONE","NONE"],"gold_per_floor":[132,162,162,198,198,210,251,263,352,470,482,494,531,588,600,683,695,722,606,622,547,26,26,53,53,53,108,125,141,141,170,170,170],"floor_reached":33,"playtime":1277,"items_purged":["Strike_B"],"score":742,"play_id":"fa34b825-4bc9-42ff-8134-b68261b094b0","local_time":"20230424192842","score_breakdown":["Floors Climbed (33): 165","Enemies Slain (8): 16","Exordium Elites Killed (3): 30","City Elites Killed (3): 60","Bosses Slain (1): 50","Champion (2): 50","Ascension (20): 371"],"is_ascension_mode":true,"potions_obtained_alchemize":[[],[],[],[],[],[],[],[],[],[],[],[],[],[],[],[],[],[],[],[],[],[],[],[],[],[],[],[],[],[],[],[],[]],"campfire_choices":[{"data":"Streamline","floor":6.0,"key":"SMITH"},{"data":"HandOfGreed","floor":8.0,"key":"SMITH"},{"floor":12.0,"key":"REST"},{"data":"Dualcast","floor":15.0,"key":"SMITH"},{"data":"Defragment","floor":23.0,"key":"SMITH"},{"floor":25,"key":"REST"},{"floor":30,"key":"REST"},{"data":"Chaos","floor":32,"key":"SMITH"}],"lesson_learned_per_floor":[[],[],[],[],[],[],[],[],[],[],[],[],[],[],[],[],[],[],[],[],[],[],[],[],[],[],[],[],[],[],[],[],[]],"neow_cost":"TEN_PERCENT_HP_LOSS","improvable_cards":{},"seed_source_timestamp":1092862067616700,"shop_contents":[{"floor":19,"relics":["Dream Catcher","Vajra","Lee\u0027s Waffle"],"cards":["Gash+1","Streamline+1","Steam","Conserve Battery","Static Discharge","Jack Of All Trades","Panache"],"potions":["Block Potion","DuplicationPotion","Weak Potion"]},{"floor":22,"relics":["Darkstone Periapt","Blood Vial","Toolbox"],"cards":["Melter+1","Blizzard+1","Rainbow","Hologram","Heatsinks+1","Bandage Up","Sadistic Nature+1"],"potions":["PotionOfCapacity","Fire Potion","FairyPotion"]}],"circlet_count":0,"master_deck":["AscendersBane","Strike_B+1","Strike_B+1","Defend_B","Defend_B","Defend_B","Defend_B","Zap+1","Dualcast+1","HandOfGreed+1","Streamline+1","Glacier","Glacier","Ball Lightning+1","Rebound+1","Compile Driver+1","Core Surge+1","Coolheaded","Defragment+1","Go for the Eyes+1","Creative AI+1","Glacier","Chaos+1","Turbo","Skim","Static Discharge+1"],"special_seed":0,"potion_use_per_floor":[[],[],[],[],[],[],["ColorlessPotion"],[],[],[],[],[],[],[],[],[],[],["SkillPotion"],[],["Weak Potion"],[],[],[],[],["Fruit Juice"],[],[],["ColorlessPotion"],["LiquidMemories"],[],["BlessingOfTheForge"],[],[]],"relics":["Cracked Core","MawBank","Molten Egg 2","The Courier","Lantern","Regal Pillow","Cursed Key","Frozen Egg 2","Mummified Hand","Ancient Tea Set","Whetstone"],"potions_floor_usage":[25,28,29,31],"damage_taken":[{"damage":2.0,"enemies":"Jaw Worm","floor":1.0,"turns":3.0},{"damage":3.0,"enemies":"2 Louse","floor":2.0,"turns":3.0},{"damage":1.0,"enemies":"Cultist","floor":4.0,"turns":3.0},{"damage":0.0,"enemies":"Gremlin Nob","floor":7.0,"turns":2.0},{"damage":19.0,"enemies":"3 Sentries","floor":10.0,"turns":10.0},{"damage":9.0,"enemies":"Lagavulin","floor":13.0,"turns":5.0},{"damage":0.0,"enemies":"Large Slime","floor":14.0,"turns":4.0},{"damage":17.0,"enemies":"The Guardian","floor":16.0,"turns":11.0},{"damage":0.0,"enemies":"Shell Parasite","floor":18.0,"turns":5.0},{"damage":8.0,"enemies":"2 Thieves","floor":20.0,"turns":3.0},{"damage":7.0,"enemies":"Book of Stabbing","floor":24.0,"turns":6.0},{"damage":27,"enemies":"Slavers","floor":27,"turns":8},{"damage":24,"enemies":"Shelled Parasite and Fungi","floor":28,"turns":5},{"damage":8,"enemies":"Centurion and Healer","floor":29,"turns":7},{"damage":0,"enemies":"Gremlin Leader","floor":31,"turns":5},{"damage":56,"enemies":"Champ","floor":33,"turns":14}],"seed_played":"8846922201341437249","neow_bonus_log":{"cardsObtained":[],"cardsUpgraded":[],"cardsRemoved":[],"cardsTransformed":[],"relicsObtained":[],"maxHpGained":0,"goldGained":0,"damageTaken":0,"goldLost":0,"maxHpLost":7},"potions_obtained":[{"floor":2.0,"key":"ColorlessPotion"},{"floor":7.0,"key":"Weak Potion"},{"floor":10.0,"key":"SkillPotion"},{"floor":18.0,"key":"BlessingOfTheForge"},{"floor":24.0,"key":"Fruit Juice"},{"floor":27,"key":"ColorlessPotion"},{"floor":28,"key":"LiquidMemories"},{"floor":31,"key":"FearPotion"}],"is_trial":false,"path_per_floor":["M","M","?","M","?","R","E","R","T","E","?","R","E","M","R","B",null,"M","$","M","?","$","R","E","R","T","E","M","M","R","E","R","B"],"character_chosen":"DEFECT","basemod:card_modifiers":[null,null,null,null,null,null,null,null,null,null,null,null,null,null,null,null,null,null,null,null,null,null,null,null,null,null],"items_purchased":["Defragment","Frozen Egg 2","Mummified Hand","Creative AI+1"],"campfire_rested":3,"item_purchase_floors":[19,22,22,22],"current_hp_per_floor":[62,59,59,58,47,47,47,47,47,28,28,47,38,38,38,21,53,53,53,45,45,45,45,38,69,69,42,18,10,45,45,45,0],"gold":170,"neow_bonus":"RANDOM_COLORLESS_2","is_prod":false,"is_daily":false,"rewards_skipped":[{"floor":16,"relics":[],"potions":["Strength Potion"]},{"floor":27,"relics":["Tiny Chest"],"potions":[]}],"chose_seed":false,"campfire_upgraded":5,"win_rate":0,"floor_exit_playtime":[38,76,85,104,108,116,148,155,158,237,254,267,318,353,362,471,485,553,567,606,611,619,627,711,717,720,814,894,1015,1018,1089,1098],"timestamp":1682378922,"path_taken":["M","M","?","M","?","R","E","R","T","E","?","R","E","M","R","BOSS","M","$","?","?","$","R","E","R","T","E","M","M","R","E","R","BOSS"],"build_version":"2022-12-18","purchased_purges":1,"victory":false,"max_hp_per_floor":[64,64,64,64,64,64,64,64,64,64,64,64,64,64,64,64,64,64,64,64,64,64,64,64,69,69,69,69,69,69,69,69,69],"relic_stats":{"Regal Pillow":21,"counters":[16,94],"Mummified Hand":[37],"The Courier":163,"Whetstone":["Strike_B","Strike_B"],"MawBank":168,"Cursed Key":0,"Ancient Tea Set":[6],"obtain_stats":[{"Lantern":10,"Regal Pillow":13,"Mummified Hand":22,"Molten Egg 2":7,"The Courier":9,"Whetstone":31,"Frozen Egg 2":22,"Cracked Core":0,"MawBank":5,"Cursed Key":17,"Ancient Tea Set":24},{"Lantern":5,"Regal Pillow":6,"Mummified Hand":10,"Molten Egg 2":4,"The Courier":4,"Whetstone":15,"Frozen Egg 2":10,"Cracked Core":0,"MawBank":3,"Cursed Key":8,"Ancient Tea Set":11},{"Lantern":21,"Regal Pillow":26,"Mummified Hand":49,"Molten Egg 2":11,"The Courier":11,"Whetstone":80,"Frozen Egg 2":49,"Cracked Core":0,"MawBank":9,"Cursed Key":41,"Ancient Tea Set":55}]},"card_choices":[{"not_picked":["Violence","Thinking Ahead"],"picked":"HandOfGreed","floor":0.0},{"not_picked":["Steam","Turbo","Fusion"],"picked":"SKIP","floor":1.0},{"not_picked":["Leap","Tempest"],"picked":"Streamline","floor":2.0},{"not_picked":["Tempest","Gash"],"picked":"Glacier","floor":4.0},{"not_picked":["Tempest","Leap"],"picked":"Glacier","floor":7.0},{"not_picked":["Go for the Eyes+1","Amplify"],"picked":"Ball Lightning+1","floor":10.0},{"not_picked":["Go for the Eyes+1","Chill"],"picked":"Rebound+1","floor":13.0},{"not_picked":["Go for the Eyes+1","Rip and Tear+1"],"picked":"Compile Driver+1","floor":14.0},{"not_picked":["Multi-Cast","Amplify"],"picked":"Core Surge+1","floor":16.0},{"not_picked":["BootSequence","Barrage+1"],"picked":"Coolheaded","floor":18.0},{"not_picked":["Rebound+1","Double Energy"],"picked":"Go for the Eyes+1","floor":20.0},{"not_picked":["Force Field","Fusion"],"picked":"Glacier","floor":24.0},{"not_picked":["Conserve Battery","Redo"],"picked":"Chaos","floor":27},{"not_picked":["Reprogram","Go for the Eyes+1"],"picked":"Turbo","floor":28},{"not_picked":["Multi-Cast","Beam Cell+1"],"picked":"Skim","floor":29},{"not_picked":["Redo","Rip and Tear+1"],"picked":"Static Discharge+1","floor":31}],"player_experience":1897409,"relics_obtained":[{"floor":7.0,"key":"Molten Egg 2"},{"floor":9.0,"key":"The Courier"},{"floor":10.0,"key":"Lantern"},{"floor":13.0,"key":"Regal Pillow"},{"floor":24.0,"key":"Ancient Tea Set"},{"floor":31,"key":"Whetstone"}],"event_choices":[{"damage_healed":0.0,"max_hp_gain":0.0,"max_hp_loss":0.0,"gold_gain":0.0,"event_name":"Liars Game","player_choice":"Ignored","floor":3.0,"gold_loss":0.0,"damage_taken":0.0},{"damage_healed":0.0,"max_hp_gain":0.0,"max_hp_loss":0.0,"gold_gain":0.0,"event_name":"Scrap Ooze","player_choice":"Success","floor":5.0,"gold_loss":0.0,"damage_taken":11.0,"relics_obtained":["MawBank"]},{"damage_healed":0.0,"max_hp_gain":0.0,"max_hp_loss":0.0,"gold_gain":0.0,"event_name":"Upgrade Shrine","player_choice":"Upgraded","floor":11.0,"gold_loss":0.0,"damage_taken":0.0,"cards_upgraded":["Zap"]},{"cards_removed":["Strike_B"],"damage_healed":0.0,"max_hp_gain":0.0,"max_hp_loss":0.0,"gold_gain":0.0,"event_name":"Beggar","player_choice":"Gave Gold","floor":21.0,"gold_loss":75.0,"damage_taken":0.0}],"is_beta":false,"boss_relics":[{"not_picked":["Nuclear Battery","Sozu"],"picked":"Cursed Key"}],"items_purged_floors":[19],"is_endless":false,"potions_floor_spawned":[2,7,10,16,18,24,27,28,31],"killed_by":"Champ","ascension_level":20,"potion_discard_per_floor":[[],[],[],[],[],[],[],[],[],[],[],[],[],[],[],[],[],[],[],[],[],[],[],[],[],[],[],[],[],[],[],[],[]]}