{"neow_bonuses_skipped_log":["RANDOM_COLORLESS","TRANSFORM_TWO_CARDS","BOSS_RELIC"],"potions_obtained_entropic_brew":[[],[],[],[],[],[],[],[],[],[],[],[],[],[],[],[],[],[],[],[],[],[],[],[],[],[],[],[],[],[],[]],"neow_costs_skipped_log":["NONE","PERCENT_DAMAGE","NONE"],"gold_per_floor":[216,229,99,174,194,220,220,240,240,240,240,266,266,281,281,355,355,374,299,317,10,22,22,52,69,143,143,14,31,31,31],"floor_reached":31,"playtime":1956,"items_purged":["Strike_B","Strike_B"],"score":580,"play_id":"01ef68e3-329c-45bf-9d29-647429903730","local_time":"20230526153258","score_breakdown":["Floors Climbed (31): 155","Enemies Slain (10): 20","Exordium Elites Killed (2): 20","City Elites Killed (1): 20","Bosses Slain (1): 50","Champion (1): 25","Ascension (20): 290"],"is_ascension_mode":true,"potions_obtained_alchemize":[[],[],[],[],[],[],[],[],[],[],[],[],[],[],[],[],[],[],[],[],[],[],[],[],[],[],[],[],[],[],[]],"campfire_choices":[{"data":"Sunder","floor":7,"key":"SMITH"},{"data":"Doom and Gloom","floor":10,"key":"SMITH"},{"data":"Static Discharge","floor":15,"key":"SMITH"},{"floor":23,"key":"REST"}],"lesson_learned_per_floor":[[],[],[],[],[],[],[],[],[],[],[],[],[],[],[],[],[],[],[],[],[],[],[],[],[],[],[],[],[],[],[]],"neow_cost":"NONE","improvable_cards":{},"seed_source_timestamp":477995290460500,"shop_contents":[{"floor":3,"relics":["Darkstone Periapt","War Paint","OrangePellets"],"cards":["Melter","Gash","Force Field","Steam","Loop","PanicButton","Metamorphosis"],"potions":["FairyPotion","CultistPotion"]},{"floor":21,"relics":["Mercury Hourglass","DataDisk","Shuriken"],"cards":["Go for the Eyes","Melter","White Noise","Redo","Hello World","Enlightenment","Mayhem"],"potions":["Swift Potion","Dexterity Potion","PowerPotion"]},{"floor":28,"relics":["White Beast Statue","Girya","Toxic Egg 2"],"cards":["Beam Cell","Doom and Gloom","Stack","Chill","Loop","Swift Strike","Magnetism"],"potions":["DuplicationPotion","AttackPotion","SkillPotion"]}],"circlet_count":0,"master_deck":["AscendersBane","Strike_B","Defend_B","Defend_B","Defend_B","Defend_B","Zap","Dualcast","Sunder+1","Cold Snap","Beam Cell","Doom and Gloom+1","Chill","Coolheaded","Static Discharge+1","Multi-Cast","Turbo","Defragment","Recycle","Reboot","Capacitor","Defragment","Loop"],"potion_use_per_floor":[[],[],[],[],[],["Weak Potion"],[],[],[],[],[],["SteroidPotion"],[],[],[],["Strength Potion","BlessingOfTheForge"],[],[],[],[],[],[],[],[],["FocusPotion"],[],[],[],["Block Potion"],[],[]],"relics":["Gambling Chip","Bottled Flame","The Courier","Sundial","Runic Pyramid","Membership Card","PreservedInsect","Blood Vial","HornCleat","Nloth\u0027s Gift","DollysMirror"],"potions_floor_usage":[6,12,16,16,25,29],"damage_taken":[{"damage":1,"enemies":"Cultist","floor":1,"turns":4},{"damage":7,"enemies":"2 Louse","floor":2,"turns":2},{"damage":0,"enemies":"Jaw Worm","floor":5,"turns":3},{"damage":10,"enemies":"Lagavulin","floor":6,"turns":7},{"damage":0,"enemies":"2 Fungi Beasts","floor":8,"turns":2},{"damage":0,"enemies":"Gremlin Nob","floor":12,"turns":2},{"damage":2,"enemies":"Looter","floor":14,"turns":3},{"damage":25,"enemies":"The Guardian","floor":16,"turns":7},{"damage":30,"enemies":"2 Thieves","floor":18,"turns":3},{"damage":0,"enemies":"3 Byrds","floor":20,"turns":8},{"damage":0,"enemies":"Snecko","floor":22,"turns":3},{"damage":24,"enemies":"Slavers","floor":24,"turns":4},{"damage":20,"enemies":"Snake Plant","floor":25,"turns":4},{"damage":3,"enemies":"Shelled Parasite and Fungi","floor":29,"turns":10},{"damage":5,"enemies":"Centurion and Healer","floor":31,"turns":2}],"seed_played":"4843379175670677776","neow_bonus_log":{"cardsObtained":[],"cardsUpgraded":[],"cardsRemoved":[],"cardsTransformed":[],"relicsObtained":[],"maxHpGained":0,"goldGained":100,"damageTaken":0,"goldLost":0,"maxHpLost":0},"potions_obtained":[{"floor":2,"key":"Weak Potion"},{"floor":8,"key":"BlessingOfTheForge"},{"floor":14,"key":"Strength Potion"},{"floor":16,"key":"FocusPotion"},{"floor":18,"key":"SteroidPotion"}],"is_trial":false,"path_per_floor":["M","M","$","?","M","E","R","M","T","R","?","E","T","M","R","B",null,"M","?","M","$","M","R","E","M","T","?","$","M","?","M"],"character_chosen":"DEFECT","basemod:card_modifiers":[null,null,null,null,null,null,null,null,null,null,null,null,null,null,null,null,null,null,null,null,null,null,null],"items_purchased":["SteroidPotion","Membership Card","Defragment","Recycle","PreservedInsect","Capacitor","Block Potion","DollysMirror","Loop"],"campfire_rested":1,"item_purchase_floors":[3,21,21,21,21,28,28,28,28],"current_hp_per_floor":[63,56,56,45,45,35,35,35,35,35,35,35,35,33,33,8,55,25,25,25,25,25,46,22,4,4,4,4,3,3,0],"gold":31,"neow_bonus":"HUNDRED_GOLD","is_prod":false,"is_daily":false,"rewards_skipped":[{"floor":20,"relics":[],"potions":["Weak Potion"]}],"chose_seed":false,"campfire_upgraded":3,"win_rate":0,"floor_exit_playtime":[95,120,189,199,230,312,322,363,392,398,406,535,538,649,672,919,946,1012,1018,1208,1248,1323,1349,1480,1571,1574,1593,1645,1918,1922],"timestamp":1685129578,"path_taken":["M","M","$","?","M","E","R","M","T","R","?","E","?","M","R","BOSS","M","?","M","$","M","R","E","M","T","?","$","?","?","M"],"build_version":"2022-12-18","purchased_purges":2,"victory":false,"max_hp_per_floor":[71,71,71,71,71,71,71,71,71,71,71,71,71,71,71,71,71,71,71,71,71,71,71,71,71,71,71,71,71,71,71],"relic_stats":{"Blood Vial":6,"Bottled Flame":"Doom and Gloom","counters":[15,64],"Sundial":[8],"Gambling Chip":[38],"The Courier":464,"PreservedInsect":42,"Nloth\u0027s Gift":0,"Membership Card":464,"obtain_stats":[{"Blood Vial":24,"Bottled Flame":9,"HornCleat":26,"Sundial":13,"DollysMirror":28,"Gambling Chip":6,"The Courier":12,"PreservedInsect":21,"Nloth\u0027s Gift":27,"Membership Card":21,"Cracked Core":0,"Runic Pyramid":17},{"Blood Vial":12,"Bottled Flame":5,"HornCleat":13,"Sundial":6,"DollysMirror":13,"Gambling Chip":4,"The Courier":6,"PreservedInsect":10,"Nloth\u0027s Gift":13,"Membership Card":10,"Cracked Core":0,"Runic Pyramid":8},{"Blood Vial":48,"Bottled Flame":18,"HornCleat":52,"Sundial":20,"DollysMirror":52,"Gambling Chip":16,"The Courier":20,"PreservedInsect":41,"Nloth\u0027s Gift":52,"Membership Card":41,"Cracked Core":0,"Runic Pyramid":30}]},"card_choices":[{"not_picked":["Beam Cell","Gash"],"picked":"Sunder","floor":1},{"not_picked":["Steam","Storm"],"picked":"Cold Snap","floor":2},{"not_picked":["Loop","BootSequence"],"picked":"Beam Cell","floor":5},{"not_picked":["Coolheaded","Rebound"],"picked":"Doom and Gloom","floor":6},{"not_picked":["Ball Lightning","Melter"],"picked":"Chill","floor":8},{"not_picked":["Skim","Turbo"],"picked":"Coolheaded","floor":12},{"not_picked":["Ball Lightning","Steam"],"picked":"Static Discharge","floor":14},{"not_picked":["Creative AI","Meteor Strike"],"picked":"Multi-Cast","floor":16},{"not_picked":["Leap","Lockon"],"picked":"Turbo","floor":18},{"not_picked":["Fusion","Cold Snap","Stack"],"picked":"SKIP","floor":20},{"not_picked":["Conserve Battery","Heatsinks"],"picked":"Reboot","floor":22},{"not_picked":["Streamline","Rebound","Conserve Battery"],"picked":"SKIP","floor":24},{"not_picked":["Barrage","Stack","Conserve Battery"],"picked":"SKIP","floor":25},{"not_picked":["Rebound","Sweeping Beam","Multi-Cast"],"picked":"SKIP","floor":29}],"player_experience":1942474,"relics_obtained":[{"floor":6,"key":"Gambling Chip"},{"floor":9,"key":"Bottled Flame"},{"floor":12,"key":"The Courier"},{"floor":13,"key":"Sundial"},{"floor":24,"key":"Blood Vial"},{"floor":26,"key":"HornCleat"}],"event_choices":[{"damage_healed":0,"gold_gain":75,"player_choice":"Gather Gold","damage_taken":11,"max_hp_gain":0,"max_hp_loss":0,"event_name":"World of Goop","floor":4,"gold_loss":0},{"damage_healed":0,"gold_gain":0,"player_choice":"Fled","damage_taken":0,"max_hp_gain":0,"max_hp_loss":0,"event_name":"Scrap Ooze","floor":11,"gold_loss":0},{"cards_removed":["Strike_B"],"damage_healed":0,"gold_gain":0,"player_choice":"Gave Gold","damage_taken":0,"max_hp_gain":0,"max_hp_loss":0,"event_name":"Beggar","floor":19,"gold_loss":75},{"damage_healed":0,"gold_gain":0,"player_choice":"Traded Relic","damage_taken":0,"relics_obtained":["Nloth\u0027s Gift"],"max_hp_gain":0,"max_hp_loss":0,"event_name":"N\u0027loth","floor":27,"relics_lost":["Cracked Core"],"gold_loss":0},{"damage_healed":0,"gold_gain":0,"player_choice":"Ignored","damage_taken":0,"max_hp_gain":0,"max_hp_loss":0,"event_name":"Cursed Tome","floor":30,"gold_loss":0}],"is_beta":false,"boss_relics":[{"not_picked":["Calling Bell","Cursed Key"],"picked":"Runic Pyramid"}],"items_purged_floors":[3,21],"is_endless":false,"potions_floor_spawned":[2,8,14,16,18,20],"killed_by":"Centurion and Healer","ascension_level":20,"potion_discard_per_floor":[[],[],[],[],[],[],[],[],[],[],[],[],[],[],[],[],[],[],[],[],[],[],[],[],[],[],[],[],[],[],[]]}