{"neow_bonuses_skipped_log":["THREE_CARDS","RANDOM_COMMON_RELIC","BOSS_RELIC"],"neow_costs_skipped_log":["NONE","NONE","NONE"],"potions_obtained_entropic_brew":[[],[],[],[],[],[],[],[],[],[],[],[],[],[],[],[],[],[],[],[],[],[],[],[],[],[],[],[],[],[],[],[],[],[],[],[],[]],"gold_per_floor":[110,35,55,65,37,37,54,54,54,88,88,88,5,32,32,109,109,122,138,138,138,188,188,213,213,264,16,16,42,60,95,95,169,169,186,2,2],"floor_reached":37,"playtime":2542,"items_purged":["Decay","Blizzard"],"score":1012,"play_id":"ceadb6b5-2184-42ea-b96d-58b81577b07c","local_time":"20230531164503","score_breakdown":["Floors Climbed (37): 185","Enemies Slain (8): 16","Exordium Elites Killed (2): 20","City Elites Killed (3): 60","Beyond Elites Killed (0): 0","Bosses Slain (2): 150","Champion (1): 25","Perfect (1): 50","Ascension (20): 506"],"is_ascension_mode":true,"potions_obtained_alchemize":[[],[],[],[],[],[],[],[],[],[],[],[],[],[],[],[],[],[],[],[],[],[],[],[],[],[],[],[],[],[],[],[],[],[],[],[],[]],"campfire_choices":[{"data":"Zap","floor":6,"key":"SMITH"},{"floor":8,"key":"REST"},{"data":"Beam Cell","floor":11,"key":"SMITH"},{"data":"Hologram","floor":15,"key":"SMITH"},{"data":"Buffer","floor":23,"key":"SMITH"},{"data":"Recycle","floor":25,"key":"SMITH"},{"data":"Seek","floor":28,"key":"SMITH"},{"data":"Skim","floor":32,"key":"SMITH"}],"lesson_learned_per_floor":[[],[],[],[],[],[],[],[],[],[],[],[],[],[],[],[],[],[],[],[],[],[],[],[],[],[],[],[],[],[],[],[],[],[],[],[],[]],"neow_cost":"CURSE","improvable_cards":{},"seed_source_timestamp":913729702542000,"shop_contents":[{"floor":2,"relics":["Dream Catcher","Sundial","Cauldron"],"cards":["Beam Cell","Rip and Tear","Consume","Steam","Heatsinks","Purity","Sadistic Nature"],"potions":["SteroidPotion","DistilledChaos","FocusPotion"]},{"floor":5,"relics":["FossilizedHelix","Bag of Marbles","PrismaticShard"],"cards":["Barrage","Sunder","Aggregate","Static Discharge","Finesse","Metamorphosis"],"potions":["BlessingOfTheForge","BlessingOfTheForge","EssenceOfSteel"]},{"floor":13,"relics":["Letter Opener","Akabeko","DollysMirror"],"cards":["Sweeping Beam","Scrape","Coolheaded","Double Energy","Good Instincts","Secret Weapon"],"potions":["EssenceOfDarkness","PowerPotion","SpeedPotion"]},{"floor":27,"relics":["Blue Candle","Dead Branch"],"cards":["Lockon","Conserve Battery","Seek","Storm","Bandage Up","Apotheosis"],"potions":["FocusPotion","SneckoOil"]},{"floor":36,"relics":["Prayer Wheel","MealTicket","Runic Capacitor"],"cards":["FTL","Go for the Eyes","Chaos","Defragment","Purity","Chrysalis"],"potions":["Strength Potion","Ancient Potion","LiquidBronze"]}],"circlet_count":0,"master_deck":["AscendersBane","Defend_B","Defend_B","Defend_B","Defend_B","Zap+1","Dualcast","Skim+1","Recycle+1","Beam Cell+1","Gash","Ball Lightning","Hologram+1","Compile Driver","All For One","Fusion","Conserve Battery","Buffer+1","Reprogram+1","Electrodynamics","Ghostly","Ghostly","Ghostly","Seek+1","Gash","Streamline","Echo Form","Redo+1","Reinforced Body"],"potion_use_per_floor":[[],[],[],[],[],[],[],[],[],["EssenceOfSteel"],[],[],[],["FocusPotion"],[],[],[],[],[],[],[],[],[],["SteroidPotion"],[],[],[],[],["Block Potion"],[],[],[],[],[],[],[],["AttackPotion"]],"relics":["Cracked Core","Eternal Feather","Cables","Shuriken","Nuclear Battery","CaptainsWheel","TheAbacus","Nunchaku","Art of War","Black Star"],"potions_floor_usage":[10,14,24,29,37],"damage_taken":[{"damage":9,"enemies":"Cultist","floor":1,"turns":4},{"damage":15,"enemies":"Small Slimes","floor":3,"turns":4},{"damage":7,"enemies":"Jaw Worm","floor":4,"turns":3},{"damage":7,"enemies":"Looter","floor":7,"turns":3},{"damage":13,"enemies":"Lagavulin","floor":10,"turns":6},{"damage":14,"enemies":"Gremlin Nob","floor":14,"turns":3},{"damage":36,"enemies":"Hexaghost","floor":16,"turns":9},{"damage":19,"enemies":"Spheric Guardian","floor":18,"turns":4},{"damage":7,"enemies":"3 Byrds","floor":19,"turns":4},{"damage":0,"enemies":"Slavers","floor":24,"turns":5},{"damage":12,"enemies":"Gremlin Leader","floor":29,"turns":5},{"damage":0,"enemies":"Snake Plant","floor":30,"turns":3},{"damage":5,"enemies":"Slavers","floor":31,"turns":8},{"damage":0,"enemies":"Collector","floor":33,"turns":10},{"damage":20,"enemies":"3 Darklings","floor":35,"turns":3},{"damage":42,"enemies":"2 Orb Walkers","floor":37,"turns":5}],"green_key_taken_log":31,"seed_played":"4936065266384010240","neow_bonus_log":{"cardsObtained":["Decay","Skim","Recycle"],"cardsUpgraded":[],"cardsRemoved":[],"cardsTransformed":["Strike_B","Strike_B"],"relicsObtained":[],"maxHpGained":0,"goldGained":0,"damageTaken":0,"goldLost":0,"maxHpLost":0},"potions_obtained":[{"floor":1,"key":"FocusPotion"},{"floor":4,"key":"EssenceOfSteel"},{"floor":14,"key":"Ancient Potion"},{"floor":19,"key":"SteroidPotion"},{"floor":33,"key":"AttackPotion"}],"is_trial":false,"path_per_floor":["M","$","M","M","$","R","M","R","T","E","R","?","$","E","R","B",null,"M","M","?","?","?","R","E","R","T","$","R","E","M","E","R","B",null,"M","$","?"],"character_chosen":"DEFECT","basemod:card_modifiers":[null,null,null,null,null,null,null,null,null,null,null,null,null,null,null,null,null,null,null,null,null,null,null,null,null,null,null,null,null],"items_purchased":["Hologram","Defragment","Gash","TheAbacus","Block Potion","Reinforced Body"],"campfire_rested":1,"item_purchase_floors":[5,13,27,27,27,36],"current_hp_per_floor":[55,55,40,33,33,33,26,47,47,34,43,43,43,29,38,2,54,35,28,28,28,28,35,35,35,35,35,35,23,23,18,33,33,35,15,15,0],"gold":2,"neow_bonus":"TRANSFORM_TWO_CARDS","is_prod":false,"is_daily":false,"rewards_skipped":[{"floor":35,"relics":[],"potions":["SmokeBomb"]}],"chose_seed":false,"campfire_upgraded":7,"win_rate":0,"floor_exit_playtime":[95,116,165,199,211,225,320,326,329,422,455,476,493,665,675,818,877,948,1047,1063,1072,1076,1090,1190,1210,1216,1253,1272,1432,1512,1838,1853,2192,2226,2330,2404],"timestamp":1685565903,"blue_key_relic_skipped_log":{"floor":26,"relicID":"MawBank"},"path_taken":["M","$","M","M","?","R","M","R","T","E","R","?","$","E","R","BOSS","M","M","?","?","?","R","E","R","T","$","R","E","?","E","R","BOSS","M","$","?"],"build_version":"2022-12-18","purchased_purges":2,"victory":false,"max_hp_per_floor":[71,71,71,71,71,71,71,71,71,71,71,71,71,71,71,71,71,71,71,71,35,35,35,35,35,35,35,35,35,35,35,35,35,35,35,35,35],"relic_stats":{"Nunchaku":[7],"TheAbacus":[30],"counters":[16,79],"Shuriken":[22],"Eternal Feather":40,"Art of War":[2],"Black Star":0,"obtain_stats":[{"CaptainsWheel":24,"Nunchaku":29,"TheAbacus":27,"Shuriken":14,"Eternal Feather":9,"Art of War":31,"Black Star":34,"Cracked Core":0,"Cables":10,"Nuclear Battery":17},{"CaptainsWheel":10,"Nunchaku":11,"TheAbacus":10,"Shuriken":6,"Eternal Feather":4,"Art of War":13,"Black Star":14,"Cracked Core":0,"Cables":5,"Nuclear Battery":7},{"CaptainsWheel":45,"Nunchaku":50,"TheAbacus":45,"Shuriken":23,"Eternal Feather":14,"Art of War":61,"Black Star":71,"Cracked Core":0,"Cables":20,"Nuclear Battery":32}],"Cables":[51,35,0,0,16]},"card_choices":[{"not_picked":["Stack","Compile Driver"],"picked":"Beam Cell","floor":1},{"not_picked":["Redo","Reinforced Body"],"picked":"Gash","floor":3},{"not_picked":["Rebound","Sweeping Beam"],"picked":"Ball Lightning","floor":4},{"not_picked":["Beam Cell","Conserve Battery"],"picked":"Compile Driver","floor":7},{"not_picked":["Stack","Barrage"],"picked":"All For One","floor":10},{"not_picked":["Loop","Doom and Gloom"],"picked":"Conserve Battery","floor":14},{"not_picked":["Creative AI","Rainbow"],"picked":"Buffer","floor":16},{"not_picked":["Sweeping Beam","Storm","Compile Driver"],"picked":"SKIP","floor":18},{"not_picked":["Hologram","Cold Snap"],"picked":"Reprogram+1","floor":19},{"not_picked":["Sweeping Beam+1","Barrage"],"picked":"Seek","floor":24},{"not_picked":["Barrage","Steam Power","Cold Snap+1"],"picked":"SKIP","floor":29},{"not_picked":["Scrape+1","Rip and Tear"],"picked":"Streamline","floor":30},{"not_picked":["Hologram","Sweeping Beam","Fusion"],"picked":"SKIP","floor":31},{"not_picked":["Core Surge","Buffer"],"picked":"Echo Form","floor":33},{"not_picked":["Defragment+1","Sweeping Beam"],"picked":"Redo+1","floor":35}],"player_experience":1946283,"relics_obtained":[{"floor":9,"key":"Eternal Feather"},{"floor":10,"key":"Cables"},{"floor":14,"key":"Shuriken"},{"floor":24,"key":"CaptainsWheel"},{"floor":29,"key":"Nunchaku"},{"floor":31,"key":"Art of War"}],"event_choices":[{"damage_healed":0,"gold_gain":0,"cards_transformed":["Strike_B"],"player_choice":"Change","damage_taken":0,"max_hp_gain":0,"max_hp_loss":0,"event_name":"Living Wall","floor":12,"gold_loss":0,"cards_obtained":["Fusion"]},{"damage_healed":0,"gold_gain":0,"cards_transformed":["Strike_B","Defragment"],"player_choice":"Became Test Subject","damage_taken":0,"max_hp_gain":0,"max_hp_loss":0,"event_name":"Drug Dealer","floor":20,"gold_loss":0,"cards_obtained":["Electrodynamics","Blizzard"]},{"damage_healed":0,"gold_gain":0,"player_choice":"Became a Ghost","damage_taken":0,"max_hp_gain":0,"max_hp_loss":36,"event_name":"Ghosts","floor":21,"gold_loss":0,"cards_obtained":["Ghostly","Ghostly","Ghostly"]},{"damage_healed":0,"gold_gain":50,"player_choice":"Stole From Cult","damage_taken":0,"max_hp_gain":0,"max_hp_loss":0,"event_name":"Nest","floor":22,"gold_loss":0},{"damage_healed":0,"gold_gain":0,"player_choice":"Fight","damage_taken":0,"max_hp_gain":0,"max_hp_loss":0,"event_name":"Mysterious Sphere","floor":37,"gold_loss":0}],"is_beta":false,"boss_relics":[{"not_picked":["Busted Crown","Ectoplasm"],"picked":"Nuclear Battery"},{"not_picked":["Calling Bell","Fusion Hammer"],"picked":"Black Star"}],"items_purged_floors":[2,36],"is_endless":false,"potions_floor_spawned":[1,4,14,19,33,35],"killed_by":"2 Orb Walkers","ascension_level":20,"potion_discard_per_floor":[[],[],[],[],[],[],[],[],[],[],[],[],[],[],[],[],[],[],[],[],[],[],[],[],[],[],[],[],[],[],[],[],[],[],[],[],[]]}