{"neow_bonuses_skipped_log":["REMOVE_CARD","ONE_RARE_RELIC","BOSS_RELIC"],"neow_costs_skipped_log":["NONE","TEN_PERCENT_HP_LOSS","NONE"],"potions_obtained_entropic_brew":[[],[],[],[],[],[],[],[],[],[],[],[],[],[],[],[],[],[],[],[],[],[]],"gold_per_floor":[209,223,3,16,30,102,102,102,102,121,121,141,172,196,196,287,287,305,305,319,106,106],"floor_reached":22,"playtime":1853,"items_purged":["Strike_B"],"score":396,"play_id":"71508cd9-f76f-4ca7-b220-ee22fa695e78","local_time":"20230531160017","score_breakdown":["Floors Climbed (22): 110","Enemies Slain (9): 18","Exordium Elites Killed (2): 20","City Elites Killed (0): 0","Bosses Slain (1): 50","Ascension (20): 198"],"is_ascension_mode":true,"potions_obtained_alchemize":[[],[],[],[],[],[],[],[],[],[],[],[],[],[],[],[],[],[],[],[],[],[]],"campfire_choices":[{"data":"Defragment","floor":7,"key":"SMITH"},{"floor":11,"key":"REST"},{"floor":15,"key":"REST"}],"lesson_learned_per_floor":[[],[],[],[],[],[],[],[],[],[],[],[],[],[],[],[],[],[],[],[],[],[]],"neow_cost":"NONE","improvable_cards":{"Genetic Algorithm+1":[4],"RitualDagger":[18]},"seed_source_timestamp":911733229146100,"shop_contents":[{"floor":3,"relics":["Thread and Needle","Toolbox"],"cards":["Lockon","Scrape","Turbo","Darkness","Storm","Flash of Steel","Magnetism"],"potions":["Ancient Potion","BlessingOfTheForge"]},{"floor":21,"relics":["Boot","Oddly Smooth Stone","HandDrill"],"cards":["Gash","Compile Driver","Multi-Cast","Finesse","Master of Strategy"],"potions":["FearPotion","PotionOfCapacity","Dexterity Potion"]}],"circlet_count":0,"master_deck":["AscendersBane","Strike_B","Strike_B","Strike_B","Defend_B","Defend_B","Defend_B","Defend_B","Zap","Dualcast","Cold Snap","Hello World","Cold Snap","Defragment+1","Compile Driver","Coolheaded","Turbo","Echo Form","Genetic Algorithm+1","RitualDagger","Stack+1","Capacitor","Coolheaded"],"potion_use_per_floor":[[],[],[],[],[],["Fire Potion","ColorlessPotion"],[],[],[],[],[],[],[],["DistilledChaos"],[],["SpeedPotion"],[],[],[],["Explosive Potion"],[],["Swift Potion"]],"relics":["Cracked Core","Bag of Preparation","Letter Opener","Golden Idol","White Beast Statue","Runic Pyramid"],"potions_floor_usage":[6,6,14,16,20,22],"damage_taken":[{"damage":14,"enemies":"Jaw Worm","floor":1,"turns":4},{"damage":0,"enemies":"Small Slimes","floor":2,"turns":2},{"damage":12,"enemies":"2 Louse","floor":4,"turns":2},{"damage":2,"enemies":"Exordium Thugs","floor":5,"turns":4},{"damage":15,"enemies":"3 Sentries","floor":6,"turns":9},{"damage":1,"enemies":"Blue Slaver","floor":10,"turns":5},{"damage":2,"enemies":"Looter","floor":12,"turns":3},{"damage":19,"enemies":"Gremlin Nob","floor":13,"turns":4},{"damage":10,"enemies":"Gremlin Gang","floor":14,"turns":4},{"damage":25,"enemies":"Slime Boss","floor":16,"turns":10},{"damage":9,"enemies":"3 Byrds","floor":18,"turns":5},{"damage":18,"enemies":"2 Thieves","floor":20,"turns":4},{"damage":23,"enemies":"Masked Bandits","floor":22,"turns":2}],"green_key_taken_log":6,"seed_played":"-161042353459329326","neow_bonus_log":{"cardsObtained":[],"cardsUpgraded":[],"cardsRemoved":[],"cardsTransformed":[],"relicsObtained":[],"maxHpGained":0,"goldGained":100,"damageTaken":0,"goldLost":0,"maxHpLost":0},"potions_obtained":[{"floor":2,"key":"Fire Potion"},{"floor":10,"key":"DistilledChaos"},{"floor":14,"key":"SpeedPotion"},{"floor":16,"key":"Explosive Potion"},{"floor":18,"key":"SmokeBomb"},{"floor":20,"key":"Swift Potion"}],"is_trial":false,"path_per_floor":["M","M","$","M","M","E","R","?","T","M","R","M","E","M","R","B",null,"M","?","M","$","?"],"character_chosen":"DEFECT","basemod:card_modifiers":[null,null,null,null,null,null,null,null,null,null,null,null,null,null,null,null,null,null,null,null,null,null,null],"items_purchased":["Bag of Preparation","ColorlessPotion","Capacitor","Coolheaded"],"campfire_rested":2,"item_purchase_floors":[3,3,21,21],"current_hp_per_floor":[50,50,50,38,36,21,21,21,21,20,39,37,18,8,27,2,49,40,34,16,16,0],"gold":106,"neow_bonus":"HUNDRED_GOLD","is_prod":false,"is_daily":false,"rewards_skipped":[{"floor":5,"relics":[],"potions":["FearPotion"]}],"chose_seed":false,"campfire_upgraded":1,"win_rate":0,"floor_exit_playtime":[105,151,213,251,315,418,436,439,443,493,497,535,614,719,723,902,927,1054,1072,1139,1776],"timestamp":1685563217,"blue_key_relic_skipped_log":{"floor":9,"relicID":"Bottled Flame"},"path_taken":["M","M","$","M","M","E","R","?","T","M","R","M","E","M","R","BOSS","M","?","M","$","?"],"build_version":"2022-12-18","purchased_purges":1,"victory":false,"max_hp_per_floor":[71,71,71,71,71,71,71,64,64,64,64,64,64,64,64,64,64,64,64,64,64,64],"relic_stats":{"counters":[13,58],"Golden Idol":52,"Bag of Preparation":[22],"Letter Opener":[40],"obtain_stats":[{"Golden Idol":8,"Bag of Preparation":3,"Letter Opener":6,"Cracked Core":0,"White Beast Statue":13,"Runic Pyramid":17},{"Golden Idol":5,"Bag of Preparation":2,"Letter Opener":5,"Cracked Core":0,"White Beast Statue":8,"Runic Pyramid":10},{"Golden Idol":21,"Bag of Preparation":6,"Letter Opener":21,"Cracked Core":0,"White Beast Statue":33,"Runic Pyramid":47}],"White Beast Statue":[0.0,0.0,0.12000000000000002,0.0,0.5800000000000001,0.0,0.30000000000000004,0.0,0.0,0.0,0.0,2.0]},"card_choices":[{"not_picked":["Force Field","Go for the Eyes"],"picked":"Cold Snap","floor":1},{"not_picked":["Darkness","Chill"],"picked":"Hello World","floor":2},{"not_picked":["Beam Cell","Steam","Stack"],"picked":"SKIP","floor":4},{"not_picked":["Rebound","Recycle"],"picked":"Cold Snap","floor":5},{"not_picked":["Fission","Auto Shields"],"picked":"Defragment","floor":6},{"not_picked":["Redo","Turbo"],"picked":"Compile Driver","floor":10},{"not_picked":["Auto Shields","Cold Snap","Redo"],"picked":"SKIP","floor":12},{"not_picked":["Stack","Scrape"],"picked":"Coolheaded","floor":13},{"not_picked":["Skim","Compile Driver"],"picked":"Turbo","floor":14},{"not_picked":["Amplify","Rainbow"],"picked":"Echo Form","floor":16},{"not_picked":["Rebound+1","Sunder"],"picked":"Genetic Algorithm+1","floor":18},{"not_picked":["Skim","Steam"],"picked":"Stack+1","floor":20}],"player_experience":1944430,"relics_obtained":[{"floor":6,"key":"Letter Opener"},{"floor":13,"key":"White Beast Statue"}],"event_choices":[{"damage_healed":0,"gold_gain":0,"player_choice":"Lose Max HP","damage_taken":0,"relics_obtained":["Golden Idol"],"max_hp_gain":0,"max_hp_loss":7,"event_name":"Golden Idol","floor":8,"gold_loss":0},{"damage_healed":0,"gold_gain":0,"player_choice":"Joined the Cult","damage_taken":6,"max_hp_gain":0,"max_hp_loss":0,"event_name":"Nest","floor":19,"gold_loss":0,"cards_obtained":["RitualDagger"]},{"damage_healed":0,"gold_gain":0,"player_choice":"Fought Bandits","damage_taken":0,"max_hp_gain":0,"max_hp_loss":0,"event_name":"Masked Bandits","floor":22,"gold_loss":0}],"is_beta":false,"boss_relics":[{"not_picked":["Cursed Key","Empty Cage"],"picked":"Runic Pyramid"}],"items_purged_floors":[21],"is_endless":false,"potions_floor_spawned":[2,5,10,14,16,18,20],"killed_by":"Masked Bandits","ascension_level":20,"potion_discard_per_floor":[[],[],[],[],[],[],[],[],[],[],[],[],[],[],[],[],[],[],[],[],[],[]]}