{"neow_bonuses_skipped_log":["THREE_CARDS","TWENTY_PERCENT_HP_BONUS","BOSS_RELIC"],"neow_costs_skipped_log":["NONE","PERCENT_DAMAGE","NONE"],"potions_obtained_entropic_brew":[[],[],[],[],[],[],[],[],[],[],[],[],[],[],[],["Dexterity Potion","FearPotion"],[],[],[],[],[],[],[],[],[],[],[],[]],"gold_per_floor":[115,135,151,151,151,151,181,198,198,227,100,114,9,9,9,82,82,93,93,112,112,132,160,160,171,171,171,171],"floor_reached":28,"playtime":1080,"items_purged":["Strike_B"],"score":496,"play_id":"7fdebd98-a26e-48cb-9076-fbeb9b62c432","local_time":"20230907013609","score_breakdown":["Floors Climbed (28): 140","Enemies Slain (9): 18","Exordium Elites Killed (2): 20","City Elites Killed (1): 20","Bosses Slain (1): 50","Ascension (20): 248"],"is_ascension_mode":true,"potions_obtained_alchemize":[[],[],[],[],[],[],[],[],[],[],[],[],[],[],[],[],[],[],[],[],[],[],[],[],[],[],[],[]],"campfire_choices":[{"data":"Streamline","floor":6.0,"key":"SMITH"},{"data":"Discovery","floor":15.0,"key":"SMITH"},{"data":"Seek","floor":24.0,"key":"SMITH"},{"floor":27,"key":"REST"}],"lesson_learned_per_floor":[[],[],[],[],[],[],[],[],[],[],[],[],[],[],[],[],[],[],[],[],[],[],[],[],[],[],[],[]],"neow_cost":"NONE","improvable_cards":{"Genetic Algorithm":[3]},"seed_source_timestamp":903492725495400,"shop_contents":[{"floor":11,"relics":["Centennial Puzzle","Mummified Hand","Medical Kit"],"cards":["Go for the Eyes","Turbo","Steam Power","Static Discharge","Forethought","Secret Technique"],"potions":["SmokeBomb","SneckoOil","Explosive Potion"]},{"floor":13,"relics":["Bird Faced Urn","Potion Belt","Orrery"],"cards":["Streamline","Meteor Strike","Steam","Reinforced Body","Heatsinks","Violence"],"potions":["Energy Potion","SmokeBomb","Swift Potion"]}],"circlet_count":0,"master_deck":["AscendersBane","Strike_B+1","Defend_B+1","Defend_B","Defend_B","Defend_B","Zap","Dualcast","Ball Lightning","Reinforced Body","Streamline+1","Doom and Gloom","Compile Driver","Hologram","Cold Snap","Compile Driver","Discovery+1","Seek+1","White Noise","Barrage","Skim","Genetic Algorithm"],"special_seed":0,"potion_use_per_floor":[[],[],[],[],[],[],[],[],[],["Explosive Potion"],[],[],[],[],[],["EntropicBrew"],[],[],[],[],[],[],["FearPotion"],[],[],[],[],[]],"relics":["Cracked Core","PreservedInsect","Lantern","Pear","Sozu","Boot"],"potions_floor_usage":[],"damage_taken":[{"damage":0.0,"enemies":"Cultist","floor":1.0,"turns":3.0},{"damage":0.0,"enemies":"Small Slimes","floor":2.0,"turns":2.0},{"damage":0.0,"enemies":"Jaw Worm","floor":3.0,"turns":3.0},{"damage":20.0,"enemies":"Lagavulin","floor":7.0,"turns":5.0},{"damage":0.0,"enemies":"Looter","floor":8.0,"turns":3.0},{"damage":10.0,"enemies":"3 Sentries","floor":10.0,"turns":3.0},{"damage":0.0,"enemies":"2 Fungi Beasts","floor":12.0,"turns":2.0},{"damage":17.0,"enemies":"Slime Boss","floor":16.0,"turns":8.0},{"damage":1.0,"enemies":"Spheric Guardian","floor":18.0,"turns":4.0},{"damage":0.0,"enemies":"Chosen","floor":20.0,"turns":4.0},{"damage":10.0,"enemies":"Snake Plant","floor":22.0,"turns":4.0},{"damage":22.0,"enemies":"Book of Stabbing","floor":23.0,"turns":3.0},{"damage":13.0,"enemies":"Snecko","floor":25.0,"turns":5.0},{"damage":53,"enemies":"Shelled Parasite and Fungi","floor":28,"turns":7}],"seed_played":"6963464502286833676","neow_bonus_log":{"cardsObtained":[],"cardsUpgraded":[],"cardsRemoved":[],"cardsTransformed":[],"relicsObtained":[],"maxHpGained":0,"goldGained":0,"damageTaken":0,"goldLost":0,"maxHpLost":0},"potions_obtained":[{"floor":0.0,"key":"Explosive Potion"},{"floor":0.0,"key":"EntropicBrew"},{"floor":16.0,"key":"Swift Potion"}],"is_trial":false,"path_per_floor":["M","M","M","?","?","R","E","M","T","E","$","M","$","?","R","B",null,"M","?","M","?","M","E","R","M","T","R","M"],"character_chosen":"DEFECT","basemod:card_modifiers":[null,null,null,null,null,null,null,null,null,null,null,null,null,null,null,null,null,null,null,null,null,null],"items_purchased":["Cold Snap","Discovery"],"campfire_rested":1,"item_purchase_floors":[11,13],"current_hp_per_floor":[64,64,64,43,43,43,23,23,23,23,23,23,23,50,50,33,69,68,68,68,68,58,36,36,23,23,47,0],"gold":171,"neow_bonus":"THREE_SMALL_POTIONS","is_prod":false,"is_daily":false,"rewards_skipped":[{"floor":0,"relics":[],"potions":["SpeedPotion"]},{"floor":1,"relics":[],"potions":["FairyPotion"]},{"floor":3,"relics":[],"potions":["Swift Potion"]},{"floor":20,"relics":[],"potions":["Strength Potion"]},{"floor":23,"relics":[],"potions":["DistilledChaos"]}],"chose_seed":false,"campfire_upgraded":3,"win_rate":0,"floor_exit_playtime":[51,75,136,140,143,153,196,230,232,293,323,351,364,370,375,499,520,572,576,629,636,696,768,857,970,973,978],"timestamp":1694064969,"blue_key_relic_skipped_log":{"floor":26,"relicID":"Bottled Flame"},"path_taken":["M","M","M","?","?","R","E","M","T","E","$","M","?","?","R","BOSS","M","?","M","?","M","E","R","M","T","R","M"],"build_version":"2022-12-18","purchased_purges":1,"victory":false,"max_hp_per_floor":[71,71,71,71,71,71,71,71,71,81,81,81,81,81,81,81,81,81,81,81,81,81,81,81,81,81,81,81],"relic_stats":{"Sozu":2,"counters":[14,56],"PreservedInsect":76,"Boot":[6],"obtain_stats":[{"Sozu":17,"Lantern":9,"Pear":10,"PreservedInsect":7,"Cracked Core":0,"Boot":23},{"Sozu":8,"Lantern":5,"Pear":6,"PreservedInsect":4,"Cracked Core":0,"Boot":12},{"Sozu":29,"Lantern":16,"Pear":19,"PreservedInsect":13,"Cracked Core":0,"Boot":44}]},"card_choices":[{"not_picked":["Coolheaded","Turbo"],"picked":"Ball Lightning","floor":1.0},{"not_picked":["Leap","Gash"],"picked":"Reinforced Body","floor":2.0},{"not_picked":["Go for the Eyes","Rebound"],"picked":"Streamline","floor":3.0},{"not_picked":["Conserve Battery","Multi-Cast"],"picked":"Doom and Gloom","floor":7.0},{"not_picked":["Recycle","Streamline"],"picked":"Compile Driver","floor":8.0},{"not_picked":["Streamline","Reprogram"],"picked":"Hologram","floor":10.0},{"not_picked":["Turbo","Hello World"],"picked":"Compile Driver","floor":12.0},{"not_picked":["Thunder Strike","Buffer"],"picked":"Seek","floor":16.0},{"not_picked":["Stack","Sweeping Beam","Darkness"],"picked":"SKIP","floor":18.0},{"not_picked":["Beam Cell","Stack","Ball Lightning"],"picked":"SKIP","floor":20.0},{"not_picked":["Steam","Turbo"],"picked":"Skim","floor":22.0},{"not_picked":["Leap","Hologram"],"picked":"Genetic Algorithm","floor":23.0},{"not_picked":["Streamline","Rainbow","Cold Snap"],"picked":"SKIP","floor":25.0}],"player_experience":1975660,"relics_obtained":[{"floor":7.0,"key":"PreservedInsect"},{"floor":9.0,"key":"Lantern"},{"floor":10.0,"key":"Pear"},{"floor":23.0,"key":"Boot"}],"event_choices":[{"damage_healed":0.0,"max_hp_gain":0.0,"max_hp_loss":0.0,"gold_gain":0.0,"event_name":"Shining Light","player_choice":"Entered Light","floor":4.0,"gold_loss":0.0,"damage_taken":21.0,"cards_upgraded":["Defend_B","Strike_B"]},{"damage_healed":0.0,"max_hp_gain":0.0,"max_hp_loss":0.0,"gold_gain":0.0,"event_name":"Liars Game","player_choice":"Ignored","floor":5.0,"gold_loss":0.0,"damage_taken":0.0},{"damage_healed":27.0,"max_hp_gain":0.0,"max_hp_loss":0.0,"gold_gain":0.0,"event_name":"Big Fish","player_choice":"Banana","floor":14.0,"gold_loss":0.0,"damage_taken":0.0},{"damage_healed":0.0,"max_hp_gain":0.0,"max_hp_loss":0.0,"gold_gain":0.0,"event_name":"The Mausoleum","player_choice":"Ignored","floor":19.0,"gold_loss":0.0,"damage_taken":0.0},{"damage_healed":0.0,"max_hp_gain":0.0,"max_hp_loss":0.0,"gold_gain":0.0,"cards_transformed":["Strike_B","Strike_B"],"event_name":"Drug Dealer","player_choice":"Became Test Subject","floor":21.0,"gold_loss":0.0,"damage_taken":0.0,"cards_obtained":["White Noise","Barrage"]}],"is_beta":false,"boss_relics":[{"not_picked":["Busted Crown","Snecko Eye"],"picked":"Sozu"}],"items_purged_floors":[11],"is_endless":false,"potions_floor_spawned":[1,3,16,20,23],"killed_by":"Shelled Parasite and Fungi","ascension_level":20,"potion_discard_per_floor":[[],[],[],[],[],[],[],[],[],[],[],[],[],[],[],["Dexterity Potion"],[],[],[],[],[],[],[],[],[],[],[],[]]}