{"neow_bonuses_skipped_log":["TRANSFORM_CARD","TRANSFORM_TWO_CARDS","BOSS_RELIC"],"neow_costs_skipped_log":["NONE","TEN_PERCENT_HP_LOSS","NONE"],"potions_obtained_entropic_brew":[[],[],[],[],[],[],[],[],[],[],[],[],[]],"gold_per_floor":[112,28,40,58,58,58,58,88,158,170,170,95,55],"floor_reached":13,"playtime":323,"items_purged":["Strike_B"],"score":166,"play_id":"cbac1a5b-2fb9-4423-a6d1-bab8933f5038","local_time":"20231003191006","score_breakdown":["Floors Climbed (13): 65","Enemies Slain (4): 8","Exordium Elites Killed (1): 10","Bosses Slain (0): 0","Ascension (20): 83"],"is_ascension_mode":true,"potions_obtained_alchemize":[[],[],[],[],[],[],[],[],[],[],[],[],[]],"campfire_choices":[{"data":"Doom and Gloom","floor":6.0,"key":"SMITH"}],"lesson_learned_per_floor":[[],[],[],[],[],[],[],[],[],[],[],[],[]],"neow_cost":"NONE","improvable_cards":{"Genetic Algorithm":[5]},"seed_source_timestamp":1443035401646000,"shop_contents":[{"floor":2,"relics":["FossilizedHelix","Peace Pipe","Medical Kit"],"cards":["Go for the Eyes","Rebound","Hologram","Storm","Mind Blast","Metamorphosis"],"potions":["SkillPotion","DistilledChaos","FairyPotion"]},{"floor":12,"relics":["Pocketwatch","Bird Faced Urn","Cauldron"],"cards":["Scrape","FTL","Steam","Turbo","Capacitor","Forethought","Thinking Ahead"],"potions":["LiquidBronze","FearPotion","SteroidPotion"]}],"circlet_count":0,"master_deck":["AscendersBane","Strike_B","Strike_B","Strike_B","Defend_B","Defend_B+1","Defend_B+1","Defend_B","Zap","Dualcast","Rip and Tear+1","Reboot","Doom and Gloom+1","Genetic Algorithm","Skim"],"special_seed":0,"potion_use_per_floor":[[],[],[],[],[],[],[],["DistilledChaos"],[],[],[],[],[]],"relics":["Cracked Core","Orichalcum","Toy Ornithopter"],"potions_floor_usage":[8],"damage_taken":[{"damage":4.0,"enemies":"Small Slimes","floor":1.0,"turns":4.0},{"damage":0.0,"enemies":"2 Louse","floor":3.0,"turns":3.0},{"damage":2.0,"enemies":"Jaw Worm","floor":4.0,"turns":3.0},{"damage":14,"enemies":"3 Sentries","floor":8,"turns":3},{"damage":6,"enemies":"Looter","floor":10,"turns":4},{"damage":18,"enemies":"Exordium Thugs","floor":13,"turns":2}],"seed_played":"6715742381729624050","neow_bonus_log":{"cardsObtained":[],"cardsUpgraded":[],"cardsRemoved":[],"cardsTransformed":[],"relicsObtained":["Orichalcum"],"maxHpGained":0,"goldGained":0,"damageTaken":0,"goldLost":0,"maxHpLost":0},"potions_obtained":[{"floor":1.0,"key":"DistilledChaos"},{"floor":10,"key":"FearPotion"}],"is_trial":false,"path_per_floor":["M","$","M","M","?","R","?","E","T","M","?","$","M"],"character_chosen":"DEFECT","basemod:card_modifiers":[null,null,null,null,null,null,null,null,null,null,null,null,null,null,null],"items_purchased":["Reboot"],"campfire_rested":0,"item_purchase_floors":[2],"current_hp_per_floor":[60,60,60,58,58,58,58,44,44,38,17,17,0],"gold":55,"neow_bonus":"RANDOM_COMMON_RELIC","is_prod":false,"is_daily":false,"rewards_skipped":[],"chose_seed":false,"campfire_upgraded":1,"win_rate":0,"floor_exit_playtime":[97,107,136,168,176,188,193,242,252,288,291,300],"timestamp":1696374606,"blue_key_relic_skipped_log":{"floor":9,"relicID":"Blue Candle"},"path_taken":["M","$","M","M","?","R","?","E","T","M","?","?","M"],"build_version":"2022-12-18","purchased_purges":1,"victory":false,"max_hp_per_floor":[71,71,71,71,71,71,71,71,71,71,71,71,71],"relic_stats":{"counters":[6,19],"Orichalcum":[24],"obtain_stats":[{"Orichalcum":0,"Cracked Core":0,"Toy Ornithopter":8},{"Orichalcum":0,"Cracked Core":0,"Toy Ornithopter":4},{"Orichalcum":0,"Cracked Core":0,"Toy Ornithopter":13}],"Toy Ornithopter":0},"card_choices":[{"not_picked":["Steam","Cold Snap"],"picked":"Rip and Tear","floor":1.0},{"not_picked":["Turbo","Ball Lightning"],"picked":"Doom and Gloom","floor":3.0},{"not_picked":["Force Field","Rip and Tear"],"picked":"Genetic Algorithm","floor":4.0},{"not_picked":["Force Field","Aggregate","Fusion"],"picked":"SKIP","floor":8},{"not_picked":["Stack","Barrage"],"picked":"Skim","floor":10}],"player_experience":2014688,"relics_obtained":[{"floor":8,"key":"Toy Ornithopter"}],"event_choices":[{"damage_healed":0.0,"max_hp_gain":0.0,"max_hp_loss":0.0,"gold_gain":0.0,"event_name":"Living Wall","player_choice":"Grow","floor":5.0,"gold_loss":0.0,"damage_taken":0.0,"cards_upgraded":["Rip and Tear"]},{"damage_healed":0.0,"max_hp_gain":0.0,"max_hp_loss":0.0,"gold_gain":0.0,"event_name":"The Cleric","player_choice":"Leave","floor":7.0,"gold_loss":0.0,"damage_taken":0.0},{"damage_healed":0,"gold_gain":0,"player_choice":"Entered Light","damage_taken":21,"max_hp_gain":0,"max_hp_loss":0,"event_name":"Shining Light","floor":11,"gold_loss":0,"cards_upgraded":["Defend_B","Defend_B"]}],"is_beta":false,"boss_relics":[],"items_purged_floors":[12],"is_endless":false,"potions_floor_spawned":[1,10],"killed_by":"Exordium Thugs","ascension_level":20,"potion_discard_per_floor":[[],[],[],[],[],[],[],[],[],[],[],[],[]]}