{"neow_bonuses_skipped_log":["THREE_SMALL_POTIONS","ONE_RARE_RELIC","BOSS_RELIC"],"neow_costs_skipped_log":["NONE","CURSE","NONE"],"potions_obtained_entropic_brew":[[],[],[],[],[],[],[],[],[],[],[],[],[],[],[],[],[],[],[],[],[],[],[],[],[],[],[],[],[],[],[],[],[],[],[],[],[],[],[],[],[],[],[],[],[],[],[],[],[],[],[],[],[],[],[],[]],"gold_per_floor":[110,110,129,129,148,148,167,167,167,167,198,198,239,264,264,354,354,368,382,401,74,97,97,137,161,212,230,273,273,299,342,342,431,431,454,479,479,479,10,10,44,44,93,93,134,169,200,223,223,223,223,223,223,15,54,54],"floor_reached":56,"playtime":46310,"items_purged":["Strike_B","Strike_B+1","Defend_B"],"score":1954,"play_id":"66f411af-fbe3-41b9-9de5-a1f42affb6d1","local_time":"20231019003826","falling_options_log":["Cold Snap+1","Self Repair+1"],"score_breakdown":["Floors Climbed (56): 280","Enemies Slain (16): 32","Exordium Elites Killed (2): 20","City Elites Killed (3): 60","Beyond Elites Killed (2): 60","Bosses Slain (4): 500","Overkill: 25","Ascension (20): 977"],"is_ascension_mode":true,"potions_obtained_alchemize":[[],[],[],[],[],[],[],[],[],[],[],[],[],[],[],[],[],[],[],[],[],[],[],[],[],[],[],[],[],[],[],[],[],[],[],[],[],[],[],[],[],[],[],[],[],[],[],[],[],[],[],[],[],[],[],[]],"campfire_choices":[{"floor":6.0,"key":"REST"},{"data":"Self Repair","floor":12.0,"key":"SMITH"},{"data":"Barrage","floor":15.0,"key":"SMITH"},{"floor":23.0,"key":"REST"},{"data":"Biased Cognition","floor":29.0,"key":"SMITH"},{"data":"Consume","floor":32.0,"key":"SMITH"},{"data":"Creative AI","floor":40.0,"key":"SMITH"},{"data":"Seek","floor":42.0,"key":"SMITH"},{"floor":49,"key":"RECALL"},{"data":"Coolheaded","floor":53,"key":"SMITH"}],"lesson_learned_per_floor":[[],[],[],[],[],[],[],[],[],[],[],[],[],[],[],[],[],[],[],[],[],[],[],[],[],[],[],[],[],[],[],[],[],[],[],[],[],[],[],[],[],[],[],[],[],[],[],[],[],[],[],[],[],[],[],[]],"neow_cost":"NONE","improvable_cards":{},"seed_source_timestamp":2712014644131200,"shop_contents":[{"floor":21,"relics":["Boot","Lee\u0027s Waffle"],"cards":["Lockon","Reboot","Turbo","Deep Breath","Sadistic Nature"],"potions":["Strength Potion","Swift Potion","SpeedPotion"]},{"floor":39,"relics":["Vajra","Cauldron"],"cards":["Scrape","Fusion","Darkness","Storm","Blind","Master of Strategy"],"potions":["Energy Potion","ColorlessPotion","Fire Potion"]},{"floor":54,"relics":["Oddly Smooth Stone","War Paint","HandDrill"],"cards":["Ball Lightning","Sweeping Beam","Hologram","Redo","Capacitor","Purity","Transmutation"],"potions":["SpeedPotion","Fire Potion"]}],"circlet_count":0,"master_deck":["AscendersBane","Defend_B","Defend_B+1","Zap","Dualcast","Ball Lightning","Compile Driver+1","FTL","Ball Lightning","Self Repair+1","Barrage+1","Biased Cognition+1","Chaos+1","Consume+1","Capacitor","Cold Snap","Steam+1","BootSequence","Chaos+1","Cold Snap+1","Creative AI+1","Seek+1","Chill","Compile Driver+1","Hologram+1","Turbo+1","Coolheaded+1","Redo+1"],"special_seed":0,"potion_use_per_floor":[[],[],[],[],[],[],[],[],[],[],["AttackPotion"],[],["Energy Potion"],[],[],["Strength Potion"],[],[],[],[],[],["Weak Potion","GamblersBrew"],[],["LiquidBronze"],["Regen Potion"],[],[],["Explosive Potion","SkillPotion"],[],[],[],[],["SkillPotion"],[],[],["LiquidMemories"],[],[],[],[],["Weak Potion","SpeedPotion"],[],[],[],[],["Swift Potion","ColorlessPotion"],[],[],[],["SkillPotion"],["DistilledChaos"],[],[],[],["DistilledChaos"],["PowerPotion","LiquidMemories","FocusPotion"]],"relics":["Cracked Core","Golden Idol","Torii","White Beast Statue","CaptainsWheel","Potion Belt","Inserter","DataDisk","Prayer Wheel","Bronze Scales","Omamori","Pen Nib","Calling Bell","Strawberry","Symbiotic Virus","TungstenRod","Bird Faced Urn","Whetstone","CeramicFish","StoneCalendar","Du-Vu Doll","Toy Ornithopter"],"potions_floor_usage":[50,51,55,56,56,56],"damage_taken":[{"damage":2.0,"enemies":"Jaw Worm","floor":1.0,"turns":4.0},{"damage":10.0,"enemies":"2 Louse","floor":3.0,"turns":3.0},{"damage":0.0,"enemies":"Small Slimes","floor":5.0,"turns":2.0},{"damage":1.0,"enemies":"Looter","floor":7.0,"turns":3.0},{"damage":17.0,"enemies":"Lagavulin","floor":11.0,"turns":7.0},{"damage":1.0,"enemies":"Gremlin Nob","floor":13.0,"turns":3.0},{"damage":3.0,"enemies":"Gremlin Gang","floor":14.0,"turns":4.0},{"damage":22.0,"enemies":"The Guardian","floor":16.0,"turns":9.0},{"damage":6.0,"enemies":"Spheric Guardian","floor":18.0,"turns":4.0},{"damage":1.0,"enemies":"Chosen","floor":19.0,"turns":5.0},{"damage":21.0,"enemies":"Centurion and Healer","floor":20.0,"turns":7.0},{"damage":26.0,"enemies":"Snake Plant","floor":22.0,"turns":6.0},{"damage":22.0,"enemies":"Book of Stabbing","floor":24.0,"turns":4.0},{"damage":15.0,"enemies":"Snecko","floor":25.0,"turns":5.0},{"damage":15.0,"enemies":"Cultist and Chosen","floor":27.0,"turns":6.0},{"damage":21.0,"enemies":"Slavers","floor":28.0,"turns":4.0},{"damage":7.0,"enemies":"Book of Stabbing","floor":31.0,"turns":5.0},{"damage":1.0,"enemies":"Champ","floor":33.0,"turns":14.0},{"damage":0.0,"enemies":"Orb Walker","floor":35.0,"turns":4.0},{"damage":18.0,"enemies":"3 Darklings","floor":36.0,"turns":5.0},{"damage":16.0,"enemies":"Nemesis","floor":41.0,"turns":14.0},{"damage":36.0,"enemies":"Spire Growth","floor":45.0,"turns":7.0},{"damage":29.0,"enemies":"Reptomancer","floor":46.0,"turns":7.0},{"damage":0.0,"enemies":"Writhing Mass","floor":47.0,"turns":6.0},{"damage":3.0,"enemies":"4 Shapes","floor":48.0,"turns":7.0},{"damage":60,"enemies":"Time Eater","floor":50,"turns":12},{"damage":21,"enemies":"Awakened One","floor":51,"turns":21},{"damage":76,"enemies":"Shield and Spear","floor":55,"turns":9},{"damage":50,"enemies":"The Heart","floor":56,"turns":2}],"green_key_taken_log":11,"seed_played":"5128875839614180013","neow_bonus_log":{"cardsObtained":[],"cardsUpgraded":[],"cardsRemoved":["Strike_B"],"cardsTransformed":[],"relicsObtained":[],"maxHpGained":0,"goldGained":0,"damageTaken":0,"goldLost":0,"maxHpLost":0},"potions_obtained":[{"floor":3.0,"key":"AttackPotion"},{"floor":7.0,"key":"GamblersBrew"},{"floor":11.0,"key":"Energy Potion"},{"floor":13.0,"key":"Strength Potion"},{"floor":14.0,"key":"LiquidBronze"},{"floor":16.0,"key":"Weak Potion"},{"floor":18.0,"key":"SpeedPotion"},{"floor":20.0,"key":"FocusPotion"},{"floor":22.0,"key":"Explosive Potion"},{"floor":24.0,"key":"Regen Potion"},{"floor":25.0,"key":"LiquidMemories"},{"floor":27.0,"key":"SkillPotion"},{"floor":28.0,"key":"SmokeBomb"},{"floor":31.0,"key":"SkillPotion"},{"floor":33.0,"key":"Weak Potion"},{"floor":35.0,"key":"PowerPotion"},{"floor":36.0,"key":"SpeedPotion"},{"floor":41.0,"key":"ColorlessPotion"},{"floor":45.0,"key":"Swift Potion"},{"floor":46.0,"key":"DistilledChaos"},{"floor":47.0,"key":"ColorlessPotion"},{"floor":48.0,"key":"SkillPotion"},{"floor":55,"key":"LiquidMemories"}],"is_trial":false,"path_per_floor":["M","?","M","?","M","R","M","?","T","T","E","R","E","M","R","B",null,"M","M","M","$","M","R","E","M","T","M","E","R","T","E","R","B",null,"M","M","?","?","$","R","E","R","T","T","M","E","M","M","R","B","B",null,"R","$","E","B"],"character_chosen":"DEFECT","basemod:card_modifiers":[null,null,null,null,null,null,null,null,null,null,null,null,null,null,null,null,null,null,null,null,null,null,null,null,null,null,null,null],"items_purchased":["DataDisk","Capacitor","Cold Snap","Bird Faced Urn","Compile Driver","DistilledChaos"],"campfire_rested":2,"item_purchase_floors":[21,21,21,39,39,54],"current_hp_per_floor":[62,41,31,24,24,45,44,44,44,44,27,27,36,43,43,31,56,60,64,53,53,37,56,44,53,53,48,37,37,37,30,30,39,65,71,53,44,44,44,44,71,71,71,71,55,46,70,71,71,51,68,70,70,70,19,0],"gold":54,"neow_bonus":"REMOVE_CARD","is_prod":false,"is_daily":false,"rewards_skipped":[{"floor":19,"relics":[],"potions":["SpeedPotion"]}],"chose_seed":false,"campfire_upgraded":7,"win_rate":0,"floor_exit_playtime":[339,343,410,415,441,446,479,483,486,489,565,595,679,736,751,900,923,964,1023,1137,1165,1271,1276,1371,1460,1463,1570,1652,1659,1669,1756,1765,1948,1969,2014,2130,2161,2165,2195,2209,2442,2447,2453,2455,2580,2776,2923,3060,3065,3362,3754,45812,45826,45902,46210],"timestamp":1697690306,"blue_key_relic_skipped_log":{"floor":30,"relicID":"MawBank"},"path_taken":["M","?","M","?","M","R","M","?","T","?","E","R","E","M","R","BOSS","M","?","M","$","M","R","E","M","T","M","E","R","?","E","R","BOSS","M","?","?","?","$","R","E","R","T","?","M","E","?","M","R","BOSS","BOSS","R","$","E","BOSS"],"build_version":"2022-12-18","purchased_purges":3,"victory":false,"max_hp_per_floor":[71,71,71,71,71,71,71,64,64,64,64,64,64,64,64,64,64,64,64,64,64,64,64,64,64,64,64,64,64,64,64,64,64,71,71,71,71,71,71,71,71,71,71,71,71,71,71,71,71,71,71,71,71,71,71,71],"relic_stats":{"Inserter":[74],"Torii":73,"counters":[29,189],"Golden Idol":188,"CeramicFish":36,"StoneCalendar":[170],"Pen Nib":[12],"Omamori":1,"Whetstone":["Compile Driver","Compile Driver"],"White Beast Statue":[0.0,0.0,0.0,0.4,0.0,0.6000000000000001,0.0,0.0,0.0,0.0,0.0,9.763344691200006],"Bronze Scales":[418],"Bird Faced Urn":[158],"Prayer Wheel":7,"obtain_stats":[{"Potion Belt":13,"Inserter":17,"Torii":9,"Golden Idol":8,"CeramicFish":43,"StoneCalendar":44,"Pen Nib":31,"Omamori":28,"Whetstone":41,"White Beast Statue":10,"Calling Bell":34,"Du-Vu Doll":46,"CaptainsWheel":11,"DataDisk":21,"Bronze Scales":26,"Strawberry":34,"Bird Faced Urn":39,"Prayer Wheel":24,"Cracked Core":0,"Symbiotic Virus":34,"TungstenRod":34,"Toy Ornithopter":55},{"Potion Belt":6,"Inserter":8,"Torii":4,"Golden Idol":4,"CeramicFish":21,"StoneCalendar":21,"Pen Nib":17,"Omamori":16,"Whetstone":21,"White Beast Statue":4,"Calling Bell":18,"Du-Vu Doll":23,"CaptainsWheel":5,"DataDisk":11,"Bronze Scales":14,"Strawberry":18,"Bird Faced Urn":20,"Prayer Wheel":13,"Cracked Core":0,"Symbiotic Virus":18,"TungstenRod":18,"Toy Ornithopter":28},{"Potion Belt":22,"Inserter":35,"Torii":12,"Golden Idol":12,"CeramicFish":118,"StoneCalendar":118,"Pen Nib":81,"Omamori":76,"Whetstone":118,"White Beast Statue":12,"Calling Bell":95,"Du-Vu Doll":132,"CaptainsWheel":19,"DataDisk":51,"Bronze Scales":66,"Strawberry":95,"Bird Faced Urn":104,"Prayer Wheel":61,"Cracked Core":0,"Symbiotic Virus":95,"TungstenRod":95,"Toy Ornithopter":187}],"TungstenRod":33,"Toy Ornithopter":15},"card_choices":[{"not_picked":["Coolheaded","Redo"],"picked":"Ball Lightning","floor":1.0},{"not_picked":["Tempest","Auto Shields"],"picked":"Compile Driver","floor":3.0},{"not_picked":["Auto Shields","Reprogram"],"picked":"FTL","floor":5.0},{"not_picked":["Sweeping Beam","Fusion"],"picked":"Ball Lightning","floor":7.0},{"not_picked":["Creative AI","Rip and Tear"],"picked":"Self Repair","floor":11.0},{"not_picked":["Compile Driver","Beam Cell","Rebound"],"picked":"SKIP","floor":13.0},{"not_picked":["Steam","Genetic Algorithm"],"picked":"Barrage","floor":14.0},{"not_picked":["Core Surge","Electrodynamics"],"picked":"Biased Cognition","floor":16.0},{"not_picked":["Aggregate","Self Repair"],"picked":"Chaos+1","floor":18.0},{"not_picked":["Stack","Blizzard"],"picked":"Consume","floor":19.0},{"not_picked":["Ball Lightning","Sunder+1","Blizzard"],"picked":"SKIP","floor":20.0},{"not_picked":["Steam Power","Barrage+1","Darkness"],"picked":"SKIP","floor":22.0},{"not_picked":["Recycle","Leap","Steam Power"],"picked":"SKIP","floor":24.0},{"not_picked":["Recycle","Leap","Steam Power"],"picked":"SKIP","floor":24.0},{"not_picked":["Beam Cell","Rip and Tear"],"picked":"Steam+1","floor":25.0},{"not_picked":["Scrape+1","Turbo","Barrage"],"picked":"SKIP","floor":25.0},{"not_picked":["Heatsinks","Stack"],"picked":"BootSequence","floor":27.0},{"not_picked":["Streamline","Storm","Recycle"],"picked":"SKIP","floor":27.0},{"not_picked":["Blizzard+1","Gash"],"picked":"Chaos+1","floor":28.0},{"not_picked":["Lockon","Melter"],"picked":"Cold Snap+1","floor":31.0},{"not_picked":["Electrodynamics","All For One"],"picked":"Creative AI","floor":33.0},{"not_picked":["Leap+1","Barrage"],"picked":"Seek","floor":35.0},{"not_picked":["Stack+1","Steam","Go for the Eyes"],"picked":"SKIP","floor":35.0},{"not_picked":["Redo","Cold Snap"],"picked":"Chill","floor":36.0},{"not_picked":["Blizzard","Cold Snap+1","Gash"],"picked":"SKIP","floor":36.0},{"not_picked":["Bandage Up","Mind Blast","Purity"],"picked":"SKIP","floor":37.0},{"not_picked":["Bandage Up","Madness","Mind Blast"],"picked":"SKIP","floor":37.0},{"not_picked":["Mind Blast","Metamorphosis","Bandage Up"],"picked":"SKIP","floor":37.0},{"not_picked":["Streamline+1","Darkness","Blizzard"],"picked":"SKIP","floor":41.0},{"not_picked":["Streamline+1","Darkness","Blizzard"],"picked":"SKIP","floor":41.0},{"not_picked":["Tempest","Steam+1"],"picked":"Hologram+1","floor":45.0},{"not_picked":["Redo","Leap"],"picked":"Turbo+1","floor":45.0},{"not_picked":["Blizzard","Cold Snap","Creative AI"],"picked":"SKIP","floor":46.0},{"not_picked":["Cold Snap","Go for the Eyes+1"],"picked":"Coolheaded","floor":47.0},{"not_picked":["Streamline","FTL+1"],"picked":"Redo+1","floor":47.0},{"not_picked":["Double Energy","Multi-Cast","Beam Cell+1"],"picked":"SKIP","floor":48.0},{"not_picked":["Beam Cell","Storm","Barrage"],"picked":"SKIP","floor":48.0},{"not_picked":["Go for the Eyes","Fusion","Leap"],"picked":"SKIP","floor":55}],"player_experience":2139406,"relics_obtained":[{"floor":9.0,"key":"Torii"},{"floor":10.0,"key":"White Beast Statue"},{"floor":11.0,"key":"CaptainsWheel"},{"floor":13.0,"key":"Potion Belt"},{"floor":24.0,"key":"Prayer Wheel"},{"floor":26.0,"key":"Bronze Scales"},{"floor":28.0,"key":"Omamori"},{"floor":31.0,"key":"Pen Nib"},{"floor":34.0,"key":"Strawberry"},{"floor":34.0,"key":"Symbiotic Virus"},{"floor":34.0,"key":"TungstenRod"},{"floor":41.0,"key":"Whetstone"},{"floor":43.0,"key":"CeramicFish"},{"floor":44.0,"key":"StoneCalendar"},{"floor":46.0,"key":"Du-Vu Doll"},{"floor":55,"key":"Toy Ornithopter"}],"event_choices":[{"damage_healed":0.0,"max_hp_gain":0.0,"max_hp_loss":0.0,"gold_gain":0.0,"event_name":"Shining Light","player_choice":"Entered Light","floor":2.0,"gold_loss":0.0,"damage_taken":21.0,"cards_upgraded":["Defend_B","Strike_B"]},{"cards_removed":["Strike_B"],"damage_healed":0.0,"max_hp_gain":0.0,"max_hp_loss":0.0,"gold_gain":0.0,"event_name":"Golden Wing","player_choice":"Card Removal","floor":4.0,"gold_loss":0.0,"damage_taken":7.0},{"damage_healed":0.0,"max_hp_gain":0.0,"max_hp_loss":7.0,"gold_gain":0.0,"event_name":"Golden Idol","player_choice":"Lose Max HP","floor":8.0,"gold_loss":0.0,"damage_taken":0.0,"relics_obtained":["Golden Idol"]},{"damage_healed":0.0,"max_hp_gain":0.0,"max_hp_loss":0.0,"gold_gain":0.0,"event_name":"SensoryStone","player_choice":"Memory 3","floor":37.0,"gold_loss":0.0,"damage_taken":10.0},{"cards_removed":["Defend_B"],"damage_healed":0.0,"max_hp_gain":0.0,"max_hp_loss":0.0,"gold_gain":0.0,"event_name":"Falling","player_choice":"Removed Skill","floor":38.0,"gold_loss":0.0,"damage_taken":0.0}],"is_beta":false,"boss_relics":[{"not_picked":["FrozenCore","Snecko Eye"],"picked":"Inserter"},{"not_picked":["Busted Crown","Sozu"],"picked":"Calling Bell"}],"items_purged_floors":[21,39,54],"is_endless":false,"potions_floor_spawned":[3,7,11,13,14,16,18,19,20,22,24,25,27,28,31,33,35,36,41,45,46,47,48,55],"killed_by":"The Heart","ascension_level":20,"potion_discard_per_floor":[[],[],[],[],[],[],[],[],[],[],[],[],[],[],[],[],[],[],[],["SpeedPotion"],[],[],[],[],[],[],[],[],[],[],[],[],[],[],["SmokeBomb"],[],[],[],[],[],[],[],[],[],[],[],[],["ColorlessPotion"],[],[],[],[],[],[],[],[]]}