{"neow_bonuses_skipped_log":["ONE_RANDOM_RARE_CARD","ONE_RARE_RELIC","BOSS_RELIC"],"neow_costs_skipped_log":["NONE","PERCENT_DAMAGE","NONE"],"potions_obtained_entropic_brew":[[],[],[],[],[],[],[],[],[],[],[],[],[],[],[],[],[],[],[],[],[],[],[],[],[],[],[],[],[],[],[],[],[],[],[],[],[],[],[],[]],"gold_per_floor":[116,266,284,87,101,127,127,127,177,197,226,243,243,261,261,335,335,353,166,166,183,183,208,208,542,542,542,542,556,591,604,604,679,679,695,714,418,434,40,40],"floor_reached":40,"playtime":1162,"items_purged":["Doubt","Strike_B","Strike_B+1","Sweeping Beam"],"score":987,"play_id":"a2ab1450-d497-458c-9c9d-54c0daaa31c2","local_time":"20231024231500","score_breakdown":["Floors Climbed (40): 200","Enemies Slain (13): 26","Exordium Elites Killed (2): 20","City Elites Killed (3): 60","Beyond Elites Killed (0): 0","Bosses Slain (2): 150","Money Money (1015): 25","Champion (1): 25","Ascension (20): 481"],"is_ascension_mode":true,"potions_obtained_alchemize":[[],[],[],[],[],[],[],[],[],[],[],[],[],[],[],[],[],[],[],[],[],[],[],[],[],[],[],[],[],[],[],[],[],[],[],[],[],[],[],[]],"campfire_choices":[{"floor":8,"key":"REST"},{"data":"Barrage","floor":13,"key":"SMITH"},{"data":"Zap","floor":15,"key":"SMITH"},{"floor":24,"key":"REST"},{"data":"Defragment","floor":27,"key":"SMITH"},{"floor":32,"key":"REST"}],"lesson_learned_per_floor":[[],[],[],[],[],[],[],[],[],[],[],[],[],[],[],[],[],[],[],[],[],[],[],[],[],[],[],[],[],[],[],[],[],[],[],[],[],[],[],[]],"neow_cost":"NONE","improvable_cards":{},"seed_source_timestamp":3271285337337700,"shop_contents":[{"floor":4,"relics":["Bottled Flame","CaptainsWheel","PrismaticShard"],"cards":["Double Energy","Tempest","Loop","Good Instincts","Secret Technique"],"potions":["Dexterity Potion","Dexterity Potion","Regen Potion"]},{"floor":19,"relics":["Vajra","Bag of Marbles","Chemical X"],"cards":["Lockon+1","Blizzard+1","Redo","Amplify","Mind Blast+1","Sadistic Nature"],"potions":["PowerPotion","SkillPotion","Explosive Potion"]},{"floor":37,"relics":["Girya","Happy Flower"],"cards":["Streamline+1","Core Surge+1","Double Energy","Recycle","Static Discharge","Deep Breath","Panache"],"potions":["SpeedPotion","BlessingOfTheForge","Weak Potion"]},{"floor":39,"relics":["Singing Bowl","Bronze Scales","ClockworkSouvenir"],"cards":["Barrage+1","White Noise","Dark Shackles","Transmutation"],"potions":["EssenceOfSteel","PowerPotion","Explosive Potion"]}],"circlet_count":0,"master_deck":["AscendersBane","Defend_B","Defend_B","Defend_B","Zap+1","Dualcast","Barrage+1","Doom and Gloom","Rip and Tear","Compile Driver","Hologram","Conserve Battery","Beam Cell+1","Lockon+1","Self Repair","Core Surge+1","Defragment+1","Capacitor","Turbo","White Noise","Aggregate","Static Discharge+1","Tempest+1","Steam Power+1","Ball Lightning+1","Capacitor","Meteor Strike+1","Cold Snap+1","Defragment","Glacier","Thunder Strike+1"],"potion_use_per_floor":[[],[],[],[],[],[],[],[],[],[],["FearPotion"],[],[],[],[],["ColorlessPotion"],[],["Energy Potion"],[],[],[],[],["Block Potion"],[],[],[],[],[],[],["BlessingOfTheForge"],[],[],[],[],[],[],[],["FearPotion"],[],[]],"relics":["Cracked Core","Whetstone","PreservedInsect","Akabeko","Dream Catcher","Molten Egg 2","Runic Pyramid","Mercury Hourglass","Old Coin","Bottled Lightning","Unceasing Top","Coffee Dripper","OrangePellets"],"potions_floor_usage":[11,16,18,23,30,38],"damage_taken":[{"damage":2,"enemies":"Jaw Worm","floor":1,"turns":3},{"damage":0,"enemies":"2 Louse","floor":3,"turns":2},{"damage":1,"enemies":"Cultist","floor":5,"turns":3},{"damage":30,"enemies":"3 Sentries","floor":6,"turns":5},{"damage":0,"enemies":"Blue Slaver","floor":10,"turns":1},{"damage":0,"enemies":"Gremlin Nob","floor":11,"turns":2},{"damage":4,"enemies":"2 Fungi Beasts","floor":12,"turns":3},{"damage":0,"enemies":"Exordium Wildlife","floor":14,"turns":2},{"damage":47,"enemies":"Hexaghost","floor":16,"turns":8},{"damage":7,"enemies":"Chosen","floor":18,"turns":3},{"damage":12,"enemies":"3 Byrds","floor":21,"turns":4},{"damage":26,"enemies":"Slavers","floor":23,"turns":5},{"damage":13,"enemies":"Gremlin Leader","floor":25,"turns":5},{"damage":17,"enemies":"Sentry and Sphere","floor":29,"turns":4},{"damage":24,"enemies":"Book of Stabbing","floor":30,"turns":3},{"damage":0,"enemies":"3 Cultists","floor":31,"turns":3},{"damage":20,"enemies":"Automaton","floor":33,"turns":6},{"damage":17,"enemies":"3 Darklings","floor":35,"turns":3},{"damage":11,"enemies":"Orb Walker","floor":36,"turns":2},{"damage":20,"enemies":"Sphere and 2 Shapes","floor":38,"turns":3},{"damage":32,"enemies":"Reptomancer","floor":40,"turns":2}],"seed_played":"-5294555008573525876","neow_bonus_log":{"cardsObtained":[],"cardsUpgraded":[],"cardsRemoved":[],"cardsTransformed":[],"relicsObtained":["Whetstone"],"maxHpGained":0,"goldGained":0,"damageTaken":0,"goldLost":0,"maxHpLost":0},"potions_obtained":[{"floor":5,"key":"FearPotion"},{"floor":10,"key":"ColorlessPotion"},{"floor":12,"key":"Energy Potion"},{"floor":21,"key":"Block Potion"},{"floor":25,"key":"BlessingOfTheForge"},{"floor":30,"key":"FearPotion"},{"floor":35,"key":"PotionOfCapacity"}],"is_trial":false,"path_per_floor":["M","?","M","$","M","E","?","R","T","M","E","M","R","M","R","B",null,"M","$","?","M","?","E","R","E","T","R","?","M","E","M","R","B",null,"M","M","$","M","$","E"],"character_chosen":"DEFECT","basemod:card_modifiers":[null,null,null,null,null,null,null,null,null,null,null,null,null,null,null,null,null,null,null,null,null,null,null,null,null,null,null,null,null,null,null],"items_purchased":["Doom and Gloom","Rip and Tear","Capacitor","OrangePellets","Defragment","Glacier","Thunder Strike+1"],"campfire_rested":3,"item_purchase_floors":[4,4,19,37,39,39,39],"current_hp_per_floor":[62,62,62,62,61,31,31,52,52,52,52,48,48,48,48,1,54,54,54,54,49,49,30,51,45,45,45,45,35,21,21,42,29,61,44,33,33,20,20,0],"gold":40,"neow_bonus":"RANDOM_COMMON_RELIC","is_prod":false,"is_daily":false,"rewards_skipped":[{"floor":14,"relics":[],"potions":["Swift Potion"]}],"chose_seed":false,"campfire_upgraded":3,"win_rate":0,"floor_exit_playtime":[44,50,73,91,112,162,179,185,188,208,234,263,277,299,308,386,398,435,449,454,501,518,587,599,659,670,676,693,743,784,847,853,944,960,1009,1040,1060,1107,1131],"timestamp":1698203700,"path_taken":["M","?","M","$","M","E","?","R","T","M","E","M","R","M","R","BOSS","M","$","?","M","?","E","R","E","T","R","?","M","E","?","R","BOSS","M","M","$","M","$","E"],"build_version":"2022-12-18","purchased_purges":4,"victory":false,"max_hp_per_floor":[71,71,71,71,71,71,71,71,71,71,71,71,71,71,71,71,71,71,71,71,71,71,71,71,71,71,71,71,71,71,71,71,71,71,71,71,71,71,71,71],"relic_stats":{"OrangePellets":[0],"Dream Catcher":2,"counters":[21,72],"PreservedInsect":218,"Whetstone":["Strike_B","Strike_B"],"Bottled Lightning":"Aggregate","obtain_stats":[{"PreservedInsect":6,"Whetstone":0,"Akabeko":7,"Mercury Hourglass":23,"Old Coin":25,"OrangePellets":37,"Dream Catcher":9,"Molten Egg 2":11,"Coffee Dripper":34,"Bottled Lightning":26,"Cracked Core":0,"Unceasing Top":30,"Runic Pyramid":17},{"PreservedInsect":4,"Whetstone":0,"Akabeko":4,"Mercury Hourglass":12,"Old Coin":13,"OrangePellets":19,"Dream Catcher":4,"Molten Egg 2":6,"Coffee Dripper":17,"Bottled Lightning":13,"Cracked Core":0,"Unceasing Top":15,"Runic Pyramid":9},{"PreservedInsect":13,"Whetstone":0,"Akabeko":13,"Mercury Hourglass":41,"Old Coin":46,"OrangePellets":67,"Dream Catcher":13,"Molten Egg 2":16,"Coffee Dripper":62,"Bottled Lightning":46,"Cracked Core":0,"Unceasing Top":53,"Runic Pyramid":29}],"Unceasing Top":[0],"Mercury Hourglass":[150]},"card_choices":[{"not_picked":["Turbo","Steam"],"picked":"Sweeping Beam","floor":1},{"not_picked":["Turbo","Go for the Eyes"],"picked":"Barrage","floor":3},{"not_picked":["Go for the Eyes","FTL"],"picked":"Compile Driver","floor":5},{"not_picked":["Aggregate","Consume"],"picked":"Hologram","floor":6},{"not_picked":["BootSequence","Hologram"],"picked":"Conserve Battery","floor":10},{"not_picked":["Steam","Ball Lightning+1"],"picked":"Beam Cell+1","floor":11},{"not_picked":["Tempest","Go for the Eyes+1"],"picked":"Lockon+1","floor":12},{"not_picked":["Melter+1","Core Surge+1"],"picked":"Self Repair","floor":14},{"not_picked":["Hyperbeam+1","Buffer"],"picked":"Core Surge+1","floor":16},{"not_picked":["Conserve Battery","Steam"],"picked":"Defragment","floor":18},{"not_picked":["Rebound+1","Gash+1","Conserve Battery"],"picked":"SKIP","floor":21},{"not_picked":["Steam Power","Rebound+1"],"picked":"Aggregate","floor":23},{"not_picked":["Barrage+1","Reinforced Body"],"picked":"Static Discharge+1","floor":24},{"not_picked":["Rebound+1","Hello World","Barrage+1"],"picked":"SKIP","floor":25},{"not_picked":["Force Field","Steam"],"picked":"Tempest+1","floor":29},{"not_picked":["Steam","All For One+1"],"picked":"Steam Power+1","floor":30},{"not_picked":["Conserve Battery","Compile Driver+1"],"picked":"Ball Lightning+1","floor":31},{"not_picked":["Steam","Genetic Algorithm"],"picked":"Capacitor","floor":32},{"not_picked":["Biased Cognition","Creative AI"],"picked":"Meteor Strike+1","floor":33},{"not_picked":["Streamline+1","Loop"],"picked":"Cold Snap+1","floor":35},{"not_picked":["Steam","Hologram","Blizzard+1"],"picked":"SKIP","floor":36},{"not_picked":["Leap","Sunder+1","Sweeping Beam+1"],"picked":"SKIP","floor":38}],"player_experience":2195735,"relics_obtained":[{"floor":6,"key":"PreservedInsect"},{"floor":7,"key":"Akabeko"},{"floor":9,"key":"Dream Catcher"},{"floor":11,"key":"Molten Egg 2"},{"floor":23,"key":"Mercury Hourglass"},{"floor":25,"key":"Old Coin"},{"floor":26,"key":"Bottled Lightning"},{"floor":30,"key":"Unceasing Top"}],"event_choices":[{"damage_healed":0,"gold_gain":150,"player_choice":"AGREE","damage_taken":0,"max_hp_gain":0,"max_hp_loss":0,"event_name":"Liars Game","floor":2,"gold_loss":0,"cards_obtained":["Doubt"]},{"damage_healed":0,"gold_gain":0,"player_choice":"Relic","damage_taken":0,"max_hp_gain":0,"max_hp_loss":0,"event_name":"Wheel of Change","floor":7,"gold_loss":0},{"damage_healed":0,"gold_gain":0,"player_choice":"Ignored","damage_taken":0,"max_hp_gain":0,"max_hp_loss":0,"event_name":"The Mausoleum","floor":20,"gold_loss":0},{"damage_healed":0,"gold_gain":0,"cards_transformed":["Strike_B","Strike_B"],"player_choice":"Became Test Subject","damage_taken":0,"max_hp_gain":0,"max_hp_loss":0,"event_name":"Drug Dealer","floor":22,"gold_loss":0,"cards_obtained":["Turbo","White Noise"]},{"cards_removed":["Defend_B"],"damage_healed":0,"gold_gain":0,"player_choice":"Elegance","damage_taken":0,"max_hp_gain":0,"max_hp_loss":0,"event_name":"Back to Basics","floor":28,"gold_loss":0}],"is_beta":false,"boss_relics":[{"not_picked":["Inserter","Philosopher\u0027s Stone"],"picked":"Runic Pyramid"},{"not_picked":["Cursed Key","Velvet Choker"],"picked":"Coffee Dripper"}],"items_purged_floors":[4,19,37,39],"is_endless":false,"potions_floor_spawned":[5,10,12,14,21,25,30,35],"killed_by":"Reptomancer","ascension_level":20,"potion_discard_per_floor":[[],[],[],[],[],[],[],[],[],[],[],[],[],[],[],[],[],[],[],[],[],[],[],[],[],[],[],[],[],[],[],[],[],[],[],[],[],[],[],[]]}