{"neow_bonuses_skipped_log":["REMOVE_CARD","RANDOM_COMMON_RELIC","BOSS_RELIC"],"neow_costs_skipped_log":["NONE","NONE","NONE"],"potions_obtained_entropic_brew":[[],[],[],[],[],[],[],[],[],[],[],[],[],[],[],[],[],[],[],[],[],[],[],[],[],[],[],[],[],[],[],[],[],[],[],[],[],[],[],[],[],[],[],[]],"gold_per_floor":[369,8,8,28,42,76,76,108,108,124,144,179,179,192,192,268,268,286,314,330,101,112,112,140,140,140,140,11,38,48,65,65,139,139,155,167,184,1183,999,1025,1045,1056,1082,1082],"floor_reached":44,"playtime":2233,"items_purged":["Normality","Strike_B","Normality"],"score":1029,"play_id":"ff210937-1885-4332-95bd-0d3113293b46","local_time":"20231022190253","score_breakdown":["Floors Climbed (44): 220","Enemies Slain (16): 32","Exordium Elites Killed (3): 30","City Elites Killed (2): 40","Beyond Elites Killed (1): 30","Bosses Slain (2): 150","Money Money (1966): 25","Ascension (20): 502"],"is_ascension_mode":true,"potions_obtained_alchemize":[[],[],[],[],[],[],[],[],[],[],[],[],[],[],[],[],[],[],[],[],[],[],[],[],[],[],[],[],[],[],[],[],[],[],[],[],[],[],[],[],[],[],[],[]],"campfire_choices":[{"data":"Ball Lightning","floor":7.0,"key":"SMITH"},{"data":"Darkness","floor":15.0,"key":"SMITH"},{"floor":23.0,"key":"REST"},{"floor":27.0,"key":"REST"},{"data":"Seek","floor":32.0,"key":"SMITH"}],"lesson_learned_per_floor":[[],[],[],[],[],[],[],[],[],[],[],[],[],[],[],[],[],[],[],[],[],[],[],[],[],[],[],[],[],[],[],[],[],[],[],[],[],[],[],[],[],[],[],[]],"neow_cost":"CURSE","improvable_cards":{"Genetic Algorithm":[33]},"seed_source_timestamp":3082233315980800,"shop_contents":[{"floor":2,"relics":["Toy Ornithopter"],"cards":["Scrape","Fusion","Redo","Loop","Deep Breath","Magnetism"],"potions":["Swift Potion","DistilledChaos","Regen Potion"]},{"floor":21,"relics":["Pen Nib","Strange Spoon"],"cards":["Rip and Tear","Cold Snap","Stack","Redo","Swift Strike","Metamorphosis"],"potions":["Explosive Potion","SneckoOil","Dexterity Potion"]},{"floor":28,"relics":["Nunchaku","Mercury Hourglass"],"cards":["Gash","Doom and Gloom","Coolheaded","Leap","Deep Breath","HandOfGreed"],"potions":["Energy Potion","Dexterity Potion","LiquidBronze"]},{"floor":39,"relics":["Frozen Egg 2","Cauldron"],"cards":["Blizzard","Sunder","Chill","Hello World","Blind","Transmutation"],"potions":["Explosive Potion","EssenceOfSteel","EssenceOfDarkness"]}],"circlet_count":0,"master_deck":["AscendersBane","Zap+1","Dualcast","Compile Driver","FTL","Ball Lightning+1","Skim","Reinforced Body","Hologram","Defragment+1","Seek+1","Darkness+1","Genetic Algorithm","Biased Cognition","Redo","Coolheaded","Self Repair","Coolheaded","Hologram","Defragment","Consume+1","Multi-Cast","Melter","Core Surge","Core Surge","Doom and Gloom","Creative AI","Compile Driver+1","Chill+1","Normality","Glacier","Lockon"],"special_seed":0,"potion_use_per_floor":[[],[],[],[],[],[],[],["DuplicationPotion"],[],[],[],[],[],[],[],[],[],[],[],[],[],["FearPotion"],[],["SpeedPotion"],[],[],[],[],[],[],[],[],["PotionOfCapacity","AttackPotion"],[],[],[],[],[],[],[],[],[],[],["PowerPotion","Block Potion"]],"relics":["Cracked Core","Membership Card","Symbiotic Virus","Vajra","Meat on the Bone","Gremlin Horn","Letter Opener","Empty Cage","Red Mask","Bottled Lightning","Blue Candle","InkBottle","Lee\u0027s Waffle","Art of War","Pandora\u0027s Box","Centennial Puzzle","Regal Pillow"],"potions_floor_usage":[44,44],"damage_taken":[{"damage":2.0,"enemies":"2 Louse","floor":1.0,"turns":3.0},{"damage":1.0,"enemies":"Cultist","floor":4.0,"turns":3.0},{"damage":2.0,"enemies":"Jaw Worm","floor":5.0,"turns":3.0},{"damage":14.0,"enemies":"Gremlin Nob","floor":6.0,"turns":3.0},{"damage":10.0,"enemies":"Lagavulin","floor":8.0,"turns":5.0},{"damage":0.0,"enemies":"3 Louse","floor":10.0,"turns":2.0},{"damage":11.0,"enemies":"Large Slime","floor":11.0,"turns":5.0},{"damage":13.0,"enemies":"3 Sentries","floor":12.0,"turns":7.0},{"damage":0.0,"enemies":"2 Fungi Beasts","floor":14.0,"turns":2.0},{"damage":2.0,"enemies":"Slime Boss","floor":16.0,"turns":6.0},{"damage":25.0,"enemies":"Chosen","floor":18.0,"turns":5.0},{"damage":11.0,"enemies":"Masked Bandits","floor":19.0,"turns":3.0},{"damage":31.0,"enemies":"2 Thieves","floor":20.0,"turns":3.0},{"damage":18.0,"enemies":"Centurion and Healer","floor":22.0,"turns":5.0},{"damage":28.0,"enemies":"Gremlin Leader","floor":24.0,"turns":7.0},{"damage":15.0,"enemies":"Book of Stabbing","floor":29.0,"turns":4.0},{"damage":9.0,"enemies":"Shelled Parasite and Fungi","floor":30.0,"turns":4.0},{"damage":10.0,"enemies":"3 Cultists","floor":31.0,"turns":5.0},{"damage":16.0,"enemies":"Automaton","floor":33.0,"turns":7.0},{"damage":11.0,"enemies":"3 Shapes","floor":35.0,"turns":5.0},{"damage":12.0,"enemies":"Orb Walker","floor":36.0,"turns":4.0},{"damage":17.0,"enemies":"Writhing Mass","floor":37.0,"turns":6.0},{"damage":5.0,"enemies":"Nemesis","floor":40.0,"turns":10.0},{"damage":22,"enemies":"Spire Growth","floor":41,"turns":8},{"damage":3,"enemies":"4 Shapes","floor":42,"turns":5},{"damage":63,"enemies":"Giant Head","floor":44,"turns":6}],"green_key_taken_log":12,"seed_played":"2729765239764739682","neow_bonus_log":{"cardsObtained":["Normality"],"cardsUpgraded":[],"cardsRemoved":[],"cardsTransformed":[],"relicsObtained":[],"maxHpGained":0,"goldGained":250,"damageTaken":0,"goldLost":0,"maxHpLost":0},"potions_obtained":[{"floor":6.0,"key":"DuplicationPotion"},{"floor":10.0,"key":"PotionOfCapacity"},{"floor":11.0,"key":"FearPotion"},{"floor":22.0,"key":"SpeedPotion"},{"floor":31.0,"key":"AttackPotion"},{"floor":33.0,"key":"PowerPotion"},{"floor":36.0,"key":"BlessingOfTheForge"},{"floor":41,"key":"Block Potion"}],"is_trial":false,"path_per_floor":["M","$","?","M","M","E","R","E","T","M","M","E","?","M","R","B",null,"M","?","M","$","M","R","E","?","T","R","$","E","M","M","R","B",null,"M","M","M","?","$","E","M","M","T","E"],"character_chosen":"DEFECT","basemod:card_modifiers":[null,null,null,null,null,null,null,null,null,null,null,null,null,null,null,null,null,null,null,null,null,null,null,null,null,null,null,null,null,null,null,null],"items_purchased":["Membership Card","Symbiotic Virus","FTL","Self Repair","Bottled Lightning","Defragment","Lee\u0027s Waffle","Centennial Puzzle","Glacier"],"campfire_rested":2,"item_purchase_floors":[2,2,2,21,21,28,28,39,39],"current_hp_per_floor":[62,62,62,61,59,45,45,35,35,47,36,35,35,47,47,45,65,40,41,22,22,16,37,28,8,8,30,83,75,73,70,70,61,78,74,69,59,59,59,61,51,55,55,0],"gold":1082,"neow_bonus":"TWO_FIFTY_GOLD","is_prod":false,"is_daily":false,"rewards_skipped":[{"floor":12,"relics":[],"potions":["Weak Potion"]},{"floor":14,"relics":[],"potions":["DistilledChaos"]},{"floor":19,"relics":[],"potions":["EssenceOfSteel"]},{"floor":20,"relics":[],"potions":["ColorlessPotion"]},{"floor":37,"relics":[],"potions":["EssenceOfSteel"]}],"chose_seed":false,"campfire_upgraded":3,"win_rate":0,"floor_exit_playtime":[84,97,104,129,167,204,212,279,282,309,367,476,482,510,517,591,605,668,734,787,801,888,892,1011,1015,1017,1020,1029,1103,1181,1257,1265,1419,1437,1525,1611,1735,1747,1774,1931,2052,2146,2150],"timestamp":1698015773,"blue_key_relic_skipped_log":{"floor":43,"relicID":"Strawberry"},"path_taken":["M","$","?","M","M","E","R","E","T","M","?","E","?","M","R","BOSS","M","?","M","$","M","R","E","?","T","R","$","E","M","M","R","BOSS","M","M","M","?","$","E","M","M","T","E"],"build_version":"2022-12-18","purchased_purges":3,"victory":false,"max_hp_per_floor":[71,71,71,71,71,71,71,71,71,71,71,71,71,71,71,71,71,71,71,71,71,71,71,71,76,76,76,83,83,83,83,83,83,83,83,83,83,83,83,83,83,83,83,83],"relic_stats":{"Lee\u0027s Waffle":53,"Regal Pillow":0,"Gremlin Horn":[26,26],"counters":[26,126],"Blue Candle":[2],"Letter Opener":[290],"Centennial Puzzle":[12],"Pandora\u0027s Box":["Melter","Core Surge","Core Surge","Doom and Gloom","Creative AI"],"Art of War":[24],"Membership Card":735,"Bottled Lightning":"Seek","obtain_stats":[{"Lee\u0027s Waffle":28,"Regal Pillow":40,"Gremlin Horn":9,"Blue Candle":24,"Vajra":6,"Letter Opener":12,"Empty Cage":17,"Centennial Puzzle":39,"Pandora\u0027s Box":34,"Red Mask":19,"Art of War":29,"Membership Card":2,"Bottled Lightning":21,"Cracked Core":0,"Symbiotic Virus":2,"InkBottle":26,"Meat on the Bone":8},{"Lee\u0027s Waffle":15,"Regal Pillow":23,"Gremlin Horn":5,"Blue Candle":15,"Vajra":4,"Letter Opener":8,"Empty Cage":10,"Centennial Puzzle":22,"Pandora\u0027s Box":19,"Red Mask":12,"Art of War":16,"Membership Card":1,"Bottled Lightning":13,"Cracked Core":0,"Symbiotic Virus":1,"InkBottle":15,"Meat on the Bone":5},{"Lee\u0027s Waffle":62,"Regal Pillow":107,"Gremlin Horn":17,"Blue Candle":62,"Vajra":12,"Letter Opener":31,"Empty Cage":39,"Centennial Puzzle":97,"Pandora\u0027s Box":82,"Red Mask":47,"Art of War":66,"Membership Card":3,"Bottled Lightning":50,"Cracked Core":0,"Symbiotic Virus":3,"InkBottle":62,"Meat on the Bone":17}],"InkBottle":[25],"Meat on the Bone":96},"card_choices":[{"not_picked":["Chill","Fusion"],"picked":"Compile Driver","floor":1.0},{"not_picked":["Rebound","Rip and Tear"],"picked":"Ball Lightning","floor":4.0},{"not_picked":["Ball Lightning","Beam Cell"],"picked":"Skim","floor":5.0},{"not_picked":["Steam","Storm"],"picked":"Reinforced Body","floor":6.0},{"not_picked":["Barrage","Double Energy"],"picked":"Hologram","floor":8.0},{"not_picked":["Doom and Gloom","Beam Cell"],"picked":"Defragment","floor":10.0},{"not_picked":["Coolheaded","Ball Lightning"],"picked":"Seek","floor":11.0},{"not_picked":["Compile Driver","Gash"],"picked":"Darkness","floor":12.0},{"not_picked":["Sweeping Beam","Gash"],"picked":"Genetic Algorithm","floor":14.0},{"not_picked":["All For One","Amplify"],"picked":"Biased Cognition","floor":16.0},{"not_picked":["Doom and Gloom+1","Steam Power"],"picked":"Redo","floor":18.0},{"not_picked":["Heatsinks","Auto Shields","Hello World"],"picked":"SKIP","floor":19.0},{"not_picked":["Rebound","Compile Driver"],"picked":"Coolheaded","floor":20.0},{"not_picked":["Steam","Blizzard"],"picked":"Coolheaded","floor":22.0},{"not_picked":["Streamline","Reprogram"],"picked":"Hologram","floor":24.0},{"not_picked":["Gash","Steam"],"picked":"Consume+1","floor":29.0},{"not_picked":["Hologram","Steam","Cold Snap"],"picked":"SKIP","floor":30.0},{"not_picked":["Scrape","Skim","Meteor Strike"],"picked":"SKIP","floor":31.0},{"not_picked":["Biased Cognition","Electrodynamics"],"picked":"Multi-Cast","floor":33.0},{"not_picked":["Hologram","Barrage+1"],"picked":"Compile Driver+1","floor":35.0},{"not_picked":["Hologram","FTL"],"picked":"Chill+1","floor":36.0},{"not_picked":["Leap","BootSequence+1","Auto Shields"],"picked":"SKIP","floor":37.0},{"not_picked":["Conserve Battery","Thunder Strike","Streamline+1"],"picked":"SKIP","floor":40.0},{"not_picked":["FTL","Beam Cell"],"picked":"Lockon","floor":41},{"not_picked":["Reprogram+1","Barrage+1","BootSequence"],"picked":"SKIP","floor":42}],"player_experience":2187363,"relics_obtained":[{"floor":6.0,"key":"Vajra"},{"floor":8.0,"key":"Meat on the Bone"},{"floor":9.0,"key":"Gremlin Horn"},{"floor":12.0,"key":"Letter Opener"},{"floor":19.0,"key":"Red Mask"},{"floor":24.0,"key":"Blue Candle"},{"floor":26.0,"key":"InkBottle"},{"floor":29.0,"key":"Art of War"},{"floor":40.0,"key":"Regal Pillow"}],"event_choices":[{"damage_healed":0.0,"max_hp_gain":0.0,"max_hp_loss":0.0,"gold_gain":0.0,"event_name":"Upgrade Shrine","player_choice":"Upgraded","floor":3.0,"gold_loss":0.0,"damage_taken":0.0,"cards_upgraded":["Zap"]},{"damage_healed":0.0,"max_hp_gain":0.0,"max_hp_loss":0.0,"gold_gain":0.0,"event_name":"Living Wall","player_choice":"Grow","floor":13.0,"gold_loss":0.0,"damage_taken":0.0,"cards_upgraded":["Defragment"]},{"damage_healed":0.0,"max_hp_gain":0.0,"max_hp_loss":0.0,"gold_gain":0.0,"event_name":"Masked Bandits","player_choice":"Fought Bandits","floor":19.0,"gold_loss":0.0,"damage_taken":0.0},{"damage_healed":0.0,"max_hp_gain":5.0,"max_hp_loss":0.0,"gold_gain":0.0,"event_name":"Forgotten Altar","player_choice":"Shed Blood","floor":25.0,"gold_loss":0.0,"damage_taken":25.0},{"damage_healed":0.0,"max_hp_gain":0.0,"max_hp_loss":0.0,"gold_gain":999.0,"event_name":"MindBloom","player_choice":"Gold","floor":38.0,"gold_loss":0.0,"damage_taken":0.0,"cards_obtained":["Normality","Normality"]}],"is_beta":false,"boss_relics":[{"not_picked":["SlaversCollar","Snecko Eye"],"picked":"Empty Cage"},{"not_picked":["Black Star","FrozenCore"],"picked":"Pandora\u0027s Box"}],"items_purged_floors":[2,21,39],"is_endless":false,"potions_floor_spawned":[6,10,11,12,14,19,20,22,31,33,36,37,41],"killed_by":"Giant Head","ascension_level":20,"potion_discard_per_floor":[[],[],[],[],[],[],[],[],[],[],[],[],[],[],[],[],[],[],[],[],[],[],[],[],[],[],[],[],[],[],[],[],[],[],[],[],[],[],[],[],["BlessingOfTheForge"],[],[],[]]}