{"neow_bonuses_skipped_log":["TRANSFORM_CARD","RANDOM_COLORLESS_2","BOSS_RELIC"],"potions_obtained_entropic_brew":[[],[],[],[],[],[],[],[],[],[],[],[],[],[],[],[],[],[],[],[],[],[],[],[]],"neow_costs_skipped_log":["NONE","PERCENT_DAMAGE","NONE"],"gold_per_floor":[113,128,144,162,1,1,30,30,30,61,75,92,92,13,13,89,89,99,14,14,34,46,46,46],"floor_reached":24,"playtime":1029,"items_purged":["Strike_B"],"score":516,"play_id":"5a479ab1-aa96-4149-8c8c-a63b54b8a85d","local_time":"20231025114136","score_breakdown":["Floors Climbed (24): 120","Enemies Slain (9): 18","Exordium Elites Killed (2): 20","City Elites Killed (0): 0","Bosses Slain (1): 50","Perfect (1): 50","Ascension (20): 258"],"is_ascension_mode":true,"potions_obtained_alchemize":[[],[],[],[],[],[],[],[],[],[],[],[],[],[],[],[],[],[],[],[],[],[],[],[]],"campfire_choices":[{"data":"Rip and Tear","floor":6,"key":"SMITH"},{"data":"Zap","floor":8,"key":"SMITH"},{"data":"Barrage","floor":13,"key":"SMITH"},{"data":"Redo","floor":15,"key":"SMITH"},{"data":"Electrodynamics","floor":23,"key":"SMITH"}],"lesson_learned_per_floor":[[],[],[],[],[],[],[],[],[],[],[],[],[],[],[],[],[],[],[],[],[],[],[],[]],"neow_cost":"NONE","improvable_cards":{"Genetic Algorithm":[15]},"seed_source_timestamp":3316214228255400,"shop_contents":[{"floor":5,"relics":["Mummified Hand","Turnip","DollysMirror"],"cards":["Sweeping Beam","Barrage","Skim","Reprogram","Storm","Bandage Up","Secret Technique"],"potions":["Weak Potion","Strength Potion"]},{"floor":14,"relics":["White Beast Statue","Toy Ornithopter","Runic Capacitor"],"cards":["Streamline","Hologram","Hello World","Blind","Metamorphosis"],"potions":["EntropicBrew","Dexterity Potion","Strength Potion"]}],"circlet_count":0,"master_deck":["AscendersBane","Zap+1","Dualcast","Ball Lightning","Genetic Algorithm","Rip and Tear+1","Compile Driver","Barrage+1","Redo+1","Leap","Coolheaded","Compile Driver","Electrodynamics+1","Beam Cell","Darkness","Steam Power","Hologram","Loop","Multi-Cast","Leap+1","Loop","Hologram"],"potion_use_per_floor":[[],[],[],["SpeedPotion"],[],[],["DuplicationPotion"],[],[],["DistilledChaos"],[],[],[],[],[],["EssenceOfDarkness"],[],[],[],[],[],["Weak Potion"],[],[]],"relics":["Cracked Core","Centennial Puzzle","Blue Candle","StrikeDummy","Symbiotic Virus","Pandora\u0027s Box","Ancient Tea Set"],"potions_floor_usage":[4,7,10,16,22],"damage_taken":[{"damage":1,"enemies":"Cultist","floor":1,"turns":3},{"damage":0,"enemies":"2 Louse","floor":2,"turns":2},{"damage":4,"enemies":"Small Slimes","floor":3,"turns":3},{"damage":2,"enemies":"Exordium Wildlife","floor":4,"turns":3},{"damage":15,"enemies":"Lagavulin","floor":7,"turns":7},{"damage":5,"enemies":"3 Sentries","floor":10,"turns":5},{"damage":15,"enemies":"Gremlin Gang","floor":11,"turns":2},{"damage":0,"enemies":"2 Fungi Beasts","floor":12,"turns":2},{"damage":0,"enemies":"Slime Boss","floor":16,"turns":5},{"damage":10,"enemies":"3 Byrds","floor":18,"turns":4},{"damage":0,"enemies":"Spheric Guardian","floor":21,"turns":3},{"damage":16,"enemies":"Shelled Parasite and Fungi","floor":22,"turns":5},{"damage":36,"enemies":"Book of Stabbing","floor":24,"turns":4}],"seed_played":"3131766471626657018","neow_bonus_log":{"cardsObtained":[],"cardsUpgraded":[],"cardsRemoved":[],"cardsTransformed":[],"relicsObtained":["Centennial Puzzle"],"maxHpGained":0,"goldGained":0,"damageTaken":0,"goldLost":0,"maxHpLost":0},"potions_obtained":[{"floor":1,"key":"SpeedPotion"},{"floor":3,"key":"FocusPotion"},{"floor":7,"key":"DistilledChaos"},{"floor":10,"key":"PowerPotion"},{"floor":12,"key":"EssenceOfDarkness"},{"floor":18,"key":"Weak Potion"}],"is_trial":false,"path_per_floor":["M","M","M","M","$","R","E","R","T","E","M","M","R","$","R","B",null,"M","?","?","M","M","R","E"],"character_chosen":"DEFECT","basemod:card_modifiers":[null,null,null,null,null,null,null,null,null,null,null,null,null,null,null,null,null,null,null,null,null,null],"items_purchased":["DuplicationPotion","Coolheaded","Compile Driver"],"campfire_rested":0,"item_purchase_floors":[5,14,14],"current_hp_per_floor":[63,63,59,57,57,57,42,42,42,37,22,22,22,22,22,22,59,49,49,49,49,33,33,0],"gold":46,"neow_bonus":"RANDOM_COMMON_RELIC","is_prod":false,"is_daily":false,"rewards_skipped":[],"chose_seed":false,"campfire_upgraded":5,"win_rate":0,"floor_exit_playtime":[46,66,112,178,197,205,284,290,293,365,403,452,459,480,489,567,595,716,721,765,844,942,958],"timestamp":1698248496,"path_taken":["M","?","M","M","?","R","E","R","T","E","M","M","R","?","R","BOSS","M","?","?","M","M","R","E"],"build_version":"2022-12-18","purchased_purges":1,"victory":false,"max_hp_per_floor":[71,71,71,71,71,71,71,71,71,71,71,71,71,71,71,71,71,71,71,71,71,71,71,71],"relic_stats":{"Centennial Puzzle":[27],"counters":[13,48],"Blue Candle":[0],"Pandora\u0027s Box":["Beam Cell","Rip and Tear","Darkness","Steam Power","Hologram","Loop","Multi-Cast"],"Ancient Tea Set":[2],"obtain_stats":[{"Centennial Puzzle":0,"Blue Candle":7,"Pandora\u0027s Box":17,"Cracked Core":0,"StrikeDummy":9,"Symbiotic Virus":10,"Ancient Tea Set":19},{"Centennial Puzzle":0,"Blue Candle":5,"Pandora\u0027s Box":9,"Cracked Core":0,"StrikeDummy":5,"Symbiotic Virus":6,"Ancient Tea Set":10},{"Centennial Puzzle":0,"Blue Candle":18,"Pandora\u0027s Box":32,"Cracked Core":0,"StrikeDummy":18,"Symbiotic Virus":23,"Ancient Tea Set":36}]},"card_choices":[{"not_picked":["Steam","Self Repair"],"picked":"Ball Lightning","floor":1},{"not_picked":["Leap","Hello World"],"picked":"Genetic Algorithm","floor":2},{"not_picked":["Streamline","Conserve Battery"],"picked":"Rip and Tear","floor":3},{"not_picked":["Sweeping Beam","Streamline","Redo"],"picked":"SKIP","floor":4},{"not_picked":["Steam","Amplify"],"picked":"Compile Driver","floor":7},{"not_picked":["Rebound","Streamline"],"picked":"Barrage","floor":10},{"not_picked":["Consume","Coolheaded"],"picked":"Redo","floor":11},{"not_picked":["Beam Cell","Rebound"],"picked":"Leap","floor":12},{"not_picked":["Echo Form","Buffer"],"picked":"Electrodynamics","floor":16},{"not_picked":["Compile Driver","Steam"],"picked":"Leap+1","floor":18},{"not_picked":["Double Energy","Genetic Algorithm"],"picked":"Loop","floor":21},{"not_picked":["Reinforced Body","Ball Lightning"],"picked":"Hologram","floor":22}],"player_experience":2199484,"relics_obtained":[{"floor":7,"key":"Blue Candle"},{"floor":9,"key":"StrikeDummy"},{"floor":10,"key":"Symbiotic Virus"}],"event_choices":[{"damage_healed":0,"gold_gain":0,"player_choice":"Obtained Relic","damage_taken":0,"relics_obtained":["Ancient Tea Set"],"max_hp_gain":0,"max_hp_loss":0,"event_name":"Addict","floor":19,"gold_loss":85},{"cards_removed":["Rip and Tear"],"damage_healed":0,"gold_gain":0,"player_choice":"Card Removal","damage_taken":0,"max_hp_gain":0,"max_hp_loss":0,"event_name":"Wheel of Change","floor":20,"gold_loss":0}],"is_beta":false,"boss_relics":[{"not_picked":["Calling Bell","Runic Dome"],"picked":"Pandora\u0027s Box"}],"items_purged_floors":[5],"is_endless":false,"potions_floor_spawned":[1,3,7,10,12,18],"killed_by":"Book of Stabbing","ascension_level":20,"potion_discard_per_floor":[[],[],[],[],[],[],[],[],[],[],[],["PowerPotion"],[],[],[],[],[],[],[],[],[],[],[],[]]}