{"neow_bonuses_skipped_log":["UPGRADE_CARD","TEN_PERCENT_HP_BONUS","BOSS_RELIC"],"neow_costs_skipped_log":["NONE","NONE","NONE"],"potions_obtained_entropic_brew":[[],[],[],[],[],[],[],[],[],[],[],[],[],[],[],[],[],[],[],[],[],[]],"gold_per_floor":[112,262,26,46,57,92,92,92,92,105,122,65,97,117,117,191,191,211,229,26,42,42],"floor_reached":22,"playtime":768,"items_purged":["Doubt","Strike_B"],"score":546,"play_id":"62913e7a-a442-41d2-aecb-0f51f09fd227","local_time":"20231024202208","score_breakdown":["Floors Climbed (22): 110","Enemies Slain (9): 18","Exordium Elites Killed (2): 20","City Elites Killed (0): 0","Bosses Slain (1): 50","Champion (1): 25","Perfect (1): 50","Ascension (20): 273"],"is_ascension_mode":true,"potions_obtained_alchemize":[[],[],[],[],[],[],[],[],[],[],[],[],[],[],[],[],[],[],[],[],[],[]],"campfire_choices":[{"floor":8,"key":"REST"},{"data":"Apotheosis","floor":15,"key":"SMITH"}],"lesson_learned_per_floor":[[],[],[],[],[],[],[],[],[],[],[],[],[],[],[],[],[],[],[],[],[],[]],"neow_cost":"TEN_PERCENT_HP_LOSS","improvable_cards":{},"seed_source_timestamp":3261305811261900,"shop_contents":[{"floor":3,"relics":["Art of War","Sling"],"cards":["Thunder Strike","Cold Snap","Leap","Rainbow","Defragment","Dramatic Entrance","Mayhem"],"potions":["Explosive Potion","Fire Potion","Explosive Potion"]},{"floor":12,"relics":["Regal Pillow","DataDisk","OrangePellets"],"cards":["Melter","Rebound","Darkness","White Noise","Defragment","Impatience","Panache"],"potions":["SkillPotion","EssenceOfSteel"]},{"floor":20,"relics":["Centennial Puzzle","Kunai","DollysMirror"],"cards":["Scrape","Go for the Eyes","Heatsinks","Panacea","HandOfGreed"],"potions":["Strength Potion","Swift Potion","Weak Potion"]}],"circlet_count":0,"master_deck":["AscendersBane","Strike_B","Strike_B","Strike_B","Defend_B","Defend_B","Defend_B","Defend_B","Zap","Dualcast","Apotheosis+1","Ball Lightning","Defragment","Rip and Tear","Ball Lightning","Zap","Hologram","Reboot","Coolheaded","Fission","Electrodynamics","CurseOfTheBell","Coolheaded","Undo"],"potion_use_per_floor":[[],[],[],[],[],["EssenceOfDarkness"],[],[],[],[],["SkillPotion"],[],["Fire Potion"],[],[],[],[],[],["Weak Potion"],[],[],["ColorlessPotion"]],"relics":["Cracked Core","Bag of Preparation","Sundial","Matryoshka","InkBottle","Calling Bell","Akabeko","White Beast Statue","WingedGreaves"],"potions_floor_usage":[6,11,13,19,22],"damage_taken":[{"damage":4,"enemies":"Jaw Worm","floor":1,"turns":3},{"damage":0,"enemies":"Cultist","floor":4,"turns":2},{"damage":0,"enemies":"Small Slimes","floor":5,"turns":2},{"damage":35,"enemies":"3 Sentries","floor":6,"turns":5},{"damage":6,"enemies":"Red Slaver","floor":10,"turns":3},{"damage":7,"enemies":"3 Louse","floor":11,"turns":3},{"damage":0,"enemies":"Gremlin Nob","floor":13,"turns":2},{"damage":3,"enemies":"Looter","floor":14,"turns":3},{"damage":0,"enemies":"Slime Boss","floor":16,"turns":5},{"damage":0,"enemies":"3 Byrds","floor":18,"turns":2},{"damage":19,"enemies":"2 Thieves","floor":19,"turns":4},{"damage":4,"enemies":"Sentry and Sphere","floor":21,"turns":4},{"damage":33,"enemies":"Centurion and Healer","floor":22,"turns":6}],"seed_played":"-747111972460397296","neow_bonus_log":{"cardsObtained":[],"cardsUpgraded":[],"cardsRemoved":[],"cardsTransformed":[],"relicsObtained":[],"maxHpGained":0,"goldGained":0,"damageTaken":0,"goldLost":0,"maxHpLost":7},"potions_obtained":[{"floor":4,"key":"EssenceOfDarkness"},{"floor":6,"key":"SkillPotion"},{"floor":14,"key":"Dexterity Potion"},{"floor":16,"key":"ColorlessPotion"},{"floor":18,"key":"Weak Potion"},{"floor":19,"key":"Strength Potion"},{"floor":21,"key":"AttackPotion"}],"is_trial":false,"path_per_floor":["M","?","$","M","M","E","?","R","T","M","M","$","E","M","R","B",null,"M","M","$","M","M"],"character_chosen":"DEFECT","basemod:card_modifiers":[null,null,null,null,null,null,null,null,null,null,null,null,null,null,null,null,null,null,null,null,null,null,null,null],"items_purchased":["Bag of Preparation","Fire Potion","Coolheaded","Undo"],"campfire_rested":1,"item_purchase_floors":[3,12,20,20],"current_hp_per_floor":[60,60,60,60,60,25,25,44,44,38,31,31,31,28,28,28,55,55,36,36,32,0],"gold":42,"neow_bonus":"RANDOM_COLORLESS_2","is_prod":false,"is_daily":false,"rewards_skipped":[],"chose_seed":false,"campfire_upgraded":1,"win_rate":0,"floor_exit_playtime":[68,73,93,110,138,204,219,225,230,268,324,336,358,392,397,467,491,535,591,629,687],"timestamp":1698193328,"path_taken":["M","?","$","M","M","E","?","R","T","M","M","$","E","M","R","BOSS","M","M","$","?","M"],"build_version":"2022-12-18","purchased_purges":2,"victory":false,"max_hp_per_floor":[64,64,64,64,64,64,64,64,64,64,64,64,64,64,64,64,64,64,64,64,64,64],"relic_stats":{"Matryoshka":0,"counters":[13,44],"Sundial":[4],"WingedGreaves":0,"Bag of Preparation":[24],"obtain_stats":[{"Calling Bell":17,"Matryoshka":9,"Sundial":6,"WingedGreaves":17,"Bag of Preparation":3,"Cracked Core":0,"InkBottle":13,"Akabeko":17,"White Beast Statue":17},{"Calling Bell":9,"Matryoshka":4,"Sundial":4,"WingedGreaves":9,"Bag of Preparation":1,"Cracked Core":0,"InkBottle":7,"Akabeko":9,"White Beast Statue":9},{"Calling Bell":28,"Matryoshka":12,"Sundial":12,"WingedGreaves":28,"Bag of Preparation":3,"Cracked Core":0,"InkBottle":20,"Akabeko":28,"White Beast Statue":28}],"InkBottle":[8],"White Beast Statue":[0.0,0.024000000000000007,0.0,0.32800000000000007,0.0,0.5280000000000001,0.0,0.12000000000000002,0.0,0.0,0.0,1.2560000000000002]},"card_choices":[{"not_picked":["Thinking Ahead","The Bomb"],"picked":"Apotheosis","floor":0},{"not_picked":["Hologram","Gash"],"picked":"Ball Lightning","floor":1},{"not_picked":["Stack","Streamline"],"picked":"Defragment","floor":4},{"not_picked":["Coolheaded","Skim"],"picked":"Rip and Tear","floor":5},{"not_picked":["Force Field","White Noise"],"picked":"Ball Lightning","floor":6},{"not_picked":["Fusion","Leap"],"picked":"Reboot","floor":10},{"not_picked":["Turbo","Heatsinks"],"picked":"Coolheaded","floor":11},{"not_picked":["Ball Lightning","Hologram"],"picked":"Fission","floor":13},{"not_picked":["Melter","Sweeping Beam","Ball Lightning"],"picked":"SKIP","floor":14},{"not_picked":["All For One","Biased Cognition"],"picked":"Electrodynamics","floor":16},{"not_picked":["Rebound","Hologram","Rip and Tear"],"picked":"SKIP","floor":18},{"not_picked":["Melter","Streamline+1","Gash"],"picked":"SKIP","floor":19},{"not_picked":["Chaos","Scrape","Auto Shields"],"picked":"SKIP","floor":21}],"player_experience":2189596,"relics_obtained":[{"floor":6,"key":"Sundial"},{"floor":9,"key":"Matryoshka"},{"floor":13,"key":"InkBottle"},{"floor":17,"key":"Akabeko"},{"floor":17,"key":"White Beast Statue"},{"floor":17,"key":"WingedGreaves"}],"event_choices":[{"damage_healed":0,"gold_gain":150,"player_choice":"AGREE","damage_taken":0,"max_hp_gain":0,"max_hp_loss":0,"event_name":"Liars Game","floor":2,"gold_loss":0,"cards_obtained":["Doubt"]},{"damage_healed":0,"gold_gain":0,"player_choice":"2 cards matched","damage_taken":0,"max_hp_gain":0,"max_hp_loss":0,"event_name":"Match and Keep!","floor":7,"gold_loss":0,"cards_obtained":["Zap","Hologram"]}],"is_beta":false,"boss_relics":[{"not_picked":["Black Star","Tiny House"],"picked":"Calling Bell"}],"items_purged_floors":[3,20],"is_endless":false,"potions_floor_spawned":[4,6,14,16,18,19,21],"killed_by":"Centurion and Healer","ascension_level":20,"potion_discard_per_floor":[[],[],[],[],[],[],[],[],[],[],[],[],[],[],[],[],[],["Dexterity Potion"],[],[],["Strength Potion"],[]]}