{"neow_bonuses_skipped_log":["THREE_CARDS","TWO_FIFTY_GOLD","BOSS_RELIC"],"neow_costs_skipped_log":["NONE","CURSE","NONE"],"potions_obtained_entropic_brew":[[],[],[],[],[],[],[],[],[],[],[],[],[],[],[],[],[],[],[],[],[],[],[],[],[],[],[],[],[]],"gold_per_floor":[109,122,140,140,154,154,154,182,205,205,217,217,235,264,264,337,337,348,64,54,54,73,73,108,108,162,188,203,203],"floor_reached":29,"playtime":1237,"items_purged":["Defend_B"],"score":550,"play_id":"2f8ea89b-d6f3-4ce1-887d-49653019d01b","local_time":"20231022181730","score_breakdown":["Floors Climbed (29): 145","Enemies Slain (10): 20","Exordium Elites Killed (2): 20","City Elites Killed (2): 40","Bosses Slain (1): 50","Ascension (20): 275"],"is_ascension_mode":true,"potions_obtained_alchemize":[[],[],[],[],[],[],[],[],[],[],[],[],[],[],[],[],[],[],[],[],[],[],[],[],[],[],[],[],[]],"campfire_choices":[{"data":"Barrage","floor":6,"key":"SMITH"},{"floor":10,"key":"REST"},{"data":"Zap","floor":12,"key":"SMITH"},{"data":"Self Repair","floor":15,"key":"SMITH"},{"data":"RitualDagger","floor":23,"key":"SMITH"},{"data":"Seek","floor":25,"key":"SMITH"}],"lesson_learned_per_floor":[[],[],[],[],[],[],[],[],[],[],[],[],[],[],[],[],[],[],[],[],[],[],[],[],[],[],[],[],[]],"neow_cost":"NONE","improvable_cards":{"RitualDagger+1":[28]},"seed_source_timestamp":3080560333496600,"shop_contents":[{"floor":19,"relics":["Shuriken","Eternal Feather"],"cards":["Scrape","Cold Snap","Darkness","Heatsinks","Jack Of All Trades","Transmutation"],"potions":["FearPotion","LiquidBronze","PowerPotion"]}],"circlet_count":0,"master_deck":["AscendersBane","Defend_B","Defend_B","Defend_B","Zap+1","Dualcast","Tempest+1","Ball Lightning","Barrage+1","Chill","Echo Form","Self Repair+1","Ball Lightning","Steam","Seek+1","Consume+1","Chaos+1","Hello World+1","Coolheaded","Turbo","RitualDagger+1","Coolheaded+1","Skim"],"potion_use_per_floor":[[],[],[],[],[],[],[],[],[],[],["Strength Potion"],[],[],["BlessingOfTheForge"],[],[],[],[],[],[],[],[],[],["Fire Potion"],[],[],["PowerPotion"],["Fire Potion"],["EssenceOfDarkness","EssenceOfDarkness"]],"relics":["Cracked Core","Bronze Scales","Boot","Orichalcum","Pen Nib","Astrolabe","Medical Kit","Kunai","The Courier"],"potions_floor_usage":[11,14,24,27,28,29,29],"damage_taken":[{"damage":1,"enemies":"Cultist","floor":1,"turns":3},{"damage":0,"enemies":"Small Slimes","floor":2,"turns":2},{"damage":12,"enemies":"Jaw Worm","floor":3,"turns":2},{"damage":8,"enemies":"Blue Slaver","floor":5,"turns":3},{"damage":19,"enemies":"3 Sentries","floor":8,"turns":6},{"damage":10,"enemies":"Lots of Slimes","floor":11,"turns":3},{"damage":12,"enemies":"Large Slime","floor":13,"turns":4},{"damage":8,"enemies":"Lagavulin","floor":14,"turns":5},{"damage":11,"enemies":"Slime Boss","floor":16,"turns":8},{"damage":6,"enemies":"3 Byrds","floor":18,"turns":5},{"damage":9,"enemies":"2 Thieves","floor":20,"turns":4},{"damage":9,"enemies":"3 Cultists","floor":22,"turns":5},{"damage":4,"enemies":"Gremlin Leader","floor":24,"turns":6},{"damage":47,"enemies":"Slavers","floor":27,"turns":6},{"damage":24,"enemies":"Shelled Parasite and Fungi","floor":28,"turns":4},{"damage":22,"enemies":"Gremlin Leader","floor":29,"turns":2}],"seed_played":"-3395459513223861224","neow_bonus_log":{"cardsObtained":[],"cardsUpgraded":[],"cardsRemoved":[],"cardsTransformed":[],"relicsObtained":["Bronze Scales"],"maxHpGained":0,"goldGained":0,"damageTaken":0,"goldLost":0,"maxHpLost":0},"potions_obtained":[{"floor":1,"key":"Strength Potion"},{"floor":3,"key":"BlessingOfTheForge"},{"floor":14,"key":"EssenceOfDarkness"},{"floor":16,"key":"Fire Potion"},{"floor":24,"key":"PowerPotion"},{"floor":27,"key":"Fire Potion"},{"floor":28,"key":"EssenceOfDarkness"}],"is_trial":false,"path_per_floor":["M","M","M","?","M","R","?","E","T","R","M","R","M","E","R","B",null,"M","$","M","?","M","R","E","R","T","E","M","E"],"character_chosen":"DEFECT","basemod:card_modifiers":[null,null,null,null,null,null,null,null,null,null,null,null,null,null,null,null,null,null,null,null,null,null,null],"items_purchased":["Coolheaded","Medical Kit"],"campfire_rested":1,"item_purchase_floors":[19,19],"current_hp_per_floor":[63,63,51,51,43,43,43,24,24,45,35,35,30,42,42,51,66,60,60,61,55,56,56,71,71,71,34,20,0],"gold":203,"neow_bonus":"RANDOM_COMMON_RELIC","is_prod":false,"is_daily":false,"rewards_skipped":[],"chose_seed":false,"campfire_upgraded":5,"win_rate":0,"floor_exit_playtime":[66,91,110,121,157,165,172,256,259,262,307,315,355,410,421,537,553,633,656,720,727,827,834,966,972,978,1093,1166],"timestamp":1698013050,"blue_key_relic_skipped_log":{"floor":26,"relicID":"MawBank"},"path_taken":["M","?","M","?","M","R","?","E","T","R","M","R","?","E","R","BOSS","M","$","M","?","M","R","E","R","T","E","M","E"],"build_version":"2022-12-18","purchased_purges":1,"victory":false,"max_hp_per_floor":[71,71,71,71,71,71,71,71,71,71,71,71,71,71,71,71,71,71,71,71,71,71,71,71,71,71,71,71,71],"relic_stats":{"counters":[16,68],"Bronze Scales":[204],"Astrolabe":["Consume","Chaos","Hello World"],"Pen Nib":[4],"The Courier":0,"Kunai":[2],"Orichalcum":[120],"Boot":[9],"Medical Kit":[6],"obtain_stats":[{"Bronze Scales":0,"Astrolabe":17,"Pen Nib":14,"The Courier":27,"Kunai":24,"Orichalcum":9,"Cracked Core":0,"Boot":8,"Medical Kit":19},{"Bronze Scales":0,"Astrolabe":9,"Pen Nib":8,"The Courier":14,"Kunai":13,"Orichalcum":5,"Cracked Core":0,"Boot":5,"Medical Kit":10},{"Bronze Scales":0,"Astrolabe":36,"Pen Nib":28,"The Courier":62,"Kunai":56,"Orichalcum":16,"Cracked Core":0,"Boot":16,"Medical Kit":41}]},"card_choices":[{"not_picked":["Leap","Recycle"],"picked":"Tempest","floor":1},{"not_picked":["Capacitor","Compile Driver"],"picked":"Ball Lightning","floor":2},{"not_picked":["Redo","Reprogram"],"picked":"Barrage","floor":3},{"not_picked":["Chaos","Steam Power"],"picked":"Chill","floor":5},{"not_picked":["Gash","Rebound"],"picked":"Echo Form","floor":8},{"not_picked":["Barrage","Go for the Eyes"],"picked":"Self Repair","floor":11},{"not_picked":["Conserve Battery","Barrage"],"picked":"Ball Lightning","floor":13},{"not_picked":["Hyperbeam","Steam","Storm"],"picked":"SKIP","floor":14},{"not_picked":["Hyperbeam","Storm"],"picked":"Steam","floor":14},{"not_picked":["Machine Learning","Rainbow"],"picked":"Seek","floor":16},{"not_picked":["Gash","Streamline","Leap"],"picked":"SKIP","floor":18},{"not_picked":["Cold Snap","Self Repair"],"picked":"Turbo","floor":20},{"not_picked":["Go for the Eyes","Ball Lightning","Gash"],"picked":"SKIP","floor":22},{"not_picked":["Thunder Strike","Redo","Heatsinks"],"picked":"SKIP","floor":24},{"not_picked":["Conserve Battery","Turbo"],"picked":"Coolheaded+1","floor":27},{"not_picked":["Rebound","Beam Cell"],"picked":"Skim","floor":28}],"player_experience":2185716,"relics_obtained":[{"floor":8,"key":"Boot"},{"floor":9,"key":"Orichalcum"},{"floor":14,"key":"Pen Nib"},{"floor":24,"key":"Kunai"},{"floor":27,"key":"The Courier"}],"event_choices":[{"damage_healed":0,"gold_gain":0,"player_choice":"Grow","damage_taken":0,"max_hp_gain":0,"max_hp_loss":0,"event_name":"Living Wall","floor":4,"gold_loss":0,"cards_upgraded":["Tempest"]},{"cards_removed":["Strike_B"],"damage_healed":0,"gold_gain":0,"player_choice":"Purged","damage_taken":0,"max_hp_gain":0,"max_hp_loss":0,"event_name":"Purifier","floor":7,"gold_loss":0},{"damage_healed":0,"gold_gain":0,"player_choice":"Joined the Cult","damage_taken":6,"max_hp_gain":0,"max_hp_loss":0,"event_name":"Nest","floor":21,"gold_loss":0,"cards_obtained":["RitualDagger"]}],"is_beta":false,"boss_relics":[{"not_picked":["Busted Crown","Runic Dome"],"picked":"Astrolabe"}],"items_purged_floors":[19],"is_endless":false,"potions_floor_spawned":[1,3,14,16,24,27,28],"killed_by":"Gremlin Leader","ascension_level":20,"potion_discard_per_floor":[[],[],[],[],[],[],[],[],[],[],[],[],[],[],[],[],[],[],[],[],[],[],[],[],[],[],[],[],[]]}