{"neow_bonuses_skipped_log":["UPGRADE_CARD","HUNDRED_GOLD","BOSS_RELIC"],"potions_obtained_entropic_brew":[[],[],[],[],[],[],[],[],[],[],[],[],[],[],[],[],[],[],[],[],[],[],[],[],[],[],[],[],[],[],[],[],[]],"neow_costs_skipped_log":["NONE","NONE","NONE"],"gold_per_floor":[366,366,70,87,105,105,140,140,165,184,184,184,211,226,226,298,298,314,48,61,71,89,119,119,149,174,174,174,174,17,37,37,37],"floor_reached":33,"playtime":1653,"items_purged":["Strike_B","Reprogram"],"score":640,"play_id":"7e7ac070-7b1a-4a60-bdc2-d6f500e6e011","local_time":"20231025112411","score_breakdown":["Floors Climbed (33): 165","Enemies Slain (10): 20","Exordium Elites Killed (2): 20","City Elites Killed (2): 40","Bosses Slain (1): 50","Champion (1): 25","Ascension (20): 320"],"is_ascension_mode":true,"potions_obtained_alchemize":[[],[],[],[],[],[],[],[],[],[],[],[],[],[],[],[],[],[],[],[],[],[],[],[],[],[],[],[],[],[],[],[],[]],"campfire_choices":[{"data":"Ball Lightning","floor":6.0,"key":"SMITH"},{"floor":12.0,"key":"REST"},{"data":"Darkness","floor":15.0,"key":"SMITH"},{"floor":24,"key":"REST"},{"floor":27,"key":"REST"},{"data":"Coolheaded","floor":29,"key":"SMITH"},{"data":"Machine Learning","floor":32,"key":"SMITH"}],"lesson_learned_per_floor":[[],[],[],[],[],[],[],[],[],[],[],[],[],[],[],[],[],[],[],[],[],[],[],[],[],[],[],[],[],[],[],[],[]],"neow_cost":"TEN_PERCENT_HP_LOSS","improvable_cards":{},"seed_source_timestamp":3314497790883600,"shop_contents":[{"floor":3,"relics":["Lantern","InkBottle"],"cards":["Rebound","Gash","Redo","Heatsinks","Deep Breath","The Bomb"],"potions":["DuplicationPotion","DuplicationPotion","LiquidBronze"]},{"floor":19,"relics":["Tiny Chest","Strange Spoon"],"cards":["Sweeping Beam","FTL","Darkness","Steam","Loop","Dark Shackles","The Bomb"],"potions":["GamblersBrew","LiquidMemories","Energy Potion"]},{"floor":30,"relics":["Question Card","Incense Burner"],"cards":["Compile Driver","Core Surge","Turbo","Auto Shields","Buffer","Jack Of All Trades","Chrysalis"],"potions":["SpeedPotion","Weak Potion","SmokeBomb"]}],"circlet_count":0,"master_deck":["AscendersBane","Zap+1","Dualcast","Ball Lightning+1","Coolheaded+1","Conserve Battery","Undo","Darkness+1","Rebound","Machine Learning+1","Static Discharge","Meteor Strike","Go for the Eyes","Darkness","Leap","Reprogram","Chaos","Turbo","Turbo+1"],"special_seed":0,"potion_use_per_floor":[[],[],[],[],[],[],[],[],[],["Fire Potion"],[],[],[],[],[],[],[],[],[],[],[],[],["BlessingOfTheForge"],[],["Block Potion"],[],[],[],[],[],[],[],["PowerPotion"]],"relics":["Cracked Core","Toolbox","Blue Candle","Ornamental Fan","Anchor","Bronze Scales","Pandora\u0027s Box","Happy Flower","Oddly Smooth Stone","Bag of Marbles","Omamori","Membership Card"],"potions_floor_usage":[23,25,33],"damage_taken":[{"damage":5.0,"enemies":"2 Louse","floor":1.0,"turns":2.0},{"damage":0.0,"enemies":"Jaw Worm","floor":4.0,"turns":3.0},{"damage":20.0,"enemies":"Small Slimes","floor":5.0,"turns":5.0},{"damage":14.0,"enemies":"Lagavulin","floor":7.0,"turns":6.0},{"damage":9.0,"enemies":"Exordium Thugs","floor":10.0,"turns":5.0},{"damage":3.0,"enemies":"3 Sentries","floor":13.0,"turns":6.0},{"damage":0.0,"enemies":"2 Fungi Beasts","floor":14.0,"turns":3.0},{"damage":32.0,"enemies":"Hexaghost","floor":16.0,"turns":10.0},{"damage":36.0,"enemies":"Chosen","floor":18.0,"turns":6.0},{"damage":0.0,"enemies":"Spheric Guardian","floor":20.0,"turns":3.0},{"damage":3.0,"enemies":"Centurion and Healer","floor":21.0,"turns":5.0},{"damage":3.0,"enemies":"Snake Plant","floor":22.0,"turns":4.0},{"damage":0,"enemies":"Gremlin Leader","floor":23,"turns":7},{"damage":12,"enemies":"Book of Stabbing","floor":25,"turns":5},{"damage":6,"enemies":"Chosen and Byrds","floor":31,"turns":5},{"damage":58,"enemies":"Champ","floor":33,"turns":9}],"seed_played":"-5082690579128082875","neow_bonus_log":{"cardsObtained":[],"cardsUpgraded":[],"cardsRemoved":[],"cardsTransformed":[],"relicsObtained":[],"maxHpGained":0,"goldGained":250,"damageTaken":0,"goldLost":0,"maxHpLost":7},"potions_obtained":[{"floor":4.0,"key":"FocusPotion"},{"floor":5.0,"key":"Fire Potion"},{"floor":14.0,"key":"Dexterity Potion"},{"floor":18.0,"key":"BlessingOfTheForge"},{"floor":23,"key":"Block Potion"},{"floor":25,"key":"PowerPotion"}],"is_trial":false,"path_per_floor":["M","?","$","M","M","R","E","T","T","M","?","R","E","M","R","B",null,"M","$","M","M","M","E","R","E","T","R","?","R","$","M","R","B"],"character_chosen":"DEFECT","basemod:card_modifiers":[null,null,null,null,null,null,null,null,null,null,null,null,null,null,null,null,null,null,null],"items_purchased":["Coolheaded","Toolbox","Happy Flower","Membership Card"],"campfire_rested":3,"item_purchase_floors":[3,3,19,30],"current_hp_per_floor":[59,64,64,64,44,44,30,30,30,21,21,41,38,38,38,6,53,17,17,17,14,11,11,31,19,19,39,39,39,39,33,33,0],"gold":37,"neow_bonus":"TWO_FIFTY_GOLD","is_prod":false,"is_daily":false,"rewards_skipped":[],"chose_seed":false,"campfire_upgraded":4,"win_rate":0,"floor_exit_playtime":[28,31,49,93,171,177,250,265,268,362,369,372,468,509,513,644,680,764,777,824,907,980,1181,1185,1273,1291,1294,1320,1333,1343,1425,1442],"timestamp":1698247451,"path_taken":["M","?","$","M","M","R","E","?","T","M","?","R","E","M","R","BOSS","M","$","M","M","?","E","R","E","T","R","?","R","$","M","R","BOSS"],"build_version":"2022-12-18","purchased_purges":2,"victory":false,"max_hp_per_floor":[64,69,69,69,69,69,69,69,69,69,69,69,69,69,69,69,69,69,69,69,69,69,69,69,69,69,69,69,69,69,69,69,69],"relic_stats":{"Happy Flower":[12],"counters":[16,84],"Ornamental Fan":[16],"Blue Candle":[0],"Bronze Scales":[187],"Pandora\u0027s Box":["Reprogram","Static Discharge","Meteor Strike","Go for the Eyes","Darkness","Leap","Reprogram"],"Omamori":0,"Membership Card":0,"obtain_stats":[{"Anchor":9,"Happy Flower":19,"Ornamental Fan":8,"Blue Candle":7,"Bronze Scales":13,"Toolbox":3,"Oddly Smooth Stone":23,"Pandora\u0027s Box":17,"Bag of Marbles":25,"Omamori":26,"Membership Card":30,"Cracked Core":0},{"Anchor":4,"Happy Flower":9,"Ornamental Fan":4,"Blue Candle":4,"Bronze Scales":6,"Toolbox":1,"Oddly Smooth Stone":13,"Pandora\u0027s Box":8,"Bag of Marbles":14,"Omamori":14,"Membership Card":14,"Cracked Core":0},{"Anchor":16,"Happy Flower":46,"Ornamental Fan":16,"Blue Candle":16,"Bronze Scales":27,"Toolbox":2,"Oddly Smooth Stone":65,"Pandora\u0027s Box":40,"Bag of Marbles":70,"Omamori":70,"Membership Card":70,"Cracked Core":0}]},"card_choices":[{"not_picked":["Conserve Battery","Static Discharge"],"picked":"Ball Lightning","floor":1.0},{"not_picked":["Stack","Capacitor","Turbo"],"picked":"SKIP","floor":4.0},{"not_picked":["Beam Cell","Auto Shields"],"picked":"Conserve Battery","floor":5.0},{"not_picked":["Aggregate","Hologram"],"picked":"Undo","floor":7.0},{"not_picked":["Hologram","Undo","Steam"],"picked":"SKIP","floor":10.0},{"not_picked":["Skim","Thunder Strike"],"picked":"Darkness","floor":13.0},{"not_picked":["Sweeping Beam","Leap"],"picked":"Rebound","floor":14.0},{"not_picked":["Reboot","Hyperbeam"],"picked":"Machine Learning","floor":16.0},{"not_picked":["Recycle","Go for the Eyes"],"picked":"Chaos","floor":18.0},{"not_picked":["Doom and Gloom","Static Discharge","Heatsinks"],"picked":"SKIP","floor":20.0},{"not_picked":["Rebound","Go for the Eyes","Ball Lightning"],"picked":"SKIP","floor":21.0},{"not_picked":["Scrape","Sunder+1"],"picked":"Turbo","floor":22},{"not_picked":["Sweeping Beam","Melter+1","Heatsinks"],"picked":"SKIP","floor":23},{"not_picked":["Cold Snap","Go for the Eyes","Reboot"],"picked":"SKIP","floor":25},{"not_picked":["Rebound","Gash"],"picked":"Turbo+1","floor":31}],"player_experience":2197831,"relics_obtained":[{"floor":7.0,"key":"Blue Candle"},{"floor":8.0,"key":"Ornamental Fan"},{"floor":9.0,"key":"Anchor"},{"floor":13.0,"key":"Bronze Scales"},{"floor":23,"key":"Oddly Smooth Stone"},{"floor":25,"key":"Bag of Marbles"},{"floor":26,"key":"Omamori"}],"event_choices":[{"damage_healed":0.0,"max_hp_gain":5.0,"max_hp_loss":0.0,"gold_gain":0.0,"event_name":"Big Fish","player_choice":"Donut","floor":2.0,"gold_loss":0.0,"damage_taken":0.0},{"damage_healed":0.0,"max_hp_gain":0.0,"max_hp_loss":0.0,"gold_gain":0.0,"event_name":"Upgrade Shrine","player_choice":"Upgraded","floor":11.0,"gold_loss":0.0,"damage_taken":0.0,"cards_upgraded":["Zap"]},{"damage_healed":0,"gold_gain":0,"player_choice":"Ignored","damage_taken":0,"max_hp_gain":0,"max_hp_loss":0,"event_name":"Ghosts","floor":28,"gold_loss":0}],"is_beta":false,"boss_relics":[{"not_picked":["Empty Cage","Astrolabe"],"picked":"Pandora\u0027s Box"}],"items_purged_floors":[3,19],"is_endless":false,"potions_floor_spawned":[4,5,14,18,23,25],"killed_by":"Champ","ascension_level":20,"potion_discard_per_floor":[[],[],[],[],[],[],[],[],[],[],[],[],[],[],[],[],[],["Dexterity Potion"],[],[],[],[],[],[],[],[],[],[],[],[],[],[],[]]}