{"neow_bonuses_skipped_log":["ONE_RANDOM_RARE_CARD","ONE_RARE_RELIC","BOSS_RELIC"],"neow_costs_skipped_log":["NONE","CURSE","NONE"],"potions_obtained_entropic_brew":[[],[],[],[],[],[],[],[],[],[],[],[],[],[],[],[]],"gold_per_floor":[115,135,150,46,61,61,87,162,162,162,162,22,34,90,90,90],"floor_reached":16,"playtime":410,"items_purged":["Strike_B","Strike_B"],"score":200,"play_id":"91755684-3492-4bc2-a8a5-1fa21823a24c","local_time":"20231022182436","score_breakdown":["Floors Climbed (16): 80","Enemies Slain (5): 10","Exordium Elites Killed (1): 10","Bosses Slain (0): 0","Ascension (20): 100"],"is_ascension_mode":true,"potions_obtained_alchemize":[[],[],[],[],[],[],[],[],[],[],[],[],[],[],[],[]],"campfire_choices":[{"data":"Streamline","floor":6,"key":"SMITH"},{"data":"Sweeping Beam","floor":10,"key":"SMITH"},{"data":"Defragment","floor":15,"key":"SMITH"}],"lesson_learned_per_floor":[[],[],[],[],[],[],[],[],[],[],[],[],[],[],[],[]],"neow_cost":"NONE","improvable_cards":{},"seed_source_timestamp":3081805885034200,"shop_contents":[{"floor":4,"relics":["Kunai","Bottled Flame","OrangePellets"],"cards":["Barrage","Redo","Consume","Echo Form","Good Instincts","Thinking Ahead"],"potions":["DuplicationPotion","ColorlessPotion","LiquidMemories"]},{"floor":12,"relics":["Blood Vial","Shuriken","Cauldron"],"cards":["Go for the Eyes","Cold Snap","Reinforced Body","Conserve Battery","Deep Breath","Violence"],"potions":["PowerPotion","SpeedPotion","BlessingOfTheForge"]}],"circlet_count":0,"master_deck":["AscendersBane","Strike_B","Strike_B","Defend_B","Defend_B","Defend_B","Defend_B","Zap","Dualcast","Hologram","Streamline+1","FTL+1","Cold Snap+1","Turbo","Sweeping Beam+1","Defragment+1","Chill","Reinforced Body"],"special_seed":0,"potion_use_per_floor":[[],[],[],[],[],[],["AttackPotion"],[],[],[],[],[],[],["ColorlessPotion"],[],["AttackPotion"]],"relics":["Cracked Core","MealTicket","Meat on the Bone","Mercury Hourglass","Bottled Tornado"],"potions_floor_usage":[7,14,16],"damage_taken":[{"damage":3.0,"enemies":"Small Slimes","floor":1.0,"turns":3.0},{"damage":9.0,"enemies":"2 Louse","floor":2.0,"turns":3.0},{"damage":4,"enemies":"Jaw Worm","floor":3,"turns":3},{"damage":11,"enemies":"Looter","floor":5,"turns":2},{"damage":13,"enemies":"Lagavulin","floor":7,"turns":6},{"damage":8,"enemies":"3 Louse","floor":13,"turns":2},{"damage":23,"enemies":"Gremlin Nob","floor":14,"turns":4},{"damage":22,"enemies":"Slime Boss","floor":16,"turns":5}],"seed_played":"7107417878756451298","neow_bonus_log":{"cardsObtained":[],"cardsUpgraded":[],"cardsRemoved":[],"cardsTransformed":[],"relicsObtained":["MealTicket"],"maxHpGained":0,"goldGained":0,"damageTaken":0,"goldLost":0,"maxHpLost":0},"potions_obtained":[{"floor":3,"key":"AttackPotion"},{"floor":13,"key":"ColorlessPotion"},{"floor":14,"key":"AttackPotion"}],"is_trial":false,"path_per_floor":["M","M","M","$","M","R","E","?","T","R","?","$","M","?","R","B"],"character_chosen":"DEFECT","basemod:card_modifiers":[null,null,null,null,null,null,null,null,null,null,null,null,null,null,null,null,null,null],"items_purchased":["Cold Snap","Defragment"],"campfire_rested":0,"item_purchase_floors":[4,12],"current_hp_per_floor":[61,52,48,63,52,52,39,28,28,28,7,22,26,15,15,0],"gold":90,"neow_bonus":"RANDOM_COMMON_RELIC","is_prod":false,"is_daily":false,"rewards_skipped":[],"chose_seed":false,"campfire_upgraded":3,"win_rate":0,"floor_exit_playtime":[35,63,97,108,138,144,209,212,215,221,224,233,272,338,344],"timestamp":1698013476,"path_taken":["M","M","M","$","M","R","E","?","T","R","?","$","M","?","R","BOSS"],"build_version":"2022-12-18","purchased_purges":2,"victory":false,"max_hp_per_floor":[71,71,71,71,71,71,71,71,71,71,71,71,71,71,71,71],"relic_stats":{"counters":[8,27],"MealTicket":30,"Bottled Tornado":"Defragment","obtain_stats":[{"MealTicket":0,"Bottled Tornado":14,"Cracked Core":0,"Meat on the Bone":7,"Mercury Hourglass":9},{"MealTicket":0,"Bottled Tornado":7,"Cracked Core":0,"Meat on the Bone":5,"Mercury Hourglass":5},{"MealTicket":0,"Bottled Tornado":22,"Cracked Core":0,"Meat on the Bone":17,"Mercury Hourglass":17}],"Meat on the Bone":24,"Mercury Hourglass":[56]},"card_choices":[{"not_picked":["Conserve Battery","Barrage"],"picked":"Hologram","floor":1.0},{"not_picked":["Redo","Leap"],"picked":"Streamline","floor":2},{"not_picked":["Darkness","Streamline"],"picked":"FTL","floor":3},{"not_picked":["Rainbow","Consume"],"picked":"Turbo","floor":5},{"not_picked":["Streamline","Turbo"],"picked":"Sweeping Beam","floor":7},{"not_picked":["Conserve Battery","Force Field"],"picked":"Chill","floor":13},{"not_picked":["Beam Cell","Consume"],"picked":"Reinforced Body","floor":14}],"player_experience":2186953,"relics_obtained":[{"floor":7,"key":"Meat on the Bone"},{"floor":9,"key":"Mercury Hourglass"},{"floor":14,"key":"Bottled Tornado"}],"event_choices":[{"damage_healed":0,"gold_gain":75,"player_choice":"Gather Gold","damage_taken":11,"max_hp_gain":0,"max_hp_loss":0,"event_name":"World of Goop","floor":8,"gold_loss":0},{"damage_healed":0,"gold_gain":0,"player_choice":"Entered Light","damage_taken":21,"max_hp_gain":0,"max_hp_loss":0,"event_name":"Shining Light","floor":11,"gold_loss":0,"cards_upgraded":["FTL","Cold Snap"]},{"damage_healed":0,"gold_gain":0,"player_choice":"Searched \u00271\u0027 times","damage_taken":0,"max_hp_gain":0,"max_hp_loss":0,"event_name":"Dead Adventurer","floor":14,"gold_loss":0}],"is_beta":false,"boss_relics":[],"items_purged_floors":[4,12],"is_endless":false,"potions_floor_spawned":[3,13,14],"killed_by":"Slime Boss","ascension_level":20,"potion_discard_per_floor":[[],[],[],[],[],[],[],[],[],[],[],[],[],[],[],[]]}