{"neow_bonuses_skipped_log":["UPGRADE_CARD","HUNDRED_GOLD","BOSS_RELIC"],"neow_costs_skipped_log":["NONE","NONE","NONE"],"potions_obtained_entropic_brew":[[],[],[],[],[],[],[],[],[],[],[],[],[],[],[],[],[],[],[],[],[],[],[]],"gold_per_floor":[10,25,25,25,48,48,87,105,132,132,153,153,193,213,213,307,307,328,328,328,328,278,278],"floor_reached":23,"playtime":694,"items_purged":["Zap"],"score":398,"play_id":"2b5dbf3d-770d-4d02-afe9-6768c6223d9c","local_time":"20231024225530","score_breakdown":["Floors Climbed (23): 115","Enemies Slain (7): 14","Exordium Elites Killed (2): 20","City Elites Killed (0): 0","Bosses Slain (1): 50","Ascension (20): 199"],"is_ascension_mode":true,"potions_obtained_alchemize":[[],[],[],[],[],[],[],[],[],[],[],[],[],[],[],[],[],[],[],[],[],[],[]],"campfire_choices":[{"data":"Chaos","floor":6,"key":"SMITH"},{"floor":10,"key":"REST"},{"floor":15,"key":"REST"}],"lesson_learned_per_floor":[[],[],[],[],[],[],[],[],[],[],[],[],[],[],[],[],[],[],[],[],[],[],[]],"neow_cost":"NO_GOLD","improvable_cards":{},"seed_source_timestamp":3270583257888700,"shop_contents":[{"floor":22,"relics":["Mango","Blood Vial","PrismaticShard"],"cards":["FTL","Ball Lightning","Hologram","Stack","Capacitor","Impatience","Thinking Ahead"],"potions":["SteroidPotion","FearPotion","FearPotion"]}],"circlet_count":0,"master_deck":["AscendersBane","Defend_B","Defend_B","Defend_B","Dualcast","Seek","Sunder","Hello World","Chaos+1","Doom and Gloom","Rebound","Ball Lightning","Fission","Multi-Cast+1","Reinforced Body+1","Capacitor+1","Compile Driver","Echo Form","Doom and Gloom"],"potion_use_per_floor":[[],[],[],[],[],[],["Explosive Potion"],[],[],[],[],[],[],[],[],["PowerPotion"],[],["Fire Potion"],[],[],[],[],[]],"relics":["Cracked Core","Golden Idol","Lantern","Smiling Mask","Bag of Marbles","Kunai","Astrolabe","Nilry\u0027s Codex"],"potions_floor_usage":[7,16,18],"damage_taken":[{"damage":2,"enemies":"Jaw Worm","floor":1,"turns":4},{"damage":7,"enemies":"Small Slimes","floor":2,"turns":3},{"damage":5,"enemies":"2 Louse","floor":5,"turns":2},{"damage":24,"enemies":"Gremlin Nob","floor":7,"turns":4},{"damage":1,"enemies":"2 Fungi Beasts","floor":8,"turns":2},{"damage":0,"enemies":"Looter","floor":11,"turns":2},{"damage":14,"enemies":"Lagavulin","floor":13,"turns":5},{"damage":7,"enemies":"3 Louse","floor":14,"turns":3},{"damage":16,"enemies":"The Guardian","floor":16,"turns":12},{"damage":0,"enemies":"Chosen","floor":18,"turns":5},{"damage":36,"enemies":"Gremlin Leader","floor":23,"turns":4}],"seed_played":"3284503082839203862","neow_bonus_log":{"cardsObtained":[],"cardsUpgraded":[],"cardsRemoved":[],"cardsTransformed":[],"relicsObtained":[],"maxHpGained":0,"goldGained":0,"damageTaken":0,"goldLost":99,"maxHpLost":0},"potions_obtained":[{"floor":1,"key":"Explosive Potion"},{"floor":2,"key":"Fire Potion"},{"floor":13,"key":"PowerPotion"}],"is_trial":false,"path_per_floor":["M","M","?","?","M","R","E","M","T","R","M","?","E","M","R","B",null,"M","?","?","?","$","E"],"character_chosen":"DEFECT","basemod:card_modifiers":[null,null,null,null,null,null,null,null,null,null,null,null,null,null,null,null,null,null,null],"items_purchased":[],"campfire_rested":2,"item_purchase_floors":[],"current_hp_per_floor":[62,55,55,44,39,39,15,14,14,33,33,33,19,12,31,15,52,52,52,52,31,31,0],"gold":278,"neow_bonus":"THREE_RARE_CARDS","is_prod":false,"is_daily":false,"rewards_skipped":[{"floor":14,"relics":[],"potions":["SteroidPotion"]}],"chose_seed":false,"campfire_upgraded":1,"win_rate":0,"floor_exit_playtime":[46,76,81,85,106,114,159,188,191,194,234,239,309,345,349,505,519,591,597,600,608,633],"timestamp":1698202530,"path_taken":["M","M","?","?","M","R","E","M","T","R","M","?","E","M","R","BOSS","M","?","?","?","$","E"],"build_version":"2022-12-18","purchased_purges":1,"victory":false,"max_hp_per_floor":[71,71,64,64,64,64,64,64,64,64,64,64,64,64,64,64,64,64,64,64,64,64,64],"relic_stats":{"counters":[11,46],"Golden Idol":56,"Nilry\u0027s Codex":[1,1,0,2],"Astrolabe":["Multi-Cast","Reinforced Body","Capacitor"],"Kunai":[2],"Smiling Mask":25,"obtain_stats":[{"Lantern":4,"Golden Idol":3,"Nilry\u0027s Codex":21,"Astrolabe":17,"Bag of Marbles":9,"Kunai":13,"Cracked Core":0,"Smiling Mask":7},{"Lantern":2,"Golden Idol":2,"Nilry\u0027s Codex":10,"Astrolabe":9,"Bag of Marbles":5,"Kunai":7,"Cracked Core":0,"Smiling Mask":4},{"Lantern":7,"Golden Idol":7,"Nilry\u0027s Codex":42,"Astrolabe":37,"Bag of Marbles":15,"Kunai":22,"Cracked Core":0,"Smiling Mask":13}]},"card_choices":[{"not_picked":["Amplify","Buffer"],"picked":"Seek","floor":0},{"not_picked":["Conserve Battery","Redo"],"picked":"Sunder","floor":1},{"not_picked":["Sweeping Beam","Go for the Eyes"],"picked":"Hello World","floor":2},{"not_picked":["Compile Driver","Stack"],"picked":"Chaos","floor":5},{"not_picked":["All For One","Streamline"],"picked":"Doom and Gloom","floor":7},{"not_picked":["Steam","Recycle","Sweeping Beam"],"picked":"SKIP","floor":8},{"not_picked":["Sweeping Beam","Heatsinks"],"picked":"Rebound","floor":11},{"not_picked":["Barrage","Force Field"],"picked":"Ball Lightning","floor":13},{"not_picked":["Rebound","Gash","Ball Lightning"],"picked":"SKIP","floor":14},{"not_picked":["Rebound","Gash","Ball Lightning"],"picked":"SKIP","floor":14},{"not_picked":["Thunder Strike","Buffer"],"picked":"Fission","floor":16},{"not_picked":["Recycle","Hologram"],"picked":"Compile Driver","floor":18}],"player_experience":2195041,"relics_obtained":[{"floor":7,"key":"Smiling Mask"},{"floor":9,"key":"Bag of Marbles"},{"floor":13,"key":"Kunai"},{"floor":21,"key":"Nilry\u0027s Codex"}],"event_choices":[{"damage_healed":0,"gold_gain":0,"player_choice":"Lose Max HP","damage_taken":0,"relics_obtained":["Golden Idol"],"max_hp_gain":0,"max_hp_loss":7,"event_name":"Golden Idol","floor":3,"gold_loss":0},{"damage_healed":0,"gold_gain":0,"player_choice":"Success","damage_taken":11,"relics_obtained":["Lantern"],"max_hp_gain":0,"max_hp_loss":0,"event_name":"Scrap Ooze","floor":4,"gold_loss":0},{"damage_healed":0,"gold_gain":0,"player_choice":"Ignored","damage_taken":0,"max_hp_gain":0,"max_hp_loss":0,"event_name":"Shining Light","floor":12,"gold_loss":0},{"damage_healed":0,"gold_gain":0,"cards_transformed":["Strike_B","Defend_B"],"player_choice":"Became Test Subject","damage_taken":0,"max_hp_gain":0,"max_hp_loss":0,"event_name":"Drug Dealer","floor":19,"gold_loss":0,"cards_obtained":["Echo Form","Doom and Gloom"]},{"damage_healed":0,"gold_gain":0,"player_choice":"Ignored","damage_taken":0,"max_hp_gain":0,"max_hp_loss":0,"event_name":"Vampires","floor":20,"gold_loss":0},{"damage_healed":0,"gold_gain":0,"player_choice":"Obtained Book","damage_taken":21,"max_hp_gain":0,"max_hp_loss":0,"event_name":"Cursed Tome","floor":21,"gold_loss":0}],"is_beta":false,"boss_relics":[{"not_picked":["Inserter","Philosopher\u0027s Stone"],"picked":"Astrolabe"}],"items_purged_floors":[22],"is_endless":false,"potions_floor_spawned":[1,2,13,14],"killed_by":"Gremlin Leader","ascension_level":20,"potion_discard_per_floor":[[],[],[],[],[],[],[],[],[],[],[],[],[],[],[],[],[],[],[],[],[],[],[]]}