{"neow_bonuses_skipped_log":["UPGRADE_CARD","TEN_PERCENT_HP_BONUS","BOSS_RELIC"],"potions_obtained_entropic_brew":[[],[],[],[],[],[],[],[],[],[],[]],"neow_costs_skipped_log":["NONE","NONE","NONE"],"gold_per_floor":[113,125,125,140,160,160,190,190,190,221,221],"floor_reached":11,"playtime":338,"items_purged":[],"score":146,"play_id":"a4fc89cf-30e5-4cc9-a4d9-c71fbcf11bab","local_time":"20231025121552","score_breakdown":["Floors Climbed (11): 55","Enemies Slain (4): 8","Exordium Elites Killed (1): 10","Bosses Slain (0): 0","Ascension (20): 73"],"is_ascension_mode":true,"potions_obtained_alchemize":[[],[],[],[],[],[],[],[],[],[],[]],"campfire_choices":[{"data":"Apotheosis","floor":6,"key":"SMITH"}],"lesson_learned_per_floor":[[],[],[],[],[],[],[],[],[],[],[]],"neow_cost":"TEN_PERCENT_HP_LOSS","improvable_cards":{},"seed_source_timestamp":3318960859021800,"shop_contents":[],"circlet_count":0,"master_deck":["AscendersBane","Strike_B","Strike_B","Strike_B","Defend_B","Defend_B","Defend_B","Defend_B","Zap","Dualcast","Apotheosis+1","Lockon","Static Discharge","Streamline","Storm","Biased Cognition","Leap"],"potion_use_per_floor":[[],[],[],[],[],[],["Energy Potion"],[],[],["AttackPotion"],["Weak Potion"]],"relics":["Cracked Core","Odd Mushroom","Golden Idol","Happy Flower","The Courier"],"potions_floor_usage":[7,10,11],"damage_taken":[{"damage":0,"enemies":"Cultist","floor":1,"turns":3},{"damage":6,"enemies":"2 Louse","floor":2,"turns":3},{"damage":10,"enemies":"Small Slimes","floor":4,"turns":3},{"damage":8,"enemies":"2 Fungi Beasts","floor":5,"turns":3},{"damage":20,"enemies":"The Mushroom Lair","floor":7,"turns":3},{"damage":12,"enemies":"3 Sentries","floor":10,"turns":3},{"damage":1,"enemies":"Exordium Wildlife","floor":11,"turns":1}],"seed_played":"-2885060792868086185","neow_bonus_log":{"cardsObtained":[],"cardsUpgraded":[],"cardsRemoved":[],"cardsTransformed":[],"relicsObtained":[],"maxHpGained":0,"goldGained":0,"damageTaken":0,"goldLost":0,"maxHpLost":7},"potions_obtained":[{"floor":1,"key":"Weak Potion"},{"floor":5,"key":"Energy Potion"},{"floor":7,"key":"AttackPotion"}],"is_trial":false,"path_per_floor":["M","M","?","M","M","R","?","?","T","E","M"],"character_chosen":"DEFECT","basemod:card_modifiers":[null,null,null,null,null,null,null,null,null,null,null,null,null,null,null,null,null],"items_purchased":[],"campfire_rested":0,"item_purchase_floors":[],"current_hp_per_floor":[64,58,51,41,33,33,13,13,13,1,0],"gold":221,"neow_bonus":"RANDOM_COLORLESS_2","is_prod":false,"is_daily":false,"rewards_skipped":[],"chose_seed":false,"campfire_upgraded":1,"win_rate":0,"floor_exit_playtime":[54,89,97,131,186,191,248,253,255,321],"timestamp":1698250552,"path_taken":["M","?","?","M","M","R","?","?","T","E","M"],"build_version":"2022-12-18","purchased_purges":0,"victory":false,"max_hp_per_floor":[64,64,64,64,64,64,64,58,58,58,58],"relic_stats":{"Happy Flower":[1],"counters":[7,19],"Golden Idol":6,"The Courier":0,"obtain_stats":[{"Happy Flower":9,"Golden Idol":8,"The Courier":10,"Odd Mushroom":7,"Cracked Core":0},{"Happy Flower":5,"Golden Idol":5,"The Courier":6,"Odd Mushroom":5,"Cracked Core":0},{"Happy Flower":15,"Golden Idol":15,"The Courier":18,"Odd Mushroom":15,"Cracked Core":0}]},"card_choices":[{"not_picked":["Thinking Ahead","Secret Technique"],"picked":"Apotheosis","floor":0},{"not_picked":["Hologram","Coolheaded"],"picked":"Lockon","floor":1},{"not_picked":["Auto Shields","Hologram"],"picked":"Static Discharge","floor":2},{"not_picked":["Loop","Turbo"],"picked":"Streamline","floor":4},{"not_picked":["Turbo","Stack"],"picked":"Storm","floor":5},{"not_picked":["Cold Snap","Rebound"],"picked":"Biased Cognition","floor":7},{"not_picked":["Ball Lightning","Barrage"],"picked":"Leap","floor":10}],"player_experience":2202201,"relics_obtained":[{"floor":7,"key":"Odd Mushroom"},{"floor":9,"key":"Happy Flower"},{"floor":10,"key":"The Courier"}],"event_choices":[{"cards_removed":["Strike_B"],"damage_healed":0,"gold_gain":0,"player_choice":"Card Removal","damage_taken":7,"max_hp_gain":0,"max_hp_loss":0,"event_name":"Golden Wing","floor":3,"gold_loss":0},{"damage_healed":0,"gold_gain":0,"player_choice":"Fought Mushrooms","damage_taken":0,"max_hp_gain":0,"max_hp_loss":0,"event_name":"Mushrooms","floor":7,"gold_loss":0},{"damage_healed":0,"gold_gain":0,"player_choice":"Lose Max HP","damage_taken":0,"relics_obtained":["Golden Idol"],"max_hp_gain":0,"max_hp_loss":6,"event_name":"Golden Idol","floor":8,"gold_loss":0}],"is_beta":false,"boss_relics":[],"items_purged_floors":[],"is_endless":false,"potions_floor_spawned":[1,5,7],"killed_by":"Exordium Wildlife","ascension_level":20,"potion_discard_per_floor":[[],[],[],[],[],[],[],[],[],[],[]]}