{"neow_bonuses_skipped_log":["UPGRADE_CARD","TEN_PERCENT_HP_BONUS","BOSS_RELIC"],"potions_obtained_entropic_brew":[[],[],[],[],[],[],[],[],[],[],[],[],[],[],[],[],[],[],[],[],[],[],[],[],[],[],[],[],[],[],[],[],[],[],[],[],[],[],[],[],[],[],[],[],[],[],[],[],[],[],[],[],[],[],[],[],[]],"neow_costs_skipped_log":["NONE","NONE","NONE"],"gold_per_floor":[131,56,116,116,151,196,196,196,271,304,0,32,32,17,17,90,90,123,103,115,154,207,207,258,258,281,334,334,754,802,819,819,890,890,961,961,524,570,589,619,619,629,629,629,519,530,271,302,302,342,342,342,342,47,72,72],"floor_reached":57,"playtime":3516,"items_purged":["Strike_B","Zap","Tempest","HandOfGreed"],"score":2846,"play_id":"9490d627-ee3c-466e-8f01-4be9492e35d4","local_time":"20231025131501","score_breakdown":["Floors Climbed (57): 285","Enemies Slain (14): 28","Exordium Elites Killed (3): 30","City Elites Killed (1): 20","Beyond Elites Killed (2): 60","Bosses Slain (5): 750","Speedster: 25","Money Money (1525): 25","Champion (1): 25","Perfect (1): 50","Overkill: 25","Ascension (20): 1273","Heartbreaker: 250"],"is_ascension_mode":true,"potions_obtained_alchemize":[[],[],[],[],[],[],[],[],[],[],[],[],[],[],[],[],[],[],[],[],[],[],[],[],[],[],[],[],[],[],[],[],[],[],[],[],[],[],[],[],[],[],[],[],[],[],[],[],[],[],[],[],[],[],[],[],[]],"campfire_choices":[{"data":"Defragment","floor":7,"key":"SMITH"},{"data":"Coolheaded","floor":13,"key":"SMITH"},{"data":"Electrodynamics","floor":15,"key":"SMITH"},{"data":"Buffer","floor":23,"key":"SMITH"},{"data":"Skim","floor":25,"key":"SMITH"},{"data":"Chill","floor":32,"key":"SMITH"},{"data":"Defragment","floor":41,"key":"SMITH"},{"data":"Coolheaded","floor":44,"key":"SMITH"},{"floor":49,"key":"RECALL"},{"data":"Heatsinks","floor":53,"key":"SMITH"}],"lesson_learned_per_floor":[[],[],[],[],[],[],[],[],[],[],[],[],[],[],[],[],[],[],[],[],[],[],[],[],[],[],[],[],[],[],[],[],[],[],[],[],[],[],[],[],[],[],[],[],[],[],[],[],[],[],[],[],[],[],[],[],[]],"neow_cost":"TEN_PERCENT_HP_LOSS","improvable_cards":{"Genetic Algorithm+1":[76]},"seed_source_timestamp":3319307981844500,"shop_contents":[{"floor":11,"relics":["Symbiotic Virus","Bronze Scales"],"cards":["Scrape","Leap","Conserve Battery","Buffer","Good Instincts","The Bomb"],"potions":["EssenceOfDarkness","SpeedPotion","SpeedPotion"]},{"floor":37,"relics":["White Beast Statue","Chemical X"],"cards":["FTL","Go for the Eyes","Chill","Double Energy","Hello World","Purity","Apotheosis"],"potions":["SteroidPotion","DistilledChaos"]},{"floor":47,"relics":["Emotion Chip","Mercury Hourglass"],"cards":["Rip and Tear","Beam Cell","Chill","White Noise","Enlightenment","Thinking Ahead"],"potions":["FocusPotion","Regen Potion","DistilledChaos"]},{"floor":54,"relics":["Pear","StrikeDummy"],"cards":["Scrape","Sunder","Conserve Battery","Leap","Deep Breath","Chrysalis"],"potions":["PotionOfCapacity","DuplicationPotion","EssenceOfSteel"]}],"circlet_count":0,"master_deck":["AscendersBane","Dualcast","Chill+1","Defragment+1","Self Repair","Electrodynamics+1","Cold Snap","Coolheaded+1","Buffer+1","Skim+1","Genetic Algorithm+1","Rainbow","Streamline","Defragment+1","Echo Form","Buffer","Defragment+1","Loop+1","Coolheaded+1","Heatsinks+1","Capacitor","Redo"],"potion_use_per_floor":[[],[],[],[],[],["DuplicationPotion"],[],[],[],[],[],["Strength Potion"],[],[],[],["AttackPotion"],[],["EssenceOfSteel"],[],[],[],[],[],["ColorlessPotion"],[],[],[],[],[],[],[],[],["GamblersBrew"],[],[],[],[],[],[],[],[],[],[],[],[],[],[],[],[],[],[],[],[],[],[],["FocusPotion","PowerPotion"],[]],"relics":["Cracked Core","Orichalcum","Singing Bowl","Nunchaku","Runic Capacitor","Bag of Preparation","Snecko Eye","Ornamental Fan","Smiling Mask","Old Coin","InkBottle","Blood Vial","Pandora\u0027s Box","Incense Burner","Ice Cream","Meat on the Bone","Frozen Eye","Anchor","OrangePellets","Boot"],"potions_floor_usage":[6,12,16,18,24,33,56,56],"damage_taken":[{"damage":5,"enemies":"Small Slimes","floor":1,"turns":3},{"damage":2,"enemies":"2 Louse","floor":3,"turns":4},{"damage":0,"enemies":"Cultist","floor":5,"turns":4},{"damage":21,"enemies":"Lagavulin","floor":6,"turns":8},{"damage":4,"enemies":"3 Sentries","floor":10,"turns":7},{"damage":14,"enemies":"Gremlin Nob","floor":12,"turns":4},{"damage":5,"enemies":"Exordium Thugs","floor":14,"turns":5},{"damage":24,"enemies":"Slime Boss","floor":16,"turns":6},{"damage":0,"enemies":"Shell Parasite","floor":18,"turns":9},{"damage":9,"enemies":"Spheric Guardian","floor":20,"turns":4},{"damage":13,"enemies":"Snecko","floor":21,"turns":6},{"damage":0,"enemies":"Chosen and Byrds","floor":22,"turns":4},{"damage":9,"enemies":"Slavers","floor":24,"turns":4},{"damage":6,"enemies":"Centurion and Healer","floor":27,"turns":6},{"damage":8,"enemies":"Colosseum Slavers","floor":29,"turns":3},{"damage":1,"enemies":"Colosseum Nobs","floor":29,"turns":3},{"damage":9,"enemies":"Cultist and Chosen","floor":31,"turns":5},{"damage":65,"enemies":"Automaton","floor":33,"turns":15},{"damage":0,"enemies":"3 Shapes","floor":35,"turns":5},{"damage":8,"enemies":"2 Orb Walkers","floor":38,"turns":5},{"damage":0,"enemies":"Orb Walker","floor":39,"turns":6},{"damage":0,"enemies":"Nemesis","floor":40,"turns":13},{"damage":0,"enemies":"Jaw Worm Horde","floor":42,"turns":2},{"damage":0,"enemies":"Writhing Mass","floor":46,"turns":6},{"damage":9,"enemies":"Reptomancer","floor":48,"turns":7},{"damage":14,"enemies":"Donu and Deca","floor":50,"turns":13},{"damage":0,"enemies":"Time Eater","floor":51,"turns":6},{"damage":2,"enemies":"Shield and Spear","floor":55,"turns":12},{"damage":28,"enemies":"The Heart","floor":56,"turns":12}],"green_key_taken_log":40,"seed_played":"3238092889178719114","neow_bonus_log":{"cardsObtained":[],"cardsUpgraded":[],"cardsRemoved":[],"cardsTransformed":[],"relicsObtained":[],"maxHpGained":0,"goldGained":0,"damageTaken":0,"goldLost":0,"maxHpLost":7},"potions_obtained":[{"floor":1,"key":"DuplicationPotion"},{"floor":3,"key":"Strength Potion"},{"floor":12,"key":"AttackPotion"},{"floor":16,"key":"EssenceOfSteel"},{"floor":18,"key":"Strength Potion"},{"floor":19,"key":"Strength Potion"},{"floor":22,"key":"ColorlessPotion"},{"floor":24,"key":"Fire Potion"},{"floor":27,"key":"GamblersBrew"},{"floor":40,"key":"PowerPotion"}],"is_trial":false,"path_per_floor":["M","?","M","?","M","E","R","?","T","E","$","E","R","M","R","B",null,"M","?","M","M","M","R","E","R","T","M","?","?","T","M","R","B",null,"M","?","$","?","M","E","R","M","T","R","?","M","$","E","R","B","B",null,"R","$","E","B",null],"character_chosen":"DEFECT","basemod:card_modifiers":[null,null,null,null,null,null,null,null,null,null,null,null,null,null,null,null,null,null,null,null,null,null],"items_purchased":["Runic Capacitor","Cold Snap","Incense Burner","FocusPotion","Heatsinks","Frozen Eye","Capacitor","OrangePellets"],"campfire_rested":0,"item_purchase_floors":[11,11,37,37,47,47,54,54],"current_hp_per_floor":[59,59,57,62,62,48,48,48,48,53,53,46,46,50,50,33,63,70,70,61,57,66,66,66,66,66,69,69,69,69,71,71,15,68,84,81,81,82,85,85,85,85,85,85,85,87,87,87,87,82,89,89,89,89,89,61],"gold":72,"neow_bonus":"RANDOM_COLORLESS_2","is_prod":false,"is_daily":false,"rewards_skipped":[{"floor":5,"relics":[],"potions":["Block Potion"]},{"floor":39,"relics":[],"potions":["EssenceOfSteel"]},{"floor":42,"relics":[],"potions":["BlessingOfTheForge"]},{"floor":48,"relics":[],"potions":["LiquidMemories"]}],"chose_seed":false,"campfire_upgraded":9,"win_rate":0,"floor_exit_playtime":[42,50,73,77,108,180,192,199,202,291,311,403,412,476,483,570,592,745,751,819,897,968,977,1045,1054,1057,1163,1166,1290,1294,1371,1382,1639,1658,1747,1751,1802,1920,2016,2222,2234,2284,2286,2293,2316,2431,2455,2588,2591,2841,2976,2988,3002,3022,3271,3516],"timestamp":1698254101,"blue_key_relic_skipped_log":{"floor":43,"relicID":"Bottled Flame"},"path_taken":["M","?","M","?","M","E","R","?","T","E","$","E","R","M","R","BOSS","M","?","?","M","M","R","E","R","T","M","?","?","?","M","R","BOSS","M","?","$","?","M","E","R","M","T","R","?","M","$","E","R","BOSS","BOSS","R","$","E","BOSS"],"build_version":"2022-12-18","purchased_purges":4,"victory":true,"max_hp_per_floor":[64,64,64,69,69,69,69,69,69,71,71,71,71,73,73,73,73,73,73,73,75,77,77,79,79,79,81,81,83,83,85,85,85,85,85,81,81,83,85,85,85,85,85,85,85,87,87,89,89,89,89,89,89,89,89,89],"relic_stats":{"Ice Cream":[106],"Singing Bowl":24,"counters":[29,186],"Bag of Preparation":[46],"Orichalcum":[462],"Smiling Mask":225,"Boot":[0],"Blood Vial":11,"Frozen Eye":0.0,"OrangePellets":[3],"Nunchaku":[16],"Ornamental Fan":[40],"Snecko Eye":[268,269,260,264,-300],"Pandora\u0027s Box":["Streamline","Defragment","Darkness","Echo Form","Buffer","Tempest"],"obtain_stats":[{"Ice Cream":38,"Singing Bowl":9,"Runic Capacitor":11,"Bag of Preparation":12,"Incense Burner":37,"Orichalcum":6,"Smiling Mask":26,"Boot":55,"Old Coin":29,"Blood Vial":30,"Frozen Eye":47,"OrangePellets":54,"Nunchaku":10,"Anchor":48,"Ornamental Fan":24,"Snecko Eye":17,"Pandora\u0027s Box":34,"Cracked Core":0,"InkBottle":29,"Meat on the Bone":40},{"Ice Cream":20,"Singing Bowl":4,"Runic Capacitor":5,"Bag of Preparation":6,"Incense Burner":19,"Orichalcum":4,"Smiling Mask":13,"Boot":28,"Old Coin":16,"Blood Vial":16,"Frozen Eye":24,"OrangePellets":27,"Nunchaku":5,"Anchor":25,"Ornamental Fan":13,"Snecko Eye":8,"Pandora\u0027s Box":18,"Cracked Core":0,"InkBottle":16,"Meat on the Bone":22},{"Ice Cream":110,"Singing Bowl":19,"Runic Capacitor":26,"Bag of Preparation":30,"Incense Burner":105,"Orichalcum":19,"Smiling Mask":68,"Boot":174,"Old Coin":80,"Blood Vial":80,"Frozen Eye":137,"OrangePellets":162,"Nunchaku":26,"Anchor":143,"Ornamental Fan":68,"Snecko Eye":41,"Pandora\u0027s Box":100,"Cracked Core":0,"InkBottle":80,"Meat on the Bone":129}],"InkBottle":[28],"Meat on the Bone":0},"card_choices":[{"not_picked":["Thinking Ahead","Master of Strategy"],"picked":"HandOfGreed","floor":0},{"not_picked":["Skim","Leap"],"picked":"Chill","floor":1},{"not_picked":["Sweeping Beam","Tempest"],"picked":"Defragment","floor":3},{"not_picked":["Conserve Battery","Meteor Strike"],"picked":"Self Repair","floor":5},{"not_picked":["White Noise","Darkness"],"picked":"Electrodynamics","floor":6},{"not_picked":["Streamline","Steam","Lockon"],"picked":"Singing Bowl","floor":10},{"not_picked":["Turbo","Tempest"],"picked":"Coolheaded","floor":12},{"not_picked":["Cold Snap","Redo","Streamline"],"picked":"Singing Bowl","floor":14},{"not_picked":["Machine Learning","Core Surge"],"picked":"Buffer","floor":16},{"not_picked":["Rip and Tear","White Noise"],"picked":"Skim","floor":18},{"not_picked":["Hologram","Ball Lightning"],"picked":"Genetic Algorithm+1","floor":20},{"not_picked":["Cold Snap","Beam Cell","Turbo"],"picked":"Singing Bowl","floor":21},{"not_picked":["Turbo","Rebound","Go for the Eyes"],"picked":"Singing Bowl","floor":22},{"not_picked":["Sweeping Beam","Redo+1","Melter"],"picked":"Singing Bowl","floor":24},{"not_picked":["Conserve Battery","Compile Driver","Sweeping Beam"],"picked":"Singing Bowl","floor":27},{"not_picked":["Reinforced Body","Static Discharge","Scrape"],"picked":"Singing Bowl","floor":29},{"not_picked":["Multi-Cast","Stack","Conserve Battery"],"picked":"Singing Bowl","floor":31},{"not_picked":["Buffer","Electrodynamics"],"picked":"Rainbow","floor":33},{"not_picked":["Melter","Beam Cell+1"],"picked":"Defragment+1","floor":35},{"not_picked":["Streamline","Sweeping Beam+1","Turbo"],"picked":"Singing Bowl","floor":38},{"not_picked":["Barrage","Sweeping Beam","Rebound"],"picked":"Singing Bowl","floor":39},{"not_picked":["BootSequence","Tempest+1"],"picked":"Loop","floor":40},{"not_picked":["Stack","Go for the Eyes+1"],"picked":"Coolheaded","floor":42},{"not_picked":["Coolheaded","Aggregate+1","Steam+1"],"picked":"Singing Bowl","floor":46},{"not_picked":["Reprogram","Auto Shields","Biased Cognition"],"picked":"Singing Bowl","floor":48},{"not_picked":["Streamline","Hologram"],"picked":"Redo","floor":55}],"player_experience":2202539,"relics_obtained":[{"floor":6,"key":"Orichalcum"},{"floor":9,"key":"Singing Bowl"},{"floor":10,"key":"Nunchaku"},{"floor":12,"key":"Bag of Preparation"},{"floor":24,"key":"Ornamental Fan"},{"floor":26,"key":"Smiling Mask"},{"floor":29,"key":"Old Coin"},{"floor":29,"key":"InkBottle"},{"floor":30,"key":"Blood Vial"},{"floor":38,"key":"Ice Cream"},{"floor":40,"key":"Meat on the Bone"},{"floor":48,"key":"Anchor"},{"floor":55,"key":"Boot"}],"event_choices":[{"cards_removed":["Strike_B"],"damage_healed":0,"gold_gain":0,"player_choice":"Card Removal","damage_taken":0,"max_hp_gain":0,"max_hp_loss":0,"event_name":"The Cleric","floor":2,"gold_loss":75},{"damage_healed":0,"gold_gain":0,"player_choice":"Donut","damage_taken":0,"max_hp_gain":5,"max_hp_loss":0,"event_name":"Big Fish","floor":4,"gold_loss":0},{"damage_healed":0,"gold_gain":0,"player_choice":"Ignored","damage_taken":0,"max_hp_gain":0,"max_hp_loss":0,"event_name":"Liars Game","floor":8,"gold_loss":0},{"damage_healed":0,"gold_gain":0,"player_choice":"Bought 1 Potion","damage_taken":0,"max_hp_gain":0,"max_hp_loss":0,"event_name":"The Woman in Blue","floor":19,"gold_loss":0},{"damage_healed":0,"gold_gain":0,"player_choice":"Ignored","damage_taken":0,"max_hp_gain":0,"max_hp_loss":0,"event_name":"Ghosts","floor":28,"gold_loss":0},{"damage_healed":0,"gold_gain":0,"player_choice":"Fight","damage_taken":0,"max_hp_gain":0,"max_hp_loss":0,"event_name":"Colosseum","floor":29,"gold_loss":0},{"damage_healed":0,"gold_gain":0,"player_choice":"Fought Nobs","damage_taken":0,"max_hp_gain":0,"max_hp_loss":0,"event_name":"Colosseum","floor":29,"gold_loss":0},{"damage_healed":0,"gold_gain":0,"player_choice":"Max HP","damage_taken":0,"max_hp_gain":0,"max_hp_loss":4,"event_name":"Winding Halls","floor":36,"gold_loss":0},{"damage_healed":0,"gold_gain":0,"player_choice":"Fight","damage_taken":0,"max_hp_gain":0,"max_hp_loss":0,"event_name":"Mysterious Sphere","floor":38,"gold_loss":0},{"cards_removed":["Darkness"],"damage_healed":0,"gold_gain":0,"player_choice":"Upgrade and Remove","damage_taken":0,"max_hp_gain":0,"max_hp_loss":0,"event_name":"Designer","floor":45,"gold_loss":110,"cards_upgraded":["Loop"]}],"is_beta":false,"boss_relics":[{"not_picked":["Cursed Key","Busted Crown"],"picked":"Snecko Eye"},{"not_picked":["Velvet Choker","Calling Bell"],"picked":"Pandora\u0027s Box"}],"items_purged_floors":[11,37,47,54],"is_endless":false,"potions_floor_spawned":[1,3,5,12,16,18,22,24,27,29,39,40,42,48],"ascension_level":20,"potion_discard_per_floor":[[],[],[],[],[],[],[],[],[],[],[],[],[],[],[],[],[],[],[],[],[],["Strength Potion"],[],[],[],[],["Strength Potion"],[],[],[],[],[],[],[],[],[],[],[],[],["Fire Potion"],[],[],[],[],[],[],[],[],[],[],[],[],[],[],[],[],[]]}