{"neow_bonuses_skipped_log":["RANDOM_COLORLESS","HUNDRED_GOLD","TWO_FIFTY_GOLD"],"neow_costs_skipped_log":["NONE","NONE","PERCENT_DAMAGE"],"potions_obtained_entropic_brew":[[],[],[],[],[],[],[]],"gold_per_floor":[116,131,150,150,170,170,170],"floor_reached":7,"playtime":189,"items_purged":[],"score":86,"play_id":"7733c684-bbac-4484-afbe-6a7313d31157","local_time":"20231024212627","score_breakdown":["Floors Climbed (7): 35","Enemies Slain (4): 8","Exordium Elites Killed (0): 0","Bosses Slain (0): 0","Ascension (20): 43"],"is_ascension_mode":true,"potions_obtained_alchemize":[[],[],[],[],[],[],[]],"campfire_choices":[{"floor":6,"key":"REST"}],"lesson_learned_per_floor":[[],[],[],[],[],[],[]],"neow_cost":"NONE","improvable_cards":{},"seed_source_timestamp":3265744611730600,"shop_contents":[],"circlet_count":0,"master_deck":["AscendersBane","Strike_B","Strike_B","Strike_B","Strike_B","Defend_B","Defend_B","Defend_B","Defend_B","Zap","Dualcast","Lockon","Gash","Ball Lightning","Chill"],"potion_use_per_floor":[[],[],[],[],[],[],[]],"relics":["Black Star"],"potions_floor_usage":[],"damage_taken":[{"damage":1,"enemies":"Cultist","floor":1,"turns":4},{"damage":1,"enemies":"Small Slimes","floor":2,"turns":3},{"damage":8,"enemies":"2 Louse","floor":3,"turns":2},{"damage":35,"enemies":"Gremlin Gang","floor":5,"turns":5},{"damage":72,"enemies":"Gremlin Nob","floor":7,"turns":4}],"seed_played":"5884471905422692267","neow_bonus_log":{"cardsObtained":[],"cardsUpgraded":[],"cardsRemoved":[],"cardsTransformed":[],"relicsObtained":["Black Star"],"maxHpGained":0,"goldGained":0,"damageTaken":0,"goldLost":0,"maxHpLost":0},"potions_obtained":[{"floor":5,"key":"Dexterity Potion"}],"is_trial":false,"path_per_floor":["M","M","M","?","M","R","E"],"character_chosen":"DEFECT","basemod:card_modifiers":[null,null,null,null,null,null,null,null,null,null,null,null,null,null,null],"items_purchased":[],"campfire_rested":1,"item_purchase_floors":[],"current_hp_per_floor":[63,62,54,54,19,40,0],"gold":170,"neow_bonus":"BOSS_RELIC","is_prod":false,"is_daily":false,"rewards_skipped":[],"chose_seed":false,"campfire_upgraded":0,"win_rate":0,"floor_exit_playtime":[51,81,96,101,157,162],"timestamp":1698197187,"path_taken":["M","M","M","?","M","R","E"],"build_version":"2022-12-18","purchased_purges":0,"victory":false,"max_hp_per_floor":[71,71,71,71,71,71,71],"relic_stats":{"counters":[5,18],"Black Star":0,"obtain_stats":[{"Black Star":0,"Cracked Core":0},{"Black Star":0,"Cracked Core":0},{"Black Star":0,"Cracked Core":0}]},"card_choices":[{"not_picked":["Sweeping Beam","Barrage"],"picked":"Lockon","floor":1},{"not_picked":["Streamline","Compile Driver"],"picked":"Gash","floor":2},{"not_picked":["Lockon","Redo"],"picked":"Ball Lightning","floor":3},{"not_picked":["Conserve Battery","Genetic Algorithm"],"picked":"Chill","floor":5}],"player_experience":2193818,"relics_obtained":[],"event_choices":[{"damage_healed":0,"gold_gain":0,"player_choice":"Ignored","damage_taken":0,"max_hp_gain":0,"max_hp_loss":0,"event_name":"Liars Game","floor":4,"gold_loss":0}],"is_beta":false,"boss_relics":[],"items_purged_floors":[],"is_endless":false,"potions_floor_spawned":[5],"killed_by":"Gremlin Nob","ascension_level":20,"potion_discard_per_floor":[[],[],[],[],[],[],[]]}