{"neow_bonuses_skipped_log":["UPGRADE_CARD","THREE_ENEMY_KILL","BOSS_RELIC"],"potions_obtained_entropic_brew":[[],[],[],[],[],[],[],[],[],[],[],[],[],[],[],[],[],[],[],[],[],[],[],[]],"neow_costs_skipped_log":["NONE","NONE","NONE"],"gold_per_floor":[114,128,74,91,91,91,123,123,123,133,143,143,176,191,191,265,265,285,299,349,349,3,3,3],"floor_reached":24,"playtime":1010,"items_purged":[],"score":412,"play_id":"a3707c08-48bd-4cc4-b78c-1ab76d6001f4","local_time":"20231114132835","score_breakdown":["Floors Climbed (24): 120","Enemies Slain (8): 16","Exordium Elites Killed (2): 20","City Elites Killed (0): 0","Bosses Slain (1): 50","Ascension (20): 206"],"is_ascension_mode":true,"potions_obtained_alchemize":[[],[],[],[],[],[],[],[],[],[],[],[],[],[],[],[],[],[],[],[],[],[],[],[]],"campfire_choices":[{"data":"Beam Cell","floor":6,"key":"SMITH"},{"floor":8,"key":"REST"},{"data":"Seek","floor":15,"key":"SMITH"},{"floor":23,"key":"REST"}],"lesson_learned_per_floor":[[],[],[],[],[],[],[],[],[],[],[],[],[],[],[],[],[],[],[],[],[],[],[],[]],"neow_cost":"TEN_PERCENT_HP_LOSS","improvable_cards":{},"seed_source_timestamp":5054230484640300,"shop_contents":[{"floor":3,"relics":["CeramicFish","Happy Flower","ClockworkSouvenir"],"cards":["FTL","Core Surge","Hologram","Fusion","Heatsinks","PanicButton","Secret Weapon"],"potions":["GamblersBrew","EssenceOfSteel"]},{"floor":22,"relics":["War Paint","DollysMirror"],"cards":["Blizzard","Scrape","Steam","Hologram","Jack Of All Trades","Sadistic Nature"],"potions":["SteroidPotion","GamblersBrew","Strength Potion"]}],"circlet_count":0,"master_deck":["AscendersBane","Zap","Dualcast","Seek+1","Conserve Battery","Beam Cell+1","Rebound","Streamline","Sunder","Turbo","Leap","Core Surge","Beam Cell","Rip and Tear","Doom and Gloom","Redo","Rainbow","Redo","Conserve Battery+1","Steam+1","Self Repair"],"potion_use_per_floor":[[],[],[],[],[],[],["SpeedPotion"],[],[],[],[],[],["BlessingOfTheForge"],[],[],["BlessingOfTheForge"],[],[],[],[],[],[],[],[]],"relics":["Cracked Core","Bag of Marbles","Pantograph","Shovel","Pandora\u0027s Box","Cables"],"potions_floor_usage":[7,13,16],"damage_taken":[{"damage":10,"enemies":"2 Louse","floor":1,"turns":3},{"damage":1,"enemies":"Cultist","floor":2,"turns":3},{"damage":14,"enemies":"Small Slimes","floor":4,"turns":4},{"damage":18,"enemies":"3 Sentries","floor":7,"turns":7},{"damage":12,"enemies":"Exordium Wildlife","floor":10,"turns":3},{"damage":10,"enemies":"3 Louse","floor":11,"turns":2},{"damage":11,"enemies":"Gremlin Nob","floor":13,"turns":3},{"damage":0,"enemies":"2 Fungi Beasts","floor":14,"turns":2},{"damage":5,"enemies":"The Guardian","floor":16,"turns":10},{"damage":17,"enemies":"Chosen","floor":18,"turns":4},{"damage":19,"enemies":"3 Byrds","floor":19,"turns":4},{"damage":29,"enemies":"Snake Plant","floor":24,"turns":2}],"seed_played":"2015434544187660052","neow_bonus_log":{"cardsObtained":[],"cardsUpgraded":[],"cardsRemoved":[],"cardsTransformed":[],"relicsObtained":[],"maxHpGained":0,"goldGained":0,"damageTaken":0,"goldLost":0,"maxHpLost":7},"potions_obtained":[{"floor":4,"key":"SpeedPotion"},{"floor":11,"key":"Dexterity Potion"},{"floor":14,"key":"BlessingOfTheForge"},{"floor":19,"key":"LiquidBronze"}],"is_trial":false,"path_per_floor":["M","M","$","M","?","R","E","R","T","M","M","?","E","M","R","B",null,"M","M","?","?","$","R","M"],"character_chosen":"DEFECT","basemod:card_modifiers":[null,null,null,null,null,null,null,null,null,null,null,null,null,null,null,null,null,null,null,null,null],"items_purchased":["BlessingOfTheForge","Self Repair","Cables"],"campfire_rested":2,"item_purchase_floors":[3,22,22],"current_hp_per_floor":[54,53,53,39,39,39,21,40,40,28,18,18,7,7,7,27,55,38,19,19,2,2,22,0],"gold":3,"neow_bonus":"THREE_RARE_CARDS","is_prod":false,"is_daily":false,"rewards_skipped":[],"chose_seed":false,"campfire_upgraded":2,"win_rate":0,"floor_exit_playtime":[52,96,116,153,178,189,302,307,314,369,421,427,477,515,533,744,765,811,905,910,915,941,945],"timestamp":1699986515,"path_taken":["M","M","$","M","?","R","E","R","T","M","M","?","E","M","R","BOSS","M","M","?","?","?","R","M"],"build_version":"2022-12-18","purchased_purges":0,"victory":false,"max_hp_per_floor":[64,64,64,64,64,64,64,64,64,64,64,64,64,64,64,64,64,64,64,64,69,69,69,69],"relic_stats":{"Shovel":0,"counters":[12,47],"Pantograph":25,"Pandora\u0027s Box":["Beam Cell","Rip and Tear","Doom and Gloom","Redo","Rainbow","Redo"],"obtain_stats":[{"Shovel":13,"Pantograph":9,"Pandora\u0027s Box":17,"Bag of Marbles":7,"Cracked Core":0,"Cables":22},{"Shovel":7,"Pantograph":4,"Pandora\u0027s Box":9,"Bag of Marbles":4,"Cracked Core":0,"Cables":11},{"Shovel":25,"Pantograph":17,"Pandora\u0027s Box":37,"Bag of Marbles":17,"Cracked Core":0,"Cables":45}],"Cables":[2,1,1,0,0]},"card_choices":[{"not_picked":["Reboot","Multi-Cast"],"picked":"Seek","floor":0},{"not_picked":["Conserve Battery","Coolheaded","Barrage"],"picked":"SKIP","floor":1},{"not_picked":["Coolheaded","Barrage"],"picked":"Conserve Battery","floor":1},{"not_picked":["Steam","Redo","Scrape"],"picked":"SKIP","floor":2},{"not_picked":["Go for the Eyes","Loop"],"picked":"Beam Cell","floor":4},{"not_picked":["Reboot","Gash"],"picked":"Streamline","floor":7},{"not_picked":["Coolheaded","Chaos"],"picked":"Sunder","floor":10},{"not_picked":["Genetic Algorithm","Loop"],"picked":"Turbo","floor":11},{"not_picked":["Rebound","Hyperbeam"],"picked":"Leap","floor":13},{"not_picked":["Turbo","Steam","Stack"],"picked":"SKIP","floor":14},{"not_picked":["Fission","Multi-Cast"],"picked":"Core Surge","floor":16},{"not_picked":["Aggregate","Beam Cell+1"],"picked":"Conserve Battery+1","floor":18},{"not_picked":["Hologram","Storm"],"picked":"Steam+1","floor":19}],"player_experience":2247252,"relics_obtained":[{"floor":7,"key":"Bag of Marbles"},{"floor":9,"key":"Pantograph"},{"floor":13,"key":"Shovel"}],"event_choices":[{"damage_healed":0,"gold_gain":0,"cards_transformed":["Strike_B"],"player_choice":"Change","damage_taken":0,"max_hp_gain":0,"max_hp_loss":0,"event_name":"Living Wall","floor":5,"gold_loss":0,"cards_obtained":["Rebound"]},{"cards_removed":["Strike_B"],"damage_healed":0,"gold_gain":0,"player_choice":"Purged","damage_taken":0,"max_hp_gain":0,"max_hp_loss":0,"event_name":"Purifier","floor":12,"gold_loss":0},{"damage_healed":0,"gold_gain":50,"player_choice":"Stole From Cult","damage_taken":0,"max_hp_gain":0,"max_hp_loss":0,"event_name":"Nest","floor":20,"gold_loss":0},{"damage_healed":0,"gold_gain":0,"player_choice":"Shed Blood","damage_taken":22,"max_hp_gain":5,"max_hp_loss":0,"event_name":"Forgotten Altar","floor":21,"gold_loss":0}],"is_beta":false,"boss_relics":[{"not_picked":["Coffee Dripper","Sozu"],"picked":"Pandora\u0027s Box"}],"items_purged_floors":[],"is_endless":false,"potions_floor_spawned":[4,11,14,19],"killed_by":"Snake Plant","ascension_level":20,"potion_discard_per_floor":[[],[],[],[],[],[],[],[],[],[],[],[],[],[],[],[],[],[],[],[],[],[],[],[]]}