{"neow_bonuses_skipped_log":["THREE_SMALL_POTIONS","ONE_RARE_RELIC","BOSS_RELIC"],"neow_costs_skipped_log":["NONE","NO_GOLD","NONE"],"potions_obtained_entropic_brew":[[],[],[],[],[],[],[],[],[],[],[],[],[],[],[],[],[],[],[],[],[],[],[],[],[],[],[],[],[],[],[],[],[]],"gold_per_floor":[119,119,138,153,163,163,188,201,254,254,270,270,300,300,300,377,377,395,128,161,175,175,209,209,224,224,235,165,165,165,193,193,193],"floor_reached":33,"playtime":11595,"items_purged":["Strike_B","Parasite"],"score":690,"play_id":"cc28fe63-f48b-404a-b76a-b0c7f3857ffd","local_time":"20231105013922","score_breakdown":["Floors Climbed (33): 165","Enemies Slain (10): 20","Exordium Elites Killed (2): 20","City Elites Killed (2): 40","Bosses Slain (1): 50","Champion (2): 50","Ascension (20): 345"],"is_ascension_mode":true,"potions_obtained_alchemize":[[],[],[],[],[],[],[],[],[],[],[],[],[],[],[],[],[],[],[],[],[],[],[],[],[],[],[],[],[],[],[],[],[]],"campfire_choices":[{"data":"Biased Cognition","floor":6.0,"key":"SMITH"},{"floor":12.0,"key":"REST"},{"data":"Seek","floor":15.0,"key":"SMITH"},{"floor":24.0,"key":"REST"},{"data":"Defragment","floor":32,"key":"SMITH"}],"lesson_learned_per_floor":[[],[],[],[],[],[],[],[],[],[],[],[],[],[],[],[],[],[],[],[],[],[],[],[],[],[],[],[],[],[],[],[],[]],"neow_cost":"NONE","improvable_cards":{},"seed_source_timestamp":4223452892808100,"shop_contents":[{"floor":19,"relics":["Emotion Chip","Toy Ornithopter"],"cards":["Beam Cell","White Noise","Tempest","Discovery","Transmutation"],"potions":["Ancient Potion","LiquidBronze","PotionOfCapacity"]},{"floor":28,"relics":["Boot","Pear","Medical Kit"],"cards":["Rebound","Ball Lightning","Leap","Turbo","Mind Blast","Mayhem"],"potions":["Weak Potion","GamblersBrew","SteroidPotion"]}],"circlet_count":0,"master_deck":["AscendersBane","Strike_B","Strike_B","Strike_B","Defend_B","Defend_B","Defend_B","Zap","Dualcast","Seek+1","Streamline+1","Rebound","Biased Cognition+1","Cold Snap+1","Coolheaded","Coolheaded","Compile Driver","Chill","Rainbow","Ball Lightning","Defragment+1","Doom and Gloom","Aggregate","Biased Cognition","Darkness+1","Heatsinks","Blizzard"],"special_seed":0,"potion_use_per_floor":[[],[],[],[],[],[],[],[],[],[],[],[],[],[],[],["PotionOfCapacity"],[],[],[],[],[],[],["FearPotion"],[],[],[],[],[],[],[],[],[],["Swift Potion","PotionOfCapacity"]],"relics":["Cracked Core","Whetstone","Orichalcum","Blue Candle","Cursed Key","Membership Card","Nloth\u0027s Gift","PreservedInsect","Peace Pipe"],"potions_floor_usage":[33,33],"damage_taken":[{"damage":4.0,"enemies":"Jaw Worm","floor":1.0,"turns":4.0},{"damage":1.0,"enemies":"Cultist","floor":3.0,"turns":3.0},{"damage":0.0,"enemies":"2 Louse","floor":4.0,"turns":3.0},{"damage":6.0,"enemies":"Blue Slaver","floor":5.0,"turns":3.0},{"damage":31.0,"enemies":"Gremlin Nob","floor":7.0,"turns":4.0},{"damage":7.0,"enemies":"3 Louse","floor":8.0,"turns":4.0},{"damage":15.0,"enemies":"Gremlin Gang","floor":11.0,"turns":5.0},{"damage":0.0,"enemies":"3 Sentries","floor":13.0,"turns":7.0},{"damage":16.0,"enemies":"Slime Boss","floor":16.0,"turns":12.0},{"damage":0.0,"enemies":"Shell Parasite","floor":18.0,"turns":6.0},{"damage":10.0,"enemies":"Masked Bandits","floor":20.0,"turns":4.0},{"damage":0.0,"enemies":"Spheric Guardian","floor":21.0,"turns":3.0},{"damage":30.0,"enemies":"Slavers","floor":23.0,"turns":4.0},{"damage":0.0,"enemies":"Snecko","floor":25.0,"turns":3.0},{"damage":1,"enemies":"Centurion and Healer","floor":27,"turns":7},{"damage":0,"enemies":"Book of Stabbing","floor":31,"turns":3},{"damage":65,"enemies":"Champ","floor":33,"turns":13}],"seed_played":"-2041586869627290852","neow_bonus_log":{"cardsObtained":["Seek"],"cardsUpgraded":[],"cardsRemoved":[],"cardsTransformed":[],"relicsObtained":[],"maxHpGained":0,"goldGained":0,"damageTaken":0,"goldLost":0,"maxHpLost":0},"potions_obtained":[{"floor":3.0,"key":"PotionOfCapacity"},{"floor":4.0,"key":"PotionOfCapacity"},{"floor":16.0,"key":"FearPotion"},{"floor":23.0,"key":"Swift Potion"}],"is_trial":false,"path_per_floor":["M","?","M","M","M","R","E","M","T","?","M","R","E","?","R","B",null,"M","$","?","M","?","E","R","M","T","M","$","?","?","E","R","B"],"character_chosen":"DEFECT","basemod:card_modifiers":[null,null,null,null,null,null,null,null,null,null,null,null,null,null,null,null,null,null,null,null,null,null,null,null,null,null,null],"items_purchased":["Membership Card","Defragment","Doom and Gloom","Heatsinks"],"campfire_rested":2,"item_purchase_floors":[19,19,19,28],"current_hp_per_floor":[60,50,49,49,43,43,12,5,5,28,13,34,34,27,27,11,56,56,56,46,46,46,16,37,37,37,36,36,36,36,36,36,0],"gold":193,"neow_bonus":"ONE_RANDOM_RARE_CARD","is_prod":false,"is_daily":false,"rewards_skipped":[{"floor":5,"relics":[],"potions":["Regen Potion"]},{"floor":18,"relics":[],"potions":["Dexterity Potion"]},{"floor":30,"relics":[],"potions":["SteroidPotion","EntropicBrew"]}],"chose_seed":false,"campfire_upgraded":3,"win_rate":0,"floor_exit_playtime":[61,74,101,123,157,165,210,262,265,267,10343,10346,10445,10457,10468,10694,10712,10800,10826,10913,10956,10984,11068,11073,11137,11140,11253,11284,11289,11298,11345,11365],"timestamp":1699166362,"blue_key_relic_skipped_log":{"floor":26,"relicID":"WingedGreaves"},"path_taken":["M","?","M","M","M","R","E","?","T","?","M","R","E","?","R","BOSS","M","$","?","M","?","E","R","M","T","?","$","?","?","E","R","BOSS"],"build_version":"2022-12-18","purchased_purges":2,"victory":false,"max_hp_per_floor":[71,71,71,71,71,71,71,71,71,71,71,71,71,71,71,71,71,71,71,71,71,71,71,71,71,71,71,68,68,68,68,68,68],"relic_stats":{"Peace Pipe":0,"counters":[17,88],"Blue Candle":[0],"PreservedInsect":42,"Nloth\u0027s Gift":1,"Whetstone":["Cold Snap","Streamline"],"Membership Card":166,"Orichalcum":[174],"Cursed Key":1,"obtain_stats":[{"Peace Pipe":31,"Blue Candle":13,"PreservedInsect":23,"Red Mask":20,"Nloth\u0027s Gift":22,"Whetstone":7,"Membership Card":19,"Orichalcum":9,"Cracked Core":0,"Cursed Key":17},{"Peace Pipe":16,"Blue Candle":8,"PreservedInsect":13,"Red Mask":11,"Nloth\u0027s Gift":12,"Whetstone":5,"Membership Card":10,"Orichalcum":6,"Cracked Core":0,"Cursed Key":9},{"Peace Pipe":75,"Blue Candle":33,"PreservedInsect":62,"Red Mask":55,"Nloth\u0027s Gift":58,"Whetstone":17,"Membership Card":51,"Orichalcum":21,"Cracked Core":0,"Cursed Key":45}]},"card_choices":[{"not_picked":["Barrage","Sweeping Beam"],"picked":"Streamline","floor":1.0},{"not_picked":["Lockon","Skim"],"picked":"Rebound","floor":3.0},{"not_picked":["Compile Driver","Ball Lightning"],"picked":"Biased Cognition","floor":4.0},{"not_picked":["Beam Cell","Loop"],"picked":"Cold Snap","floor":5.0},{"not_picked":["Meteor Strike","Leap"],"picked":"Coolheaded","floor":7.0},{"not_picked":["Streamline","Go for the Eyes"],"picked":"Coolheaded","floor":8.0},{"not_picked":["Beam Cell","Undo"],"picked":"Compile Driver","floor":11.0},{"not_picked":["Rebound","Loop"],"picked":"Chill","floor":13.0},{"not_picked":["Multi-Cast","Seek"],"picked":"Rainbow","floor":16.0},{"not_picked":["Steam","Coolheaded"],"picked":"Ball Lightning","floor":18.0},{"not_picked":["Reinforced Body","Rebound"],"picked":"Aggregate","floor":20.0},{"not_picked":["Chill","Glacier","Leap"],"picked":"SKIP","floor":21.0},{"not_picked":["Compile Driver","Lockon"],"picked":"Biased Cognition","floor":23.0},{"not_picked":["Beam Cell","Ball Lightning"],"picked":"Darkness+1","floor":25.0},{"not_picked":["FTL","Static Discharge","Stack"],"picked":"SKIP","floor":27},{"not_picked":["Amplify","Force Field"],"picked":"Blizzard","floor":31}],"player_experience":2222589,"relics_obtained":[{"floor":7.0,"key":"Whetstone"},{"floor":9.0,"key":"Orichalcum"},{"floor":13.0,"key":"Blue Candle"},{"floor":20.0,"key":"Red Mask"},{"floor":23.0,"key":"PreservedInsect"},{"floor":31,"key":"Peace Pipe"}],"event_choices":[{"damage_healed":0.0,"max_hp_gain":0.0,"max_hp_loss":0.0,"gold_gain":0.0,"event_name":"Wheel of Change","player_choice":"Damaged","floor":2.0,"gold_loss":0.0,"damage_taken":10.0},{"damage_healed":23.0,"max_hp_gain":0.0,"max_hp_loss":0.0,"gold_gain":0.0,"event_name":"Big Fish","player_choice":"Banana","floor":10.0,"gold_loss":0.0,"damage_taken":0.0},{"cards_removed":["Defend_B"],"damage_healed":0.0,"max_hp_gain":0.0,"max_hp_loss":0.0,"gold_gain":0.0,"event_name":"Golden Wing","player_choice":"Card Removal","floor":14.0,"gold_loss":0.0,"damage_taken":7.0},{"damage_healed":0.0,"max_hp_gain":0.0,"max_hp_loss":0.0,"gold_gain":0.0,"event_name":"Masked Bandits","player_choice":"Fought Bandits","floor":20.0,"gold_loss":0.0,"damage_taken":0.0},{"damage_healed":0.0,"max_hp_gain":0.0,"max_hp_loss":0.0,"gold_gain":0.0,"event_name":"N\u0027loth","player_choice":"Traded Relic","floor":22.0,"relics_lost":["Red Mask"],"gold_loss":0.0,"damage_taken":0.0,"relics_obtained":["Nloth\u0027s Gift"]},{"damage_healed":0,"gold_gain":0,"player_choice":"Ignored","damage_taken":0,"max_hp_gain":0,"max_hp_loss":0,"event_name":"Cursed Tome","floor":29,"gold_loss":0},{"damage_healed":0,"gold_gain":0,"player_choice":"Got Potions","damage_taken":0,"max_hp_gain":0,"max_hp_loss":0,"event_name":"Lab","floor":30,"gold_loss":0}],"is_beta":false,"boss_relics":[{"not_picked":["FrozenCore","Tiny House"],"picked":"Cursed Key"}],"items_purged_floors":[19,28],"is_endless":false,"potions_floor_spawned":[3,4,5,16,18,23],"killed_by":"Champ","ascension_level":20,"potion_discard_per_floor":[[],[],[],[],[],[],[],[],[],[],[],[],[],[],[],[],[],[],[],[],[],[],[],[],[],[],[],[],[],[],[],[],[]]}