{"neow_bonuses_skipped_log":["THREE_SMALL_POTIONS","RANDOM_COLORLESS_2","BOSS_RELIC"],"potions_obtained_entropic_brew":[[],[],[],[],[],[],[],[],[],[],[],[],[],[],[],[],[],[],[],[],[],[],[],[],[],[],[],[],[],[],[],[],[],[],[],[],[],[],[],[],[],[],[],[],[],[]],"neow_costs_skipped_log":["NONE","NO_GOLD","NONE"],"gold_per_floor":[117,117,128,142,160,189,189,217,217,217,233,263,7,36,36,110,110,120,120,130,140,152,152,102,102,102,129,146,146,14,32,32,103,103,113,113,13,28,40,40,71,82,82,114,389,389],"floor_reached":46,"playtime":3583,"items_purged":["Dualcast","Strike_B"],"score":1110,"play_id":"0d26575d-e654-402e-b5d9-60e519032576","local_time":"20231114145443","falling_options_log":["Rip and Tear","Echo Form"],"score_breakdown":["Floors Climbed (46): 230","Enemies Slain (15): 30","Exordium Elites Killed (4): 40","City Elites Killed (1): 20","Beyond Elites Killed (2): 60","Bosses Slain (2): 150","Champion (1): 25","Ascension (20): 555"],"is_ascension_mode":true,"potions_obtained_alchemize":[[],[],[],[],[],[],[],[],[],[],[],[],[],[],[],[],[],[],[],[],[],[],[],[],[],[],[],[],[],[],[],[],[],[],[],[],[],[],[],[],[],[],[],[],[],[]],"campfire_choices":[{"data":"Sweeping Beam","floor":7,"key":"SMITH"},{"data":"Reprogram","floor":10,"key":"SMITH"},{"floor":15,"key":"REST"},{"floor":23,"key":"REST"},{"data":"Hologram","floor":25,"key":"SMITH"},{"floor":29,"key":"REST"},{"floor":32,"key":"DIG"},{"floor":40,"key":"DIG"}],"lesson_learned_per_floor":[[],[],[],[],[],[],[],[],[],[],[],[],[],[],[],[],[],[],[],[],[],[],[],[],[],[],[],[],[],[],[],[],[],[],[],[],[],[],[],[],[],[],[],[],[],[]],"neow_cost":"NONE","improvable_cards":{"Genetic Algorithm+1":[13]},"seed_source_timestamp":5056821263837000,"shop_contents":[{"floor":13,"relics":["Girya","Medical Kit"],"cards":["Barrage","Blizzard","Stack","Capacitor","Swift Strike","Thinking Ahead"],"potions":["DistilledChaos","Regen Potion"]},{"floor":30,"relics":["Art of War","Matryoshka","Cauldron"],"cards":["Rebound","Turbo","Rainbow","Hello World","Impatience","The Bomb"],"potions":["EssenceOfSteel","Strength Potion","Weak Potion"]},{"floor":37,"relics":["CeramicFish","Regal Pillow","OrangePellets"],"cards":["Blizzard","Ball Lightning","Hologram","Turbo","Loop","Flash of Steel","Mayhem"],"potions":["Weak Potion","BlessingOfTheForge","Weak Potion"]}],"circlet_count":0,"master_deck":["AscendersBane","Strike_B","Strike_B","Defend_B","Defend_B","Defend_B","Steam Power","Sweeping Beam+1","Ball Lightning","Rebound","Rip and Tear","Reprogram+1","Conserve Battery","Undo","Turbo","Hologram+1","Stack+1","Barrage","Echo Form","Recycle","Go for the Eyes+1","Genetic Algorithm+1","Leap+1"],"potion_use_per_floor":[[],[],[],[],["ColorlessPotion"],["EssenceOfDarkness"],[],[],[],[],[],["SkillPotion"],[],["SkillPotion"],[],[],[],["ColorlessPotion"],[],[],["SkillPotion"],["Explosive Potion"],[],[],[],[],["ColorlessPotion"],[],[],[],[],[],["Explosive Potion"],[],[],[],[],[],[],[],["Explosive Potion"],[],[],[],[],["LiquidMemories"]],"relics":["Cracked Core","Omamori","WingedGreaves","Pear","Bottled Lightning","Strawberry","Bag of Preparation","InkBottle","Runic Pyramid","HornCleat","Shovel","Du-Vu Doll","Cursed Key","Ancient Tea Set","Blood Vial","TungstenRod"],"potions_floor_usage":[5,6,12,14,18,21,22,27,33,41,46],"damage_taken":[{"damage":4,"enemies":"Small Slimes","floor":1,"turns":3},{"damage":0,"enemies":"Cultist","floor":3,"turns":3},{"damage":0,"enemies":"2 Louse","floor":4,"turns":3},{"damage":12,"enemies":"Lots of Slimes","floor":5,"turns":2},{"damage":6,"enemies":"Gremlin Nob","floor":6,"turns":3},{"damage":20,"enemies":"Lagavulin","floor":8,"turns":7},{"damage":9,"enemies":"Large Slime","floor":11,"turns":5},{"damage":11,"enemies":"Gremlin Nob","floor":12,"turns":3},{"damage":3,"enemies":"3 Sentries","floor":14,"turns":7},{"damage":9,"enemies":"The Guardian","floor":16,"turns":14},{"damage":6,"enemies":"Chosen","floor":18,"turns":6},{"damage":4,"enemies":"Spheric Guardian","floor":20,"turns":6},{"damage":17,"enemies":"Snake Plant","floor":21,"turns":8},{"damage":23,"enemies":"3 Cultists","floor":22,"turns":5},{"damage":21,"enemies":"Book of Stabbing","floor":27,"turns":7},{"damage":3,"enemies":"Snecko","floor":28,"turns":9},{"damage":2,"enemies":"Sentry and Sphere","floor":31,"turns":9},{"damage":32,"enemies":"Automaton","floor":33,"turns":14},{"damage":15,"enemies":"3 Darklings","floor":35,"turns":4},{"damage":11,"enemies":"3 Shapes","floor":38,"turns":9},{"damage":8,"enemies":"Sphere and 2 Shapes","floor":39,"turns":9},{"damage":18,"enemies":"Reptomancer","floor":41,"turns":7},{"damage":5,"enemies":"Jaw Worm Horde","floor":42,"turns":6},{"damage":0,"enemies":"Nemesis","floor":44,"turns":11},{"damage":22,"enemies":"Reptomancer","floor":46,"turns":7}],"green_key_taken_log":41,"seed_played":"-452101235699381047","neow_bonus_log":{"cardsObtained":["Steam Power"],"cardsUpgraded":[],"cardsRemoved":[],"cardsTransformed":["Strike_B"],"relicsObtained":[],"maxHpGained":0,"goldGained":0,"damageTaken":0,"goldLost":0,"maxHpLost":0},"potions_obtained":[{"floor":3,"key":"ColorlessPotion"},{"floor":4,"key":"EssenceOfDarkness"},{"floor":8,"key":"SkillPotion"},{"floor":12,"key":"SkillPotion"},{"floor":16,"key":"Explosive Potion"},{"floor":18,"key":"SkillPotion"},{"floor":21,"key":"ColorlessPotion"},{"floor":28,"key":"Ancient Potion"},{"floor":31,"key":"Explosive Potion"},{"floor":33,"key":"BlessingOfTheForge"},{"floor":38,"key":"Explosive Potion"},{"floor":42,"key":"LiquidMemories"}],"is_trial":false,"path_per_floor":["M","?","M","M","M","E","R","E","T","R","M","E","$","E","R","B",null,"M","?","M","M","M","R","?","R","T","E","M","R","$","M","R","B",null,"M","?","$","M","M","R","E","M","T","E","?","E"],"character_chosen":"DEFECT","basemod:card_modifiers":[null,null,null,null,null,null,null,null,null,null,null,null,null,null,null,null,null,null,null,null,null,null,null],"items_purchased":["Undo","Bag of Preparation","ColorlessPotion","Barrage"],"campfire_rested":3,"item_purchase_floors":[13,13,13,30],"current_hp_per_floor":[60,60,60,60,48,42,42,32,32,32,23,19,19,16,42,33,74,68,68,64,47,24,50,50,50,50,29,26,52,52,50,50,18,71,56,56,56,45,37,37,19,16,16,18,18,0],"gold":389,"neow_bonus":"TRANSFORM_CARD","is_prod":false,"is_daily":false,"rewards_skipped":[{"floor":35,"relics":[],"potions":["BlessingOfTheForge"]}],"chose_seed":false,"campfire_upgraded":3,"win_rate":0,"floor_exit_playtime":[62,76,111,153,193,241,256,336,351,357,424,496,521,638,642,836,884,988,996,1073,1220,1295,1299,1307,1317,1322,1434,1591,1600,1617,1765,1774,2039,2051,2128,2132,2176,2526,2757,2780,2993,3127,3137,3360,3364],"timestamp":1699991683,"blue_key_relic_skipped_log":{"floor":43,"relicID":"Juzu Bracelet"},"path_taken":["M","?","M","M","M","E","R","E","T","R","M","E","?","E","R","BOSS","M","?","M","M","?","R","?","R","T","E","?","R","$","M","R","BOSS","M","?","$","M","M","R","E","M","T","E","?","E"],"build_version":"2022-12-18","purchased_purges":2,"victory":false,"max_hp_per_floor":[71,71,71,71,71,71,71,81,81,81,81,88,88,88,88,88,88,88,88,88,88,88,88,88,88,88,88,88,88,88,88,88,88,88,88,88,88,88,88,88,88,88,88,88,88,88],"relic_stats":{"Blood Vial":6,"Shovel":2,"counters":[25,167],"WingedGreaves":3,"Omamori":2,"Bag of Preparation":[34],"Bottled Lightning":"Reprogram","Cursed Key":1,"Ancient Tea Set":[0],"obtain_stats":[{"Pear":8,"Omamori":2,"Bag of Preparation":13,"Cursed Key":34,"Ancient Tea Set":40,"Du-Vu Doll":32,"Blood Vial":41,"HornCleat":26,"Shovel":27,"Strawberry":12,"WingedGreaves":6,"Bottled Lightning":9,"Cracked Core":0,"InkBottle":14,"TungstenRod":44,"Runic Pyramid":17},{"Pear":6,"Omamori":1,"Bag of Preparation":8,"Cursed Key":18,"Ancient Tea Set":21,"Du-Vu Doll":17,"Blood Vial":22,"HornCleat":14,"Shovel":15,"Strawberry":8,"WingedGreaves":5,"Bottled Lightning":6,"Cracked Core":0,"InkBottle":9,"TungstenRod":24,"Runic Pyramid":10},{"Pear":21,"Omamori":3,"Bag of Preparation":29,"Cursed Key":114,"Ancient Tea Set":136,"Du-Vu Doll":100,"Blood Vial":143,"HornCleat":75,"Shovel":82,"Strawberry":29,"WingedGreaves":14,"Bottled Lightning":21,"Cracked Core":0,"InkBottle":36,"TungstenRod":160,"Runic Pyramid":50}],"InkBottle":[52],"TungstenRod":5},"card_choices":[{"not_picked":["Consume","Leap"],"picked":"Sweeping Beam","floor":1},{"not_picked":["Coolheaded","Barrage"],"picked":"Ball Lightning","floor":3},{"not_picked":["Reprogram","Blizzard"],"picked":"Rebound","floor":4},{"not_picked":["Coolheaded","Go for the Eyes"],"picked":"Rip and Tear","floor":5},{"not_picked":["Redo","Rebound","Blizzard"],"picked":"SKIP","floor":6},{"not_picked":["Redo","Rebound","Blizzard"],"picked":"SKIP","floor":6},{"not_picked":["Blizzard","Stack"],"picked":"Reprogram","floor":8},{"not_picked":["Streamline","Redo"],"picked":"Conserve Battery","floor":11},{"not_picked":["Blizzard","Ball Lightning","Thunder Strike"],"picked":"SKIP","floor":12},{"not_picked":["White Noise","Sweeping Beam","Barrage"],"picked":"SKIP","floor":14},{"not_picked":["All For One","Creative AI","Rainbow"],"picked":"SKIP","floor":16},{"not_picked":["Auto Shields","Defragment+1"],"picked":"Turbo","floor":18},{"not_picked":["Steam","Sweeping Beam","Heatsinks"],"picked":"SKIP","floor":20},{"not_picked":["Coolheaded","Stack"],"picked":"Hologram","floor":21},{"not_picked":["Lockon","Hello World","Chill"],"picked":"SKIP","floor":22},{"not_picked":["Ball Lightning","Heatsinks"],"picked":"Stack+1","floor":27},{"not_picked":["Sweeping Beam","Cold Snap","Rainbow"],"picked":"SKIP","floor":28},{"not_picked":["Barrage","Conserve Battery","Ball Lightning"],"picked":"SKIP","floor":31},{"not_picked":["Creative AI","Rainbow"],"picked":"Echo Form","floor":33},{"not_picked":["Streamline","Sweeping Beam+1"],"picked":"Recycle","floor":35},{"not_picked":["Coolheaded","Conserve Battery+1"],"picked":"Go for the Eyes+1","floor":38},{"not_picked":["Streamline","Ball Lightning","Hello World"],"picked":"SKIP","floor":39},{"not_picked":["Hologram","Storm+1"],"picked":"Genetic Algorithm+1","floor":41},{"not_picked":["Streamline","Undo"],"picked":"Leap+1","floor":42},{"not_picked":["Redo","Machine Learning","Sunder"],"picked":"SKIP","floor":44}],"player_experience":2249812,"relics_obtained":[{"floor":2,"key":"Omamori"},{"floor":6,"key":"WingedGreaves"},{"floor":8,"key":"Pear"},{"floor":9,"key":"Bottled Lightning"},{"floor":12,"key":"Strawberry"},{"floor":14,"key":"InkBottle"},{"floor":26,"key":"HornCleat"},{"floor":27,"key":"Shovel"},{"floor":32,"key":"Du-Vu Doll"},{"floor":40,"key":"Ancient Tea Set"},{"floor":41,"key":"Blood Vial"},{"floor":44,"key":"TungstenRod"}],"event_choices":[{"damage_healed":0,"gold_gain":0,"player_choice":"Relic","damage_taken":0,"max_hp_gain":0,"max_hp_loss":0,"event_name":"Wheel of Change","floor":2,"gold_loss":0},{"cards_removed":["Zap"],"damage_healed":0,"gold_gain":0,"player_choice":"Purged","damage_taken":0,"max_hp_gain":0,"max_hp_loss":0,"event_name":"Purifier","floor":19,"gold_loss":0},{"damage_healed":0,"gold_gain":0,"player_choice":"Bet on Owner","damage_taken":0,"max_hp_gain":0,"max_hp_loss":0,"event_name":"The Joust","floor":24,"gold_loss":50},{"cards_removed":["Defend_B"],"damage_healed":0,"gold_gain":0,"player_choice":"Removed Skill","damage_taken":0,"max_hp_gain":0,"max_hp_loss":0,"event_name":"Falling","floor":36,"gold_loss":0},{"damage_healed":0,"gold_gain":275,"player_choice":"Desecrate","damage_taken":0,"max_hp_gain":0,"max_hp_loss":0,"event_name":"Golden Shrine","floor":45,"gold_loss":0,"cards_obtained":["Regret"]}],"is_beta":false,"boss_relics":[{"not_picked":["Ectoplasm","Nuclear Battery"],"picked":"Runic Pyramid"},{"not_picked":["Black Star","Tiny House"],"picked":"Cursed Key"}],"items_purged_floors":[30,37],"is_endless":false,"potions_floor_spawned":[3,4,8,12,16,18,21,28,31,33,35,38,42],"killed_by":"Reptomancer","ascension_level":20,"potion_discard_per_floor":[[],[],[],[],[],[],[],[],[],[],[],[],[],[],[],[],[],[],[],[],[],[],[],[],[],[],[],[],[],[],[],[],[],[],[],[],[],["BlessingOfTheForge"],[],[],[],[],[],[],[],[]]}