{"neow_bonuses_skipped_log":["RANDOM_COLORLESS","ONE_RARE_RELIC","BOSS_RELIC"],"potions_obtained_entropic_brew":[[],[],[],[],[],[],[],[],[],[],[],[],[],[],[],[]],"neow_costs_skipped_log":["NONE","TEN_PERCENT_HP_LOSS","NONE"],"gold_per_floor":[216,231,156,170,188,188,222,222,222,222,237,269,285,306,306,306],"floor_reached":16,"playtime":586,"items_purged":["Strike_B"],"score":224,"play_id":"fd38ea3d-4934-46b0-94f8-2e981900b496","local_time":"20231114134553","score_breakdown":["Floors Climbed (16): 80","Enemies Slain (6): 12","Exordium Elites Killed (2): 20","Bosses Slain (0): 0","Ascension (20): 112"],"is_ascension_mode":true,"potions_obtained_alchemize":[[],[],[],[],[],[],[],[],[],[],[],[],[],[],[],[]],"campfire_choices":[{"data":"Streamline","floor":6,"key":"SMITH"},{"data":"Chaos","floor":8,"key":"SMITH"},{"floor":10,"key":"REST"},{"data":"Darkness","floor":15,"key":"SMITH"}],"lesson_learned_per_floor":[[],[],[],[],[],[],[],[],[],[],[],[],[],[],[],[]],"neow_cost":"NONE","improvable_cards":{},"seed_source_timestamp":5055692478349500,"shop_contents":[{"floor":3,"relics":["Tiny Chest","Shovel","PrismaticShard"],"cards":["Sunder","Go for the Eyes","Steam","Fission","Storm","Forethought","Master of Strategy"],"potions":["Strength Potion","SkillPotion","Ancient Potion"]}],"circlet_count":0,"master_deck":["AscendersBane","Strike_B","Strike_B","Strike_B","Defend_B","Defend_B","Defend_B","Defend_B","Zap","Dualcast","Streamline+1","Sweeping Beam","Cold Snap","Chaos+1","Cold Snap","Self Repair","Darkness+1"],"potion_use_per_floor":[[],[],[],[],["Block Potion"],[],[],[],[],[],[],[],[],[],[],[]],"relics":["Cracked Core","Boot","Anchor","Matryoshka","Odd Mushroom"],"potions_floor_usage":[5],"damage_taken":[{"damage":1,"enemies":"Cultist","floor":1,"turns":3},{"damage":7,"enemies":"Small Slimes","floor":2,"turns":3},{"damage":4,"enemies":"2 Louse","floor":4,"turns":3},{"damage":1,"enemies":"Looter","floor":5,"turns":3},{"damage":22,"enemies":"3 Sentries","floor":7,"turns":8},{"damage":0,"enemies":"Lots of Slimes","floor":11,"turns":4},{"damage":21,"enemies":"Lagavulin","floor":12,"turns":6},{"damage":5,"enemies":"3 Louse","floor":13,"turns":4},{"damage":13,"enemies":"The Mushroom Lair","floor":14,"turns":4},{"damage":32,"enemies":"Hexaghost","floor":16,"turns":8}],"seed_played":"5825424406127912955","neow_bonus_log":{"cardsObtained":[],"cardsUpgraded":[],"cardsRemoved":[],"cardsTransformed":[],"relicsObtained":[],"maxHpGained":0,"goldGained":100,"damageTaken":0,"goldLost":0,"maxHpLost":0},"potions_obtained":[{"floor":1,"key":"Ancient Potion"},{"floor":2,"key":"Block Potion"},{"floor":12,"key":"SteroidPotion"}],"is_trial":false,"path_per_floor":["M","M","$","M","M","R","E","R","T","R","M","E","M","?","R","B"],"character_chosen":"DEFECT","basemod:card_modifiers":[null,null,null,null,null,null,null,null,null,null,null,null,null,null,null,null,null],"items_purchased":[],"campfire_rested":1,"item_purchase_floors":[],"current_hp_per_floor":[63,56,56,52,51,51,29,29,29,50,50,36,38,32,32,0],"gold":306,"neow_bonus":"HUNDRED_GOLD","is_prod":false,"is_daily":false,"rewards_skipped":[],"chose_seed":false,"campfire_upgraded":3,"win_rate":0,"floor_exit_playtime":[34,79,102,131,170,176,260,265,270,277,324,407,453,500,504],"timestamp":1699987553,"path_taken":["M","M","$","M","M","R","E","R","T","R","M","E","?","?","R","BOSS"],"build_version":"2022-12-18","purchased_purges":1,"victory":false,"max_hp_per_floor":[71,71,71,71,71,71,71,71,71,71,71,71,71,71,71,71],"relic_stats":{"Matryoshka":0,"counters":[10,46],"Boot":[4],"obtain_stats":[{"Anchor":9,"Matryoshka":12,"Odd Mushroom":14,"Cracked Core":0,"Boot":7},{"Anchor":5,"Matryoshka":7,"Odd Mushroom":9,"Cracked Core":0,"Boot":5},{"Anchor":20,"Matryoshka":30,"Odd Mushroom":38,"Cracked Core":0,"Boot":20}]},"card_choices":[{"not_picked":["Blizzard","Sweeping Beam"],"picked":"Streamline","floor":1},{"not_picked":["Go for the Eyes","Steam"],"picked":"Sweeping Beam","floor":2},{"not_picked":["Recycle","Auto Shields"],"picked":"Cold Snap","floor":4},{"not_picked":["Skim","Recycle"],"picked":"Chaos","floor":5},{"not_picked":["Reprogram","Coolheaded"],"picked":"Cold Snap","floor":7},{"not_picked":["Blizzard","Lockon"],"picked":"Self Repair","floor":11},{"not_picked":["White Noise","FTL"],"picked":"Darkness","floor":12},{"not_picked":["Storm","Sweeping Beam","Leap"],"picked":"SKIP","floor":13},{"not_picked":["Sweeping Beam","Ball Lightning","Cold Snap"],"picked":"SKIP","floor":14}],"player_experience":2248698,"relics_obtained":[{"floor":7,"key":"Boot"},{"floor":9,"key":"Anchor"},{"floor":12,"key":"Matryoshka"},{"floor":14,"key":"Odd Mushroom"}],"event_choices":[{"damage_healed":0,"gold_gain":0,"player_choice":"Fought Mushrooms","damage_taken":0,"max_hp_gain":0,"max_hp_loss":0,"event_name":"Mushrooms","floor":14,"gold_loss":0}],"is_beta":false,"boss_relics":[],"items_purged_floors":[3],"is_endless":false,"potions_floor_spawned":[1,2,12],"killed_by":"Hexaghost","ascension_level":20,"potion_discard_per_floor":[[],[],[],[],[],[],[],[],[],[],[],[],[],[],[],[]]}