{"neow_bonuses_skipped_log":["TRANSFORM_CARD","ONE_RARE_RELIC","BOSS_RELIC"],"potions_obtained_entropic_brew":[[],[],[],[],[],[],[],[],[],[],[],[],[],[],[],[]],"neow_costs_skipped_log":["NONE","CURSE","NONE"],"gold_per_floor":[114,39,52,65,65,65,84,124,151,186,186,27,27,41,41,41],"floor_reached":16,"playtime":436,"items_purged":["Strike_B"],"score":220,"play_id":"18023d14-450d-42fb-9ed2-798df8aa6669","local_time":"20231114133559","score_breakdown":["Floors Climbed (16): 80","Enemies Slain (5): 10","Exordium Elites Killed (2): 20","Bosses Slain (0): 0","Ascension (20): 110"],"is_ascension_mode":true,"potions_obtained_alchemize":[[],[],[],[],[],[],[],[],[],[],[],[],[],[],[],[]],"campfire_choices":[{"data":"Sunder","floor":6,"key":"SMITH"},{"data":"White Noise","floor":13,"key":"SMITH"},{"data":"Fission","floor":15,"key":"SMITH"}],"lesson_learned_per_floor":[[],[],[],[],[],[],[],[],[],[],[],[],[],[],[],[]],"neow_cost":"NONE","improvable_cards":{},"seed_source_timestamp":5055248672161400,"shop_contents":[{"floor":12,"relics":["Molten Egg 2","Shuriken","PrismaticShard"],"cards":["Go for the Eyes","Blizzard","Rainbow","Seek","Jack Of All Trades","Magnetism"],"potions":["Explosive Potion","Strength Potion","Fire Potion"]}],"circlet_count":0,"master_deck":["AscendersBane","Strike_B","Defend_B","Defend_B","Defend_B","Defend_B","Zap","Dualcast","Rebound","Streamline","Sunder+1","White Noise+1","Ball Lightning","Turbo","Melter","Self Repair","Fission+1"],"potion_use_per_floor":[[],[],[],[],[],[],[],["ColorlessPotion"],[],[],[],[],[],[],[],[]],"relics":["Cracked Core","Potion Belt","Golden Idol","MealTicket","Omamori","Akabeko"],"potions_floor_usage":[8],"damage_taken":[{"damage":1,"enemies":"2 Louse","floor":1,"turns":3},{"damage":7,"enemies":"Small Slimes","floor":3,"turns":3},{"damage":2,"enemies":"Jaw Worm","floor":4,"turns":3},{"damage":11,"enemies":"Blue Slaver","floor":7,"turns":4},{"damage":10,"enemies":"3 Sentries","floor":8,"turns":5},{"damage":25,"enemies":"Lagavulin","floor":10,"turns":6},{"damage":6,"enemies":"Looter","floor":14,"turns":2},{"damage":17,"enemies":"Hexaghost","floor":16,"turns":4}],"seed_played":"-2402760654055339294","neow_bonus_log":{"cardsObtained":[],"cardsUpgraded":[],"cardsRemoved":[],"cardsTransformed":[],"relicsObtained":["Potion Belt"],"maxHpGained":0,"goldGained":0,"damageTaken":0,"goldLost":0,"maxHpLost":0},"potions_obtained":[{"floor":3,"key":"SteroidPotion"},{"floor":4,"key":"ColorlessPotion"},{"floor":14,"key":"Explosive Potion"}],"is_trial":false,"path_per_floor":["M","?","M","M","?","R","M","E","T","E","?","$","R","M","R","B"],"character_chosen":"DEFECT","basemod:card_modifiers":[null,null,null,null,null,null,null,null,null,null,null,null,null,null,null,null,null],"items_purchased":["Self Repair"],"campfire_rested":0,"item_purchase_floors":[12],"current_hp_per_floor":[63,63,56,54,54,54,43,33,33,8,8,23,23,17,17,0],"gold":41,"neow_bonus":"RANDOM_COMMON_RELIC","is_prod":false,"is_daily":false,"rewards_skipped":[],"chose_seed":false,"campfire_upgraded":3,"win_rate":0,"floor_exit_playtime":[39,51,81,109,116,128,176,256,261,325,332,348,359,380,393],"timestamp":1699986959,"path_taken":["M","?","M","M","?","R","M","E","T","E","?","$","R","M","R","BOSS"],"build_version":"2022-12-18","purchased_purges":1,"victory":false,"max_hp_per_floor":[71,71,71,71,64,64,64,64,64,64,64,64,64,64,64,64],"relic_stats":{"counters":[8,30],"Golden Idol":22,"MealTicket":15,"Omamori":0,"obtain_stats":[{"Potion Belt":0,"Golden Idol":5,"MealTicket":8,"Omamori":9,"Cracked Core":0,"Akabeko":10},{"Potion Belt":0,"Golden Idol":3,"MealTicket":5,"Omamori":5,"Cracked Core":0,"Akabeko":6},{"Potion Belt":0,"Golden Idol":9,"MealTicket":18,"Omamori":18,"Cracked Core":0,"Akabeko":24}]},"card_choices":[{"not_picked":["Loop","Melter"],"picked":"Rebound","floor":1},{"not_picked":["Turbo","Storm"],"picked":"Streamline","floor":3},{"not_picked":["Go for the Eyes","Conserve Battery"],"picked":"Sunder","floor":4},{"not_picked":["Rebound","Gash"],"picked":"White Noise","floor":7},{"not_picked":["Barrage","Hologram"],"picked":"Ball Lightning","floor":8},{"not_picked":["Steam","Redo"],"picked":"Turbo","floor":10},{"not_picked":["Rebound","Steam"],"picked":"Fission","floor":14}],"player_experience":2248262,"relics_obtained":[{"floor":8,"key":"MealTicket"},{"floor":9,"key":"Omamori"},{"floor":10,"key":"Akabeko"}],"event_choices":[{"cards_removed":["Strike_B"],"damage_healed":0,"gold_gain":0,"player_choice":"Card Removal","damage_taken":0,"max_hp_gain":0,"max_hp_loss":0,"event_name":"The Cleric","floor":2,"gold_loss":75},{"damage_healed":0,"gold_gain":0,"player_choice":"Lose Max HP","damage_taken":0,"relics_obtained":["Golden Idol"],"max_hp_gain":0,"max_hp_loss":7,"event_name":"Golden Idol","floor":5,"gold_loss":0},{"damage_healed":0,"gold_gain":0,"cards_transformed":["Strike_B"],"player_choice":"Change","damage_taken":0,"max_hp_gain":0,"max_hp_loss":0,"event_name":"Living Wall","floor":11,"gold_loss":0,"cards_obtained":["Melter"]}],"is_beta":false,"boss_relics":[],"items_purged_floors":[12],"is_endless":false,"potions_floor_spawned":[3,4,14],"killed_by":"Hexaghost","ascension_level":20,"potion_discard_per_floor":[[],[],[],[],[],[],[],[],[],[],[],[],[],[],[],[]]}