{"neow_bonuses_skipped_log":["TEN_PERCENT_HP_BONUS","REMOVE_TWO","BOSS_RELIC"],"potions_obtained_entropic_brew":[[],[],[],[],[],[],[],[],[],[],[]],"neow_costs_skipped_log":["NONE","NO_GOLD","NONE"],"gold_per_floor":[115,17,31,51,69,69,100,116,116,130,130],"floor_reached":11,"playtime":528,"items_purged":[],"score":154,"play_id":"7516f7fd-ceae-4336-b3d0-4b2479d7383c","local_time":"20231114135449","score_breakdown":["Floors Climbed (11): 55","Enemies Slain (6): 12","Exordium Elites Killed (1): 10","Bosses Slain (0): 0","Ascension (20): 77"],"is_ascension_mode":true,"potions_obtained_alchemize":[[],[],[],[],[],[],[],[],[],[],[]],"campfire_choices":[{"data":"Defragment","floor":6,"key":"SMITH"}],"lesson_learned_per_floor":[[],[],[],[],[],[],[],[],[],[],[]],"neow_cost":"NONE","improvable_cards":{},"seed_source_timestamp":5056285956533000,"shop_contents":[{"floor":2,"relics":["Anchor","Bird Faced Urn","OrangePellets"],"cards":["Scrape","Sunder","Coolheaded","Stack","Forethought","Transmutation"],"potions":["SpeedPotion","FocusPotion"]}],"circlet_count":0,"master_deck":["AscendersBane","Strike_B","Strike_B","Strike_B","Strike_B","Defend_B","Defend_B","Defend_B","Defend_B","Zap","Dualcast","Multi-Cast","Undo","Defragment+1","Cold Snap","Rebound","Compile Driver","Amplify","Hologram","Coolheaded"],"potion_use_per_floor":[[],[],[],[],[],[],["BlessingOfTheForge"],[],[],["Block Potion"],[]],"relics":["Cracked Core","Potion Belt","InkBottle"],"potions_floor_usage":[7,10],"damage_taken":[{"damage":1,"enemies":"Cultist","floor":1,"turns":3},{"damage":9,"enemies":"Jaw Worm","floor":3,"turns":4},{"damage":0,"enemies":"2 Louse","floor":4,"turns":3},{"damage":8,"enemies":"Blue Slaver","floor":5,"turns":4},{"damage":6,"enemies":"Lagavulin","floor":7,"turns":8},{"damage":1,"enemies":"2 Fungi Beasts","floor":8,"turns":4},{"damage":14,"enemies":"Exordium Thugs","floor":10,"turns":6},{"damage":28,"enemies":"The Mushroom Lair","floor":11,"turns":3}],"seed_played":"5328554089983165518","neow_bonus_log":{"cardsObtained":["Multi-Cast"],"cardsUpgraded":[],"cardsRemoved":[],"cardsTransformed":[],"relicsObtained":[],"maxHpGained":0,"goldGained":0,"damageTaken":0,"goldLost":0,"maxHpLost":0},"potions_obtained":[{"floor":3,"key":"Weak Potion"},{"floor":5,"key":"BlessingOfTheForge"},{"floor":8,"key":"PotionOfCapacity"}],"is_trial":false,"path_per_floor":["M","$","M","M","M","R","E","M","T","M","?"],"character_chosen":"DEFECT","basemod:card_modifiers":[null,null,null,null,null,null,null,null,null,null,null,null,null,null,null,null,null,null,null,null],"items_purchased":["Defragment","Block Potion"],"campfire_rested":0,"item_purchase_floors":[2,2],"current_hp_per_floor":[63,63,54,54,46,46,40,39,39,25,0],"gold":130,"neow_bonus":"ONE_RANDOM_RARE_CARD","is_prod":false,"is_daily":false,"rewards_skipped":[],"chose_seed":false,"campfire_upgraded":1,"win_rate":0,"floor_exit_playtime":[38,62,117,149,196,205,301,379,382,474],"timestamp":1699988089,"path_taken":["M","$","M","M","?","R","E","M","T","M","?"],"build_version":"2022-12-18","purchased_purges":0,"victory":false,"max_hp_per_floor":[71,71,71,71,71,71,71,71,71,71,71],"relic_stats":{"counters":[8,35],"obtain_stats":[{"Potion Belt":7,"Cracked Core":0,"InkBottle":9},{"Potion Belt":5,"Cracked Core":0,"InkBottle":6},{"Potion Belt":22,"Cracked Core":0,"InkBottle":26}],"InkBottle":[2]},"card_choices":[{"not_picked":["Redo","Rebound"],"picked":"Undo","floor":1},{"not_picked":["Streamline","Loop"],"picked":"Cold Snap","floor":3},{"not_picked":["Hologram","Beam Cell"],"picked":"Rebound","floor":4},{"not_picked":["Turbo","Recycle"],"picked":"Compile Driver","floor":5},{"not_picked":["Double Energy","Go for the Eyes"],"picked":"Amplify","floor":7},{"not_picked":["Consume","Gash"],"picked":"Hologram","floor":8},{"not_picked":["Turbo","Streamline"],"picked":"Coolheaded","floor":10}],"player_experience":2249284,"relics_obtained":[{"floor":7,"key":"Potion Belt"},{"floor":9,"key":"InkBottle"}],"event_choices":[{"damage_healed":0,"gold_gain":0,"player_choice":"Fought Mushrooms","damage_taken":0,"max_hp_gain":0,"max_hp_loss":0,"event_name":"Mushrooms","floor":11,"gold_loss":0}],"is_beta":false,"boss_relics":[],"items_purged_floors":[],"is_endless":false,"potions_floor_spawned":[3,5,8],"killed_by":"The Mushroom Lair","ascension_level":20,"potion_discard_per_floor":[[],[],[],[],["Weak Potion"],[],[],[],[],[],[]]}