{"neow_bonuses_skipped_log":["REMOVE_CARD","TWENTY_PERCENT_HP_BONUS","BOSS_RELIC"],"potions_obtained_entropic_brew":[[],[],[],[],[],[],[],[],[],[],[],[],[],[],[],[]],"neow_costs_skipped_log":["NONE","CURSE","NONE"],"gold_per_floor":[110,130,130,151,151,187,187,201,201,222,147,147,186,210,210,210],"floor_reached":16,"playtime":517,"items_purged":["Strike_B"],"score":224,"play_id":"3bf9b002-9a93-4607-ab1d-12dedefbac41","local_time":"20231114124536","score_breakdown":["Floors Climbed (16): 80","Enemies Slain (6): 12","Exordium Elites Killed (2): 20","Bosses Slain (0): 0","Ascension (20): 112"],"is_ascension_mode":true,"potions_obtained_alchemize":[[],[],[],[],[],[],[],[],[],[],[],[],[],[],[],[]],"campfire_choices":[{"data":"Doom and Gloom","floor":7,"key":"SMITH"},{"data":"Sunder","floor":12,"key":"SMITH"},{"data":"Hologram","floor":15,"key":"SMITH"}],"lesson_learned_per_floor":[[],[],[],[],[],[],[],[],[],[],[],[],[],[],[],[]],"neow_cost":"NONE","improvable_cards":{},"seed_source_timestamp":5052143838278800,"shop_contents":[{"floor":11,"relics":["Akabeko","Lantern","Cauldron"],"cards":["FTL","Lockon","Fusion","Reprogram","Static Discharge","Discovery","Thinking Ahead"],"potions":["FocusPotion","Regen Potion","Regen Potion"]}],"circlet_count":0,"master_deck":["AscendersBane","Strike_B","Strike_B","Strike_B","Defend_B","Defend_B","Defend_B","Defend_B","Zap","Dualcast","Cold Snap","Doom and Gloom+1","Compile Driver","Cold Snap","Skim","Sunder+1","Hologram+1"],"potion_use_per_floor":[[],[],[],[],[],["AttackPotion"],[],[],[],[],[],[],["Explosive Potion"],[],[],[]],"relics":["Cracked Core","MealTicket","Golden Idol","Strawberry","Matryoshka","Gremlin Horn"],"potions_floor_usage":[6,13],"damage_taken":[{"damage":7,"enemies":"Jaw Worm","floor":1,"turns":3},{"damage":7,"enemies":"2 Louse","floor":2,"turns":2},{"damage":0,"enemies":"Cultist","floor":4,"turns":3},{"damage":8,"enemies":"Gremlin Nob","floor":6,"turns":3},{"damage":0,"enemies":"3 Louse","floor":8,"turns":2},{"damage":2,"enemies":"Looter","floor":10,"turns":4},{"damage":8,"enemies":"3 Sentries","floor":13,"turns":3},{"damage":1,"enemies":"2 Fungi Beasts","floor":14,"turns":2},{"damage":48,"enemies":"Hexaghost","floor":16,"turns":9}],"seed_played":"-4165802787289391110","neow_bonus_log":{"cardsObtained":[],"cardsUpgraded":[],"cardsRemoved":[],"cardsTransformed":[],"relicsObtained":["MealTicket"],"maxHpGained":0,"goldGained":0,"damageTaken":0,"goldLost":0,"maxHpLost":0},"potions_obtained":[{"floor":4,"key":"AttackPotion"},{"floor":6,"key":"Ancient Potion"},{"floor":8,"key":"Explosive Potion"}],"is_trial":false,"path_per_floor":["M","M","?","M","?","E","R","M","T","M","$","R","E","M","R","B"],"character_chosen":"DEFECT","basemod:card_modifiers":[null,null,null,null,null,null,null,null,null,null,null,null,null,null,null,null,null],"items_purchased":[],"campfire_rested":0,"item_purchase_floors":[],"current_hp_per_floor":[57,50,50,50,41,40,40,40,40,38,53,53,45,44,44,0],"gold":210,"neow_bonus":"RANDOM_COMMON_RELIC","is_prod":false,"is_daily":false,"rewards_skipped":[],"chose_seed":false,"campfire_upgraded":3,"win_rate":0,"floor_exit_playtime":[58,100,106,143,156,208,213,251,254,291,310,314,376,425,434],"timestamp":1699983936,"path_taken":["M","M","?","M","?","E","R","M","T","M","$","R","E","M","R","BOSS"],"build_version":"2022-12-18","purchased_purges":1,"victory":false,"max_hp_per_floor":[71,71,64,64,64,71,71,71,71,71,71,71,71,71,71,71],"relic_stats":{"Matryoshka":0,"Gremlin Horn":[1,1],"counters":[9,31],"Golden Idol":31,"MealTicket":15,"obtain_stats":[{"Matryoshka":9,"Gremlin Horn":13,"Golden Idol":3,"Strawberry":6,"MealTicket":0,"Cracked Core":0},{"Matryoshka":5,"Gremlin Horn":7,"Golden Idol":2,"Strawberry":4,"MealTicket":0,"Cracked Core":0},{"Matryoshka":13,"Gremlin Horn":20,"Golden Idol":5,"Strawberry":11,"MealTicket":0,"Cracked Core":0}]},"card_choices":[{"not_picked":["Heatsinks","Turbo"],"picked":"Cold Snap","floor":1},{"not_picked":["Steam Power","Sunder"],"picked":"Doom and Gloom","floor":2},{"not_picked":["Leap","Stack"],"picked":"Compile Driver","floor":4},{"not_picked":["White Noise","Compile Driver"],"picked":"Cold Snap","floor":6},{"not_picked":["Streamline","Conserve Battery"],"picked":"Skim","floor":8},{"not_picked":["Go for the Eyes","Steam Power"],"picked":"Sunder","floor":10},{"not_picked":["Skim","Ball Lightning","Lockon"],"picked":"SKIP","floor":13},{"not_picked":["Turbo","Coolheaded"],"picked":"Hologram","floor":14}],"player_experience":2245188,"relics_obtained":[{"floor":6,"key":"Strawberry"},{"floor":9,"key":"Matryoshka"},{"floor":13,"key":"Gremlin Horn"}],"event_choices":[{"damage_healed":0,"gold_gain":0,"player_choice":"Lose Max HP","damage_taken":0,"relics_obtained":["Golden Idol"],"max_hp_gain":0,"max_hp_loss":7,"event_name":"Golden Idol","floor":3,"gold_loss":0},{"damage_healed":0,"gold_gain":0,"player_choice":"Damaged","damage_taken":9,"max_hp_gain":0,"max_hp_loss":0,"event_name":"Wheel of Change","floor":5,"gold_loss":0}],"is_beta":false,"boss_relics":[],"items_purged_floors":[11],"is_endless":false,"potions_floor_spawned":[4,6,8],"killed_by":"Hexaghost","ascension_level":20,"potion_discard_per_floor":[[],[],[],[],[],[],[],[],[],[],[],[],[],[],[],[]]}