{"neow_bonuses_skipped_log":["TRANSFORM_CARD","TRANSFORM_TWO_CARDS","BOSS_RELIC"],"potions_obtained_entropic_brew":[[],[],[],[],[],[],[],[],[],[],[],[],[],[],[],[],[],[],[],[],[],[],[]],"neow_costs_skipped_log":["NONE","CURSE","NONE"],"gold_per_floor":[215,365,365,379,389,389,124,140,140,174,194,194,207,234,234,308,308,320,8,25,25,45,45],"floor_reached":23,"playtime":1165,"items_purged":["Doubt","Scrape"],"score":406,"play_id":"665b8553-d83a-4d50-ad1a-11166e09ab24","local_time":"20231114131138","score_breakdown":["Floors Climbed (23): 115","Enemies Slain (9): 18","Exordium Elites Killed (2): 20","City Elites Killed (0): 0","Bosses Slain (1): 50","Ascension (20): 203"],"is_ascension_mode":true,"potions_obtained_alchemize":[[],[],[],[],[],[],[],[],[],[],[],[],[],[],[],[],[],[],[],[],[],[],[]],"campfire_choices":[{"data":"Ball Lightning","floor":6,"key":"SMITH"},{"data":"Hologram","floor":12,"key":"SMITH"},{"data":"Go for the Eyes","floor":15,"key":"SMITH"}],"lesson_learned_per_floor":[[],[],[],[],[],[],[],[],[],[],[],[],[],[],[],[],[],[],[],[],[],[],[]],"neow_cost":"NONE","improvable_cards":{},"seed_source_timestamp":5053058213996800,"shop_contents":[{"floor":7,"relics":["Nunchaku","Chemical X"],"cards":["Go for the Eyes","Cold Snap","Leap","Loop","Blind","Panache"],"potions":["Swift Potion","Block Potion","SkillPotion"]},{"floor":19,"relics":["Lantern","Question Card"],"cards":["Sweeping Beam","FTL","Stack+1","Swift Strike","Transmutation+1"],"potions":["Weak Potion","SkillPotion"]}],"circlet_count":0,"master_deck":["AscendersBane","Zap","Dualcast","Cold Snap+1","Ball Lightning+1","Machine Learning","Hologram+1","Go for the Eyes+1","Heatsinks+1","Compile Driver","White Noise+1","Seek+1","Skim+1","Core Surge","Compile Driver","Storm+1","Meteor Strike","Scrape","Ball Lightning","Capacitor+1","Conserve Battery+1","White Noise+1"],"potion_use_per_floor":[[],[],[],[],[],[],[],[],[],["FearPotion"],[],[],[],["DistilledChaos"],[],["BlessingOfTheForge","Block Potion"],[],[],[],["Regen Potion"],[],[],[]],"relics":["Cracked Core","Whetstone","Frozen Egg 2","Toxic Egg 2","Boot","Pandora\u0027s Box","Membership Card"],"potions_floor_usage":[10,14,16,16,20],"damage_taken":[{"damage":1,"enemies":"Cultist","floor":1,"turns":3},{"damage":1,"enemies":"2 Louse","floor":4,"turns":3},{"damage":2,"enemies":"Small Slimes","floor":5,"turns":3},{"damage":9,"enemies":"Red Slaver","floor":8,"turns":2},{"damage":18,"enemies":"Lagavulin","floor":10,"turns":5},{"damage":3,"enemies":"Looter","floor":11,"turns":2},{"damage":1,"enemies":"Exordium Thugs","floor":13,"turns":4},{"damage":14,"enemies":"3 Sentries","floor":14,"turns":5},{"damage":3,"enemies":"The Guardian","floor":16,"turns":8},{"damage":13,"enemies":"3 Byrds","floor":18,"turns":4},{"damage":10,"enemies":"Spheric Guardian","floor":20,"turns":4},{"damage":40,"enemies":"Shelled Parasite and Fungi","floor":22,"turns":3},{"damage":14,"enemies":"Centurion and Healer","floor":23,"turns":1}],"seed_played":"-2925214983178666733","neow_bonus_log":{"cardsObtained":[],"cardsUpgraded":[],"cardsRemoved":[],"cardsTransformed":[],"relicsObtained":[],"maxHpGained":0,"goldGained":100,"damageTaken":0,"goldLost":0,"maxHpLost":0},"potions_obtained":[{"floor":1,"key":"FearPotion"},{"floor":11,"key":"BlessingOfTheForge"},{"floor":13,"key":"DistilledChaos"},{"floor":14,"key":"Block Potion"},{"floor":16,"key":"Regen Potion"},{"floor":20,"key":"LiquidBronze"}],"is_trial":false,"path_per_floor":["M","?","?","M","M","R","$","M","T","E","M","R","M","E","R","B",null,"M","$","M","?","M","M"],"character_chosen":"DEFECT","basemod:card_modifiers":[null,null,null,null,null,null,null,null,null,null,null,null,null,null,null,null,null,null,null,null,null,null],"items_purchased":["Hologram","Whetstone","Membership Card","Capacitor+1","Conserve Battery+1","FocusPotion"],"campfire_rested":0,"item_purchase_floors":[7,7,19,19,19,19],"current_hp_per_floor":[63,63,68,67,65,65,65,56,56,38,35,35,34,20,20,17,61,48,48,50,50,10,0],"gold":45,"neow_bonus":"HUNDRED_GOLD","is_prod":false,"is_daily":false,"rewards_skipped":[],"chose_seed":false,"campfire_upgraded":3,"win_rate":0,"floor_exit_playtime":[43,55,58,89,122,129,255,285,288,400,452,465,560,648,660,819,843,943,959,1055,1062,1147],"timestamp":1699985498,"path_taken":["M","?","?","M","M","R","$","M","T","E","M","R","M","E","R","BOSS","M","$","M","?","?","M"],"build_version":"2022-12-18","purchased_purges":2,"victory":false,"max_hp_per_floor":[71,71,76,76,76,76,76,76,76,76,76,76,76,76,76,76,76,76,76,76,76,76,76],"relic_stats":{"counters":[13,47],"Pandora\u0027s Box":["Skim","Core Surge","Compile Driver","Storm","Meteor Strike","Scrape","Ball Lightning","Scrape"],"Whetstone":["Cold Snap","Strike_B"],"Membership Card":144,"Boot":[28],"obtain_stats":[{"Pandora\u0027s Box":17,"Whetstone":7,"Membership Card":19,"Frozen Egg 2":9,"Toxic Egg 2":10,"Cracked Core":0,"Boot":14},{"Pandora\u0027s Box":9,"Whetstone":3,"Membership Card":10,"Frozen Egg 2":4,"Toxic Egg 2":5,"Cracked Core":0,"Boot":8},{"Pandora\u0027s Box":35,"Whetstone":9,"Membership Card":39,"Frozen Egg 2":11,"Toxic Egg 2":16,"Cracked Core":0,"Boot":27}]},"card_choices":[{"not_picked":["Storm","Rebound"],"picked":"Cold Snap","floor":1},{"not_picked":["Coolheaded","Self Repair"],"picked":"Ball Lightning","floor":4},{"not_picked":["Streamline","Hello World"],"picked":"Machine Learning","floor":5},{"not_picked":["Barrage","Hello World"],"picked":"Go for the Eyes","floor":8},{"not_picked":["Barrage","Machine Learning+1"],"picked":"Heatsinks+1","floor":10},{"not_picked":["Barrage","Sweeping Beam","Recycle+1"],"picked":"SKIP","floor":11},{"not_picked":["Redo+1","Turbo+1"],"picked":"Compile Driver","floor":13},{"not_picked":["Rebound","Force Field+1"],"picked":"White Noise+1","floor":14},{"not_picked":["Multi-Cast+1","All For One"],"picked":"Seek+1","floor":16},{"not_picked":["Compile Driver","Storm+1","Stack+1"],"picked":"SKIP","floor":18},{"not_picked":["Melter","FTL"],"picked":"White Noise+1","floor":20},{"not_picked":["Tempest+1","Streamline","Capacitor+1"],"picked":"SKIP","floor":22}],"player_experience":2246087,"relics_obtained":[{"floor":9,"key":"Frozen Egg 2"},{"floor":10,"key":"Toxic Egg 2"},{"floor":14,"key":"Boot"}],"event_choices":[{"damage_healed":0,"gold_gain":150,"player_choice":"AGREE","damage_taken":0,"max_hp_gain":0,"max_hp_loss":0,"event_name":"Liars Game","floor":2,"gold_loss":0,"cards_obtained":["Doubt"]},{"damage_healed":0,"gold_gain":0,"player_choice":"Donut","damage_taken":0,"max_hp_gain":5,"max_hp_loss":0,"event_name":"Big Fish","floor":3,"gold_loss":0},{"damage_healed":0,"gold_gain":0,"player_choice":"Ignored","damage_taken":0,"max_hp_gain":0,"max_hp_loss":0,"event_name":"N\u0027loth","floor":21,"gold_loss":0}],"is_beta":false,"boss_relics":[{"not_picked":["Empty Cage","Velvet Choker"],"picked":"Pandora\u0027s Box"}],"items_purged_floors":[7,19],"is_endless":false,"potions_floor_spawned":[1,11,13,14,16,20],"killed_by":"Centurion and Healer","ascension_level":20,"potion_discard_per_floor":[[],[],[],[],[],[],[],[],[],[],[],[],[],[],[],[],[],[],[],[],[],[],[]]}