{"neow_bonuses_skipped_log":["RANDOM_COLORLESS","TWENTY_PERCENT_HP_BONUS","BOSS_RELIC"],"potions_obtained_entropic_brew":[[],[],[],[],[],[],[],[],[],[],[]],"neow_costs_skipped_log":["NONE","NO_GOLD","NONE"],"gold_per_floor":[210,210,222,234,0,0,11,45,69,85,85],"floor_reached":11,"playtime":382,"items_purged":["Strike_B"],"score":150,"play_id":"0196519e-8c79-47e9-83ae-b6cbbdd8032c","local_time":"20231114125205","score_breakdown":["Floors Climbed (11): 55","Enemies Slain (5): 10","Exordium Elites Killed (1): 10","Bosses Slain (0): 0","Ascension (20): 75"],"is_ascension_mode":true,"potions_obtained_alchemize":[[],[],[],[],[],[],[],[],[],[],[]],"campfire_choices":[{"data":"Darkness","floor":6,"key":"SMITH"}],"lesson_learned_per_floor":[[],[],[],[],[],[],[],[],[],[],[]],"neow_cost":"NONE","improvable_cards":{},"seed_source_timestamp":5052669334591400,"shop_contents":[{"floor":5,"relics":["Potion Belt","StrikeDummy","HandDrill"],"cards":["Barrage","Seek","Recycle","Blind","Transmutation"],"potions":["Energy Potion","FairyPotion","Strength Potion"]}],"circlet_count":0,"master_deck":["AscendersBane","Strike_B","Strike_B","Strike_B","Defend_B","Defend_B","Defend_B","Defend_B","Zap","Dualcast","Darkness+1","Redo","Lockon","Rip and Tear","Loop","Doom and Gloom","Buffer","Turbo"],"potion_use_per_floor":[[],[],[],[],[],[],[],["AttackPotion"],[],[],["AttackPotion","DuplicationPotion"]],"relics":["Cracked Core","Smiling Mask","Pen Nib"],"potions_floor_usage":[8,11,11],"damage_taken":[{"damage":2,"enemies":"2 Louse","floor":1,"turns":4},{"damage":1,"enemies":"Cultist","floor":3,"turns":3},{"damage":10,"enemies":"Small Slimes","floor":4,"turns":3},{"damage":6,"enemies":"2 Fungi Beasts","floor":7,"turns":4},{"damage":6,"enemies":"Gremlin Nob","floor":8,"turns":3},{"damage":14,"enemies":"Red Slaver","floor":10,"turns":2},{"damage":25,"enemies":"3 Sentries","floor":11,"turns":2}],"seed_played":"-4679116555223376851","neow_bonus_log":{"cardsObtained":[],"cardsUpgraded":[],"cardsRemoved":[],"cardsTransformed":[],"relicsObtained":[],"maxHpGained":0,"goldGained":100,"damageTaken":0,"goldLost":0,"maxHpLost":0},"potions_obtained":[{"floor":2,"key":"DuplicationPotion"},{"floor":2,"key":"DuplicationPotion"},{"floor":4,"key":"AttackPotion"},{"floor":8,"key":"AttackPotion"}],"is_trial":false,"path_per_floor":["M","?","M","M","$","R","M","E","T","M","E"],"character_chosen":"DEFECT","basemod:card_modifiers":[null,null,null,null,null,null,null,null,null,null,null,null,null,null,null,null,null,null],"items_purchased":["Rip and Tear","Loop"],"campfire_rested":0,"item_purchase_floors":[5,5],"current_hp_per_floor":[62,62,61,51,51,51,45,39,39,25,0],"gold":85,"neow_bonus":"HUNDRED_GOLD","is_prod":false,"is_daily":false,"rewards_skipped":[{"floor":3,"relics":[],"potions":["Strength Potion"]}],"chose_seed":false,"campfire_upgraded":1,"win_rate":0,"floor_exit_playtime":[55,59,87,131,183,190,240,279,282,331],"timestamp":1699984325,"path_taken":["M","?","M","M","$","R","M","E","T","M","E"],"build_version":"2022-12-18","purchased_purges":1,"victory":false,"max_hp_per_floor":[71,71,71,71,71,71,71,71,71,71,71],"relic_stats":{"counters":[7,21],"Pen Nib":[0],"Smiling Mask":0,"obtain_stats":[{"Pen Nib":9,"Cracked Core":0,"Smiling Mask":8},{"Pen Nib":5,"Cracked Core":0,"Smiling Mask":5},{"Pen Nib":17,"Cracked Core":0,"Smiling Mask":17}]},"card_choices":[{"not_picked":["Conserve Battery","Steam"],"picked":"Darkness","floor":1},{"not_picked":["Stack","Coolheaded"],"picked":"Redo","floor":3},{"not_picked":["Sweeping Beam","Conserve Battery"],"picked":"Lockon","floor":4},{"not_picked":["Beam Cell","Rip and Tear"],"picked":"Doom and Gloom","floor":7},{"not_picked":["Machine Learning","Conserve Battery"],"picked":"Buffer","floor":8},{"not_picked":["Cold Snap","Gash"],"picked":"Turbo","floor":10}],"player_experience":2245705,"relics_obtained":[{"floor":8,"key":"Smiling Mask"},{"floor":9,"key":"Pen Nib"}],"event_choices":[{"damage_healed":0,"gold_gain":0,"player_choice":"Got Potions","damage_taken":0,"max_hp_gain":0,"max_hp_loss":0,"event_name":"Lab","floor":2,"gold_loss":0}],"is_beta":false,"boss_relics":[],"items_purged_floors":[5],"is_endless":false,"potions_floor_spawned":[3,4,8],"killed_by":"3 Sentries","ascension_level":20,"potion_discard_per_floor":[[],[],[],["DuplicationPotion"],[],[],[],[],[],[],[]]}