{"neow_bonuses_skipped_log":["ONE_RANDOM_RARE_CARD","THREE_ENEMY_KILL","BOSS_RELIC"],"neow_costs_skipped_log":["NONE","NONE","NONE"],"potions_obtained_entropic_brew":[[],[],[],[],[],[],[],[],[],[],[],[],[],[],[],[],[],[],[],[],[],[],[],[],[],[],[],[],[],[],[],[],[],[],[],[],[],[],[],[],[],[],[],[],[],[],[],[],[],[],[],[],[],[],[]],"gold_per_floor":[365,380,380,80,99,143,143,216,216,216,255,255,255,294,294,393,393,411,64,84,99,99,99,143,143,195,231,14,14,38,38,38,131,131,145,145,164,183,183,183,224,245,315,315,315,153,174,197,197,197,197,197,197,46,46],"floor_reached":55,"playtime":3758,"items_purged":["Strike_B","Strike_B","Thunder Strike+1"],"score":1877,"play_id":"a0a751d1-7233-4642-8331-7a2afa7f4c6f","local_time":"20231105024246","score_breakdown":["Floors Climbed (55): 275","Enemies Slain (13): 26","Exordium Elites Killed (3): 30","City Elites Killed (2): 40","Beyond Elites Killed (1): 30","Bosses Slain (4): 500","Money Money (1204): 25","Overkill: 25","Ascension (20): 926"],"is_ascension_mode":true,"potions_obtained_alchemize":[[],[],[],[],[],[],[],[],[],[],[],[],[],[],[],[],[],[],[],[],[],[],[],[],[],[],[],[],[],[],[],[],[],[],[],[],[],[],[],[],[],[],[],[],[],[],[],[],[],[],[],[],[],[],[]],"campfire_choices":[{"data":"Defragment","floor":7.0,"key":"SMITH"},{"data":"Defragment","floor":10.0,"key":"SMITH"},{"floor":13.0,"key":"REST"},{"data":"Sunder","floor":15.0,"key":"SMITH"},{"data":"Reboot","floor":23.0,"key":"SMITH"},{"floor":25.0,"key":"REST"},{"data":"Hologram","floor":29.0,"key":"SMITH"},{"data":"Ghostly","floor":32.0,"key":"SMITH"},{"data":"Ghostly","floor":40.0,"key":"SMITH"},{"data":"Ghostly","floor":45.0,"key":"SMITH"},{"floor":49,"key":"RECALL"},{"data":"Turbo","floor":53,"key":"SMITH"}],"lesson_learned_per_floor":[[],[],[],[],[],[],[],[],[],[],[],[],[],[],[],[],[],[],[],[],[],[],[],[],[],[],[],[],[],[],[],[],[],[],[],[],[],[],[],[],[],[],[],[],[],[],[],[],[],[],[],[],[],[],[]],"neow_cost":"TEN_PERCENT_HP_LOSS","improvable_cards":{"Genetic Algorithm+1":[43]},"seed_source_timestamp":4235107206161500,"shop_contents":[{"floor":4,"relics":["Gremlin Horn","Pear"],"cards":["Rebound","Hyperbeam","Hologram","Tempest","Self Repair","Dramatic Entrance","Chrysalis"],"potions":["Weak Potion","Ancient Potion"]},{"floor":19,"relics":["War Paint","Kunai"],"cards":["Sweeping Beam","Rebound","Leap","Conserve Battery","Mind Blast","Secret Weapon"],"potions":["BlessingOfTheForge","Fruit Juice","FairyPotion"]},{"floor":28,"relics":["Strawberry","Sling"],"cards":["Gash+1","All For One+1","Hologram","Aggregate","Loop+1","Bandage Up","Transmutation"],"potions":["EssenceOfSteel","EssenceOfSteel"]},{"floor":46,"relics":["Sundial","Incense Burner","Lee\u0027s Waffle"],"cards":["Scrape+1","Sweeping Beam+1","Steam Power","Hello World+1","Enlightenment","Secret Technique"],"potions":["EssenceOfDarkness","Block Potion","DistilledChaos"]},{"floor":54,"relics":["Happy Flower","Pen Nib","TheAbacus"],"cards":["Rebound+1","Scrape+1","Stack","Reinforced Body","Storm+1","Transmutation"],"potions":["Regen Potion","LiquidBronze"]}],"circlet_count":0,"master_deck":["AscendersBane","Defend_B","Defend_B","Defend_B+1","Defend_B","Zap+1","Dualcast","Compile Driver","Glacier","Defragment+1","Defragment+1","Chill","Sunder+1","Reboot+1","CurseOfTheBell","Self Repair+1","Static Discharge+1","Turbo+1","Glacier","Leap+1","Hologram+1","Buffer+1","Ghostly+1","Ghostly+1","Ghostly+1","Echo Form+1","Genetic Algorithm+1","Blizzard+1","Skim+1","Echo Form+1","Aggregate","Reinforced Body+1","Discovery"],"special_seed":0,"potion_use_per_floor":[[],[],[],[],[],[],[],[],[],[],["ColorlessPotion","Fire Potion"],[],[],[],[],[],[],[],[],[],[],[],[],[],[],[],["PowerPotion"],[],[],["Block Potion"],[],[],[],[],[],[],[],[],[],[],[],[],[],[],[],[],["ColorlessPotion"],["Energy Potion"],[],["Explosive Potion"],[],[],[],[],["Energy Potion"]],"relics":["Cracked Core","Golden Idol","Orrery","Cables","Boot","Frozen Egg 2","WingedGreaves","Blue Candle","Calling Bell","Potion Belt","Question Card","CaptainsWheel","OrangePellets","Girya","DataDisk","Molten Egg 2","Anchor","Inserter","PreservedInsect"],"potions_floor_usage":[47,48,50,55],"damage_taken":[{"damage":5.0,"enemies":"2 Louse","floor":1.0,"turns":2.0},{"damage":7.0,"enemies":"Small Slimes","floor":2.0,"turns":3.0},{"damage":0.0,"enemies":"Jaw Worm","floor":5.0,"turns":4.0},{"damage":13.0,"enemies":"Lagavulin","floor":6.0,"turns":9.0},{"damage":0.0,"enemies":"Gremlin Nob","floor":8.0,"turns":3.0},{"damage":7.0,"enemies":"3 Sentries","floor":11.0,"turns":5.0},{"damage":5.0,"enemies":"Gremlin Nob","floor":14.0,"turns":3.0},{"damage":8.0,"enemies":"Hexaghost","floor":16.0,"turns":8.0},{"damage":8.0,"enemies":"2 Thieves","floor":18.0,"turns":4.0},{"damage":6.0,"enemies":"3 Byrds","floor":20.0,"turns":2.0},{"damage":18.0,"enemies":"Snake Plant","floor":21.0,"turns":5.0},{"damage":33.0,"enemies":"Gremlin Leader","floor":24.0,"turns":6.0},{"damage":10.0,"enemies":"Slavers","floor":27.0,"turns":5.0},{"damage":3.0,"enemies":"3 Cultists","floor":30.0,"turns":5.0},{"damage":21.0,"enemies":"Collector","floor":33.0,"turns":20.0},{"damage":11.0,"enemies":"3 Darklings","floor":35.0,"turns":7.0},{"damage":1.0,"enemies":"Orb Walker","floor":37.0,"turns":8.0},{"damage":3.0,"enemies":"Transient","floor":38.0,"turns":6.0},{"damage":10.0,"enemies":"Giant Head","floor":41.0,"turns":15.0},{"damage":0.0,"enemies":"Spire Growth","floor":42.0,"turns":11.0},{"damage":3,"enemies":"Maw","floor":47,"turns":11},{"damage":3,"enemies":"Transient","floor":48,"turns":6},{"damage":18,"enemies":"Awakened One","floor":50,"turns":21},{"damage":17,"enemies":"Time Eater","floor":51,"turns":23},{"damage":29,"enemies":"Shield and Spear","floor":55,"turns":5}],"green_key_taken_log":11,"seed_played":"6470200333387881228","neow_bonus_log":{"cardsObtained":[],"cardsUpgraded":[],"cardsRemoved":[],"cardsTransformed":[],"relicsObtained":[],"maxHpGained":0,"goldGained":250,"damageTaken":0,"goldLost":0,"maxHpLost":7},"potions_obtained":[{"floor":6.0,"key":"Fire Potion"},{"floor":20.0,"key":"Strength Potion"},{"floor":24.0,"key":"PowerPotion"},{"floor":27.0,"key":"Block Potion"},{"floor":37.0,"key":"Explosive Potion"},{"floor":41.0,"key":"Energy Potion"},{"floor":42.0,"key":"ColorlessPotion"}],"is_trial":false,"path_per_floor":["M","M","?","$","M","E","R","?","T","R","E","?","R","E","R","B",null,"M","$","M","M","?","R","E","R","T","E","$","R","M","?","R","B",null,"M","?","M","M","?","R","E","M","T","?","R","$","M","M","R","B","B",null,"R","$","E"],"character_chosen":"DEFECT","basemod:card_modifiers":[null,null,null,null,null,null,null,null,null,null,null,null,null,null,null,null,null,null,null,null,null,null,null,null,null,null,null,null,null,null,null,null,null],"items_purchased":["Orrery","ColorlessPotion","OrangePellets","Static Discharge+1","Anchor","FocusPotion","Aggregate","Discovery","Energy Potion"],"campfire_rested":2,"item_purchase_floors":[4,4,19,19,28,28,46,54,54],"current_hp_per_floor":[59,52,52,52,52,39,39,39,39,39,32,15,32,27,27,19,48,40,40,44,36,36,36,13,30,30,30,30,30,37,29,29,18,26,25,25,29,29,29,29,29,29,29,29,29,29,29,29,29,29,29,29,29,29,0],"gold":46,"neow_bonus":"TWO_FIFTY_GOLD","is_prod":false,"is_daily":false,"rewards_skipped":[{"floor":8,"relics":[],"potions":["ColorlessPotion"]}],"chose_seed":false,"campfire_upgraded":9,"win_rate":0,"floor_exit_playtime":[34,61,65,143,173,279,286,328,333,342,442,448,452,506,516,595,617,680,717,751,815,823,832,921,924,927,1021,1070,1086,1177,1189,1196,1537,1618,1748,1772,1865,2002,2006,2013,2241,2359,2362,2375,2384,2392,2763,2877,2881,3353,3636,3647,3655,3672],"timestamp":1699170166,"blue_key_relic_skipped_log":{"floor":43,"relicID":"The Courier"},"path_taken":["M","M","?","$","M","E","R","?","T","R","E","?","R","E","R","BOSS","M","$","M","M","?","R","E","R","T","E","$","R","M","?","R","BOSS","M","?","M","?","?","R","E","?","T","?","R","$","M","M","R","BOSS","BOSS","R","$","E"],"build_version":"2022-12-18","purchased_purges":3,"victory":false,"max_hp_per_floor":[64,64,58,58,58,58,58,58,58,58,58,58,58,58,58,58,58,58,58,58,58,58,58,58,58,58,58,58,58,58,29,29,29,29,29,29,29,29,29,29,29,29,29,29,29,29,29,29,29,29,29,29,29,29,29],"relic_stats":{"OrangePellets":[10],"Girya":0,"Inserter":[47],"counters":[25,197],"Golden Idol":191,"Blue Candle":[4],"WingedGreaves":3,"PreservedInsect":77,"Boot":[9],"Question Card":14,"obtain_stats":[{"Potion Belt":17,"Girya":24,"Inserter":34,"Golden Idol":3,"Blue Candle":14,"PreservedInsect":41,"Frozen Egg 2":9,"Boot":8,"Question Card":17,"Cables":6,"Calling Bell":17,"OrangePellets":19,"CaptainsWheel":17,"DataDisk":26,"Anchor":28,"Orrery":4,"Molten Egg 2":27,"WingedGreaves":11,"Cracked Core":0},{"Potion Belt":8,"Girya":12,"Inserter":15,"Golden Idol":2,"Blue Candle":7,"PreservedInsect":19,"Frozen Egg 2":5,"Boot":4,"Question Card":8,"Cables":4,"Calling Bell":8,"OrangePellets":9,"CaptainsWheel":8,"DataDisk":12,"Anchor":13,"Orrery":2,"Molten Egg 2":13,"WingedGreaves":6,"Cracked Core":0},{"Potion Belt":37,"Girya":54,"Inserter":84,"Golden Idol":5,"Blue Candle":29,"PreservedInsect":120,"Frozen Egg 2":21,"Boot":18,"Question Card":37,"Cables":18,"Calling Bell":37,"OrangePellets":41,"CaptainsWheel":37,"DataDisk":54,"Anchor":59,"Orrery":5,"Molten Egg 2":59,"WingedGreaves":26,"Cracked Core":0}],"Cables":[167,69,98,0,0]},"card_choices":[{"not_picked":["Coolheaded","Barrage"],"picked":"Compile Driver","floor":1.0},{"not_picked":["Gash","Undo"],"picked":"Glacier","floor":2.0},{"not_picked":["Steam","Beam Cell"],"picked":"Defragment","floor":4.0},{"not_picked":["Hologram","Buffer"],"picked":"Rip and Tear","floor":4.0},{"not_picked":["Sweeping Beam","Compile Driver","Steam Power"],"picked":"SKIP","floor":4.0},{"not_picked":["Leap","Streamline","Redo"],"picked":"SKIP","floor":4.0},{"not_picked":["Streamline","Turbo","Leap"],"picked":"SKIP","floor":4.0},{"not_picked":["Glacier","Force Field"],"picked":"Defragment","floor":5.0},{"not_picked":["Beam Cell","Static Discharge"],"picked":"Chill","floor":6.0},{"not_picked":["Conserve Battery","Gash","Coolheaded"],"picked":"SKIP","floor":8.0},{"not_picked":["Rebound","Redo","Multi-Cast"],"picked":"SKIP","floor":11.0},{"not_picked":["Force Field","Hologram"],"picked":"Sunder","floor":14.0},{"not_picked":["Thunder Strike","Rainbow"],"picked":"Reboot","floor":16.0},{"not_picked":["Turbo","Redo","Hologram"],"picked":"Self Repair+1","floor":18.0},{"not_picked":["Leap","Stack","Conserve Battery"],"picked":"Turbo","floor":20.0},{"not_picked":["Leap+1","Redo","Barrage"],"picked":"Glacier","floor":21.0},{"not_picked":["Double Energy","Auto Shields","Melter"],"picked":"Leap+1","floor":24.0},{"not_picked":["Barrage+1","Ball Lightning+1","Chill"],"picked":"Hologram","floor":27.0},{"not_picked":["Steam","Steam Power","Hello World+1"],"picked":"Buffer+1","floor":30.0},{"not_picked":["Creative AI+1","Core Surge+1","Multi-Cast"],"picked":"Echo Form+1","floor":33.0},{"not_picked":["Leap","White Noise+1","Barrage+1"],"picked":"Genetic Algorithm+1","floor":35.0},{"not_picked":["Reprogram+1","Force Field","Glacier"],"picked":"Blizzard+1","floor":37.0},{"not_picked":["Genetic Algorithm","Scrape+1","Hologram"],"picked":"Skim+1","floor":38.0},{"not_picked":["Ball Lightning+1","Leap+1","Conserve Battery","Streamline+1"],"picked":"SKIP","floor":41.0},{"not_picked":["Turbo","Tempest","Coolheaded"],"picked":"Echo Form+1","floor":42.0},{"not_picked":["Stack","Sweeping Beam+1","Conserve Battery"],"picked":"Reinforced Body+1","floor":47},{"not_picked":["Gash+1","Cold Snap+1","Steam","Reprogram+1"],"picked":"SKIP","floor":48}],"player_experience":2234184,"relics_obtained":[{"floor":6.0,"key":"Cables"},{"floor":9.0,"key":"Frozen Egg 2"},{"floor":11.0,"key":"WingedGreaves"},{"floor":14.0,"key":"Blue Candle"},{"floor":17.0,"key":"Potion Belt"},{"floor":17.0,"key":"Question Card"},{"floor":17.0,"key":"CaptainsWheel"},{"floor":24.0,"key":"Girya"},{"floor":26.0,"key":"DataDisk"},{"floor":27.0,"key":"Molten Egg 2"},{"floor":41.0,"key":"PreservedInsect"}],"event_choices":[{"damage_healed":0.0,"max_hp_gain":0.0,"max_hp_loss":6.0,"gold_gain":0.0,"event_name":"Golden Idol","player_choice":"Lose Max HP","floor":3.0,"gold_loss":0.0,"damage_taken":0.0,"relics_obtained":["Golden Idol"]},{"damage_healed":0.0,"max_hp_gain":0.0,"max_hp_loss":0.0,"gold_gain":0.0,"event_name":"Dead Adventurer","player_choice":"Searched \u00272\u0027 times","floor":8.0,"gold_loss":0.0,"damage_taken":0.0,"relics_obtained":["Boot"]},{"damage_healed":0.0,"max_hp_gain":0.0,"max_hp_loss":0.0,"gold_gain":0.0,"event_name":"Shining Light","player_choice":"Entered Light","floor":12.0,"gold_loss":0.0,"damage_taken":17.0,"cards_upgraded":["Zap","Defend_B"]},{"damage_healed":0.0,"max_hp_gain":0.0,"max_hp_loss":0.0,"gold_gain":0.0,"event_name":"Vampires","player_choice":"Ignored","floor":22.0,"gold_loss":0.0,"damage_taken":0.0},{"damage_healed":0.0,"max_hp_gain":0.0,"max_hp_loss":29.0,"gold_gain":0.0,"event_name":"Ghosts","player_choice":"Became a Ghost","floor":31.0,"gold_loss":0.0,"damage_taken":0.0,"cards_obtained":["Ghostly","Ghostly","Ghostly"]},{"cards_removed":["Strike_B"],"damage_healed":0.0,"max_hp_gain":0.0,"max_hp_loss":0.0,"gold_gain":0.0,"event_name":"Wheel of Change","player_choice":"Card Removal","floor":36.0,"gold_loss":0.0,"damage_taken":0.0},{"cards_removed":["Strike_B"],"damage_healed":0.0,"max_hp_gain":0.0,"max_hp_loss":0.0,"gold_gain":0.0,"event_name":"Purifier","player_choice":"Purged","floor":39.0,"gold_loss":0.0,"damage_taken":0.0},{"damage_healed":0.0,"max_hp_gain":0.0,"max_hp_loss":0.0,"gold_gain":0.0,"cards_transformed":["Rip and Tear"],"event_name":"Transmorgrifier","player_choice":"Transformed","floor":44.0,"gold_loss":0.0,"damage_taken":0.0,"cards_obtained":["Thunder Strike"]}],"is_beta":false,"boss_relics":[{"not_picked":["FrozenCore","Snecko Eye"],"picked":"Calling Bell"},{"not_picked":["Velvet Choker","Philosopher\u0027s Stone"],"picked":"Inserter"}],"items_purged_floors":[4,19,46],"is_endless":false,"potions_floor_spawned":[6,8,20,24,27,37,41,42],"killed_by":"Shield and Spear","ascension_level":20,"potion_discard_per_floor":[[],[],[],[],[],[],[],[],[],[],[],[],[],[],[],[],[],[],[],[],[],[],[],[],[],[],[],[],[],[],[],[],[],[],[],[],[],[],[],[],[],["Strength Potion"],[],[],[],[],[],[],[],[],[],[],[],[],[]]}