{"neow_bonuses_skipped_log":["RANDOM_COLORLESS","TEN_PERCENT_HP_BONUS","BOSS_RELIC"],"potions_obtained_entropic_brew":[[],[],[],[],[],[],[],[],[],[],[],[],[],[],[],[],[],[],[],[],[],[],[],[],[],[],[],[],[],[],[],[],[],[],[],[],[],[],[],[]],"neow_costs_skipped_log":["NONE","NONE","NONE"],"gold_per_floor":[110,125,13,24,39,39,68,68,91,91,101,101,127,27,27,103,103,121,137,137,337,351,351,351,351,351,368,368,402,416,442,442,442,442,459,477,497,497,512,512],"floor_reached":40,"playtime":1903,"items_purged":["Strike_B","Strike_B"],"score":876,"play_id":"cf89cdaf-d477-4c0f-ba3f-dc994f421c59","local_time":"20231117181950","score_breakdown":["Floors Climbed (40): 200","Enemies Slain (14): 28","Exordium Elites Killed (2): 20","City Elites Killed (2): 40","Beyond Elites Killed (0): 0","Bosses Slain (2): 150","Ascension (20): 438"],"is_ascension_mode":true,"potions_obtained_alchemize":[[],[],[],[],[],[],[],[],[],[],[],[],[],[],[],[],[],[],[],[],[],[],[],[],[],[],[],[],[],[],[],[],[],[],[],[],[],[],[],[]],"campfire_choices":[{"data":"Metamorphosis","floor":6.0,"key":"SMITH"},{"data":"Sunder","floor":8.0,"key":"SMITH"},{"floor":10.0,"key":"REST"},{"data":"Hologram","floor":12.0,"key":"SMITH"},{"data":"Hologram","floor":15.0,"key":"SMITH"},{"floor":23.0,"key":"REST"},{"data":"Reboot","floor":25.0,"key":"SMITH"},{"data":"Echo Form","floor":28.0,"key":"SMITH"},{"floor":32.0,"key":"REST"}],"lesson_learned_per_floor":[[],[],[],[],[],[],[],[],[],[],[],[],[],[],[],[],[],[],[],[],[],[],[],[],[],[],[],[],[],[],[],[],[],[],[],[],[],[],[],[]],"neow_cost":"PERCENT_DAMAGE","improvable_cards":{},"seed_source_timestamp":5329970827542500,"shop_contents":[{"floor":3,"relics":["Oddly Smooth Stone","Happy Flower","Medical Kit"],"cards":["Rebound","White Noise","Rainbow","Static Discharge","Jack Of All Trades","Metamorphosis"],"potions":["Energy Potion","BlessingOfTheForge","FocusPotion"]},{"floor":14,"relics":["Dream Catcher","Centennial Puzzle","Cauldron"],"cards":["Beam Cell","Lockon","Force Field","Coolheaded","Loop","Panacea","Panache"],"potions":["SteroidPotion","Weak Potion","BlessingOfTheForge"]}],"circlet_count":0,"master_deck":["AscendersBane","Strike_B","Defend_B","Defend_B","Defend_B","Defend_B","Zap","Dualcast","Metamorphosis+1","Sunder+1","Hologram+1","Scrape","Gash","Reinforced Body","Hologram+1","Conserve Battery","Echo Form+1","Reboot+1","Reinforced Body+1","Necronomicurse","Doom and Gloom","Seek","Glacier+1","Double Energy"],"special_seed":0,"potion_use_per_floor":[[],[],[],[],[],[],["SpeedPotion"],[],[],[],[],[],[],[],[],["FairyPotion"],[],[],[],[],[],[],[],[],[],[],[],[],[],[],[],[],["CultistPotion"],[],[],[],[],[],["Swift Potion","PowerPotion"],["ColorlessPotion"]],"relics":["Cracked Core","Anchor","Pen Nib","Orichalcum","Runic Pyramid","Necronomicon","Frozen Egg 2","Letter Opener","Art of War","Cursed Key"],"potions_floor_usage":[40],"damage_taken":[{"damage":1.0,"enemies":"Cultist","floor":1.0,"turns":3.0},{"damage":7.0,"enemies":"Jaw Worm","floor":2.0,"turns":3.0},{"damage":0.0,"enemies":"Small Slimes","floor":4.0,"turns":2.0},{"damage":9.0,"enemies":"Red Slaver","floor":5.0,"turns":2.0},{"damage":10.0,"enemies":"3 Sentries","floor":7.0,"turns":3.0},{"damage":0.0,"enemies":"Large Slime","floor":11.0,"turns":3.0},{"damage":39.0,"enemies":"Gremlin Nob","floor":13.0,"turns":4.0},{"damage":14.0,"enemies":"The Guardian","floor":16.0,"turns":10.0},{"damage":0.0,"enemies":"Chosen","floor":18.0,"turns":4.0},{"damage":6.0,"enemies":"3 Byrds","floor":19.0,"turns":5.0},{"damage":0.0,"enemies":"Centurion and Healer","floor":22.0,"turns":7.0},{"damage":0.0,"enemies":"3 Cultists","floor":27.0,"turns":5.0},{"damage":6.0,"enemies":"Gremlin Leader","floor":29.0,"turns":6.0},{"damage":15.0,"enemies":"Snake Plant","floor":30.0,"turns":4.0},{"damage":26.0,"enemies":"Book of Stabbing","floor":31.0,"turns":6.0},{"damage":8.0,"enemies":"Collector","floor":33.0,"turns":7.0},{"damage":0.0,"enemies":"Orb Walker","floor":35.0,"turns":2.0},{"damage":1.0,"enemies":"3 Darklings","floor":36.0,"turns":4.0},{"damage":0.0,"enemies":"Spire Growth","floor":37.0,"turns":5.0},{"damage":55.0,"enemies":"Writhing Mass","floor":39.0,"turns":6.0},{"damage":3,"enemies":"Nemesis","floor":40,"turns":3}],"seed_played":"-4534794469569329628","neow_bonus_log":{"cardsObtained":[],"cardsUpgraded":[],"cardsRemoved":[],"cardsTransformed":[],"relicsObtained":[],"maxHpGained":0,"goldGained":0,"damageTaken":18,"goldLost":0,"maxHpLost":0},"potions_obtained":[{"floor":4.0,"key":"SpeedPotion"},{"floor":5.0,"key":"BlessingOfTheForge"},{"floor":7.0,"key":"FairyPotion"},{"floor":19.0,"key":"Swift Potion"},{"floor":22.0,"key":"CultistPotion"},{"floor":37.0,"key":"PowerPotion"},{"floor":39.0,"key":"ColorlessPotion"}],"is_trial":false,"path_per_floor":["M","M","$","M","M","R","E","R","T","R","M","R","E","$","R","B",null,"M","M","?","?","M","R","?","R","T","M","R","E","M","E","R","B",null,"M","M","M","T","M","E"],"character_chosen":"DEFECT","basemod:card_modifiers":[null,null,null,null,null,null,null,null,null,null,null,null,null,null,null,null,null,null,null,null,null,null,null,null],"items_purchased":["Scrape"],"campfire_rested":3,"item_purchase_floors":[3],"current_hp_per_floor":[45,38,38,38,29,29,19,19,19,40,40,40,1,1,1,11,56,56,50,29,29,29,50,50,50,50,50,50,44,29,3,24,16,57,57,56,56,56,1,0],"gold":512,"neow_bonus":"RANDOM_COLORLESS_2","is_prod":false,"is_daily":false,"rewards_skipped":[{"floor":13,"relics":[],"potions":["SteroidPotion"]},{"floor":30,"relics":[],"potions":["SneckoOil"]}],"chose_seed":false,"campfire_upgraded":6,"win_rate":0,"floor_exit_playtime":[33,57,66,99,123,131,168,175,179,182,218,225,388,407,416,533,557,646,742,748,754,837,840,853,859,861,933,940,1080,1176,1348,1351,1499,1515,1541,1641,1725,1730,1845],"timestamp":1700263190,"path_taken":["M","M","?","M","?","R","E","R","T","R","M","R","E","$","R","BOSS","M","?","?","?","?","R","?","R","T","M","R","E","M","E","R","BOSS","M","M","M","?","M","E"],"build_version":"2022-12-18","purchased_purges":2,"victory":false,"max_hp_per_floor":[71,71,71,71,71,71,71,71,71,71,71,71,71,71,71,71,71,71,71,71,71,71,71,71,71,71,71,71,71,71,71,71,71,71,71,71,71,71,71,71],"relic_stats":{"counters":[21,94],"Pen Nib":[16],"Necronomicon":[20],"Art of War":[7],"Letter Opener":[100],"Orichalcum":[48],"Cursed Key":0,"obtain_stats":[{"Anchor":7,"Pen Nib":9,"Necronomicon":20,"Art of War":31,"Letter Opener":29,"Orichalcum":13,"Frozen Egg 2":26,"Cracked Core":0,"Cursed Key":34,"Runic Pyramid":17},{"Anchor":5,"Pen Nib":5,"Necronomicon":10,"Art of War":15,"Letter Opener":13,"Orichalcum":7,"Frozen Egg 2":11,"Cracked Core":0,"Cursed Key":16,"Runic Pyramid":8},{"Anchor":13,"Pen Nib":13,"Necronomicon":39,"Art of War":67,"Letter Opener":57,"Orichalcum":20,"Frozen Egg 2":46,"Cracked Core":0,"Cursed Key":74,"Runic Pyramid":30}]},"card_choices":[{"not_picked":["The Bomb","Thinking Ahead"],"picked":"Metamorphosis","floor":0.0},{"not_picked":["Steam","Coolheaded"],"picked":"Sunder","floor":1.0},{"not_picked":["Go for the Eyes","Auto Shields"],"picked":"Hologram","floor":2.0},{"not_picked":["Turbo","Rebound"],"picked":"Gash","floor":4.0},{"not_picked":["Rip and Tear","White Noise"],"picked":"Reinforced Body","floor":5.0},{"not_picked":["Lockon","Compile Driver"],"picked":"Hologram","floor":7.0},{"not_picked":["BootSequence","Recycle"],"picked":"Conserve Battery","floor":11.0},{"not_picked":["Rebound","Sweeping Beam"],"picked":"Echo Form","floor":13.0},{"not_picked":["Amplify","Thunder Strike"],"picked":"Reboot","floor":16.0},{"not_picked":["Steam Power","BootSequence"],"picked":"Reinforced Body+1","floor":18.0},{"not_picked":["Ball Lightning","Consume","Stack"],"picked":"SKIP","floor":19.0},{"not_picked":["Barrage","Sunder","Aggregate"],"picked":"SKIP","floor":22.0},{"not_picked":["Aggregate","Conserve Battery","Beam Cell"],"picked":"SKIP","floor":27.0},{"not_picked":["Go for the Eyes","Redo"],"picked":"Doom and Gloom","floor":29.0},{"not_picked":["Reinforced Body","Compile Driver","Rebound"],"picked":"SKIP","floor":30.0},{"not_picked":["Coolheaded","Stack"],"picked":"Seek","floor":31.0},{"not_picked":["Electrodynamics+1","Hyperbeam","Amplify"],"picked":"SKIP","floor":33.0},{"not_picked":["Coolheaded","Steam"],"picked":"Glacier+1","floor":35.0},{"not_picked":["Cold Snap","Conserve Battery","Ball Lightning"],"picked":"SKIP","floor":36.0},{"not_picked":["Undo","Consume","Sweeping Beam"],"picked":"SKIP","floor":37.0},{"not_picked":["Rebound+1","Ball Lightning"],"picked":"Double Energy","floor":39.0}],"player_experience":2261813,"relics_obtained":[{"floor":7.0,"key":"Anchor"},{"floor":9.0,"key":"Pen Nib"},{"floor":13.0,"key":"Orichalcum"},{"floor":20.0,"key":"Necronomicon"},{"floor":26.0,"key":"Frozen Egg 2"},{"floor":29.0,"key":"Letter Opener"},{"floor":31.0,"key":"Art of War"}],"event_choices":[{"damage_healed":0.0,"max_hp_gain":0.0,"max_hp_loss":0.0,"gold_gain":0.0,"event_name":"Cursed Tome","player_choice":"Obtained Book","floor":20.0,"gold_loss":0.0,"damage_taken":21.0},{"damage_healed":0.0,"max_hp_gain":0.0,"max_hp_loss":0.0,"gold_gain":250.0,"event_name":"The Joust","player_choice":"Bet on Owner","floor":21.0,"gold_loss":50.0,"damage_taken":0.0},{"cards_removed":["Strike_B"],"damage_healed":0.0,"max_hp_gain":0.0,"max_hp_loss":0.0,"gold_gain":0.0,"event_name":"Bonfire Elementals","player_choice":"Offered Basic","floor":24.0,"gold_loss":0.0,"damage_taken":0.0}],"is_beta":false,"boss_relics":[{"not_picked":["Fusion Hammer","Busted Crown"],"picked":"Runic Pyramid"},{"not_picked":["Black Star","Philosopher\u0027s Stone"],"picked":"Cursed Key"}],"items_purged_floors":[3,14],"is_endless":false,"potions_floor_spawned":[4,5,7,13,19,22,30,37,39],"killed_by":"Nemesis","ascension_level":20,"potion_discard_per_floor":[[],[],[],[],[],[],[],[],[],[],[],[],[],[],[],[],[],[],[],[],[],["BlessingOfTheForge"],[],[],[],[],[],[],[],[],[],[],[],[],[],[],[],[],[],[]]}