{"neow_bonuses_skipped_log":["THREE_ENEMY_KILL","ONE_RARE_RELIC","BOSS_RELIC"],"potions_obtained_entropic_brew":[[],[],[],[],[],[],[],[],[],[],[],[],[],[],[],[]],"neow_costs_skipped_log":["NONE","CURSE","NONE"],"gold_per_floor":[118,136,156,206,223,223,240,257,283,295,329,329,385,418,418,418],"floor_reached":16,"playtime":605,"items_purged":[],"score":228,"play_id":"56886458-6a3f-44d8-8505-46707ace8415","local_time":"20231118094034","score_breakdown":["Floors Climbed (16): 80","Enemies Slain (7): 14","Exordium Elites Killed (2): 20","Bosses Slain (0): 0","Ascension (20): 114"],"is_ascension_mode":true,"potions_obtained_alchemize":[[],[],[],[],[],[],[],[],[],[],[],[],[],[],[],[]],"campfire_choices":[{"data":"Streamline","floor":6,"key":"SMITH"},{"data":"Biased Cognition","floor":12,"key":"SMITH"},{"floor":15,"key":"REST"}],"lesson_learned_per_floor":[[],[],[],[],[],[],[],[],[],[],[],[],[],[],[],[]],"neow_cost":"NONE","improvable_cards":{},"seed_source_timestamp":5386553029859300,"shop_contents":[],"circlet_count":0,"master_deck":["AscendersBane","Strike_B","Strike_B","Strike_B","Strike_B","Defend_B","Defend_B","Defend_B","Defend_B","Zap+1","Dualcast","Rebound","Reinforced Body","Streamline+1","Compile Driver","Hologram","Undo","Biased Cognition+1","Creative AI","Steam","Heatsinks"],"potion_use_per_floor":[[],[],[],[],[],[],[],["Fire Potion"],[],["Regen Potion"],["ColorlessPotion"],[],[],["PowerPotion"],[],[]],"relics":["Cracked Core","Ancient Tea Set","Peace Pipe","Bronze Scales","Bag of Marbles"],"potions_floor_usage":[8,10,11,14],"damage_taken":[{"damage":1,"enemies":"Cultist","floor":1,"turns":4},{"damage":4,"enemies":"2 Louse","floor":2,"turns":2},{"damage":3,"enemies":"Small Slimes","floor":3,"turns":4},{"damage":17,"enemies":"3 Louse","floor":5,"turns":3},{"damage":0,"enemies":"Large Slime","floor":7,"turns":4},{"damage":6,"enemies":"Lots of Slimes","floor":8,"turns":3},{"damage":12,"enemies":"Exordium Thugs","floor":10,"turns":6},{"damage":6,"enemies":"Lagavulin","floor":11,"turns":7},{"damage":8,"enemies":"Gremlin Nob","floor":13,"turns":3},{"damage":4,"enemies":"3 Sentries","floor":14,"turns":3},{"damage":41,"enemies":"The Guardian","floor":16,"turns":10}],"seed_played":"3731737044221005486","neow_bonus_log":{"cardsObtained":[],"cardsUpgraded":["Zap"],"cardsRemoved":[],"cardsTransformed":[],"relicsObtained":[],"maxHpGained":0,"goldGained":0,"damageTaken":0,"goldLost":0,"maxHpLost":0},"potions_obtained":[{"floor":2,"key":"Fire Potion"},{"floor":7,"key":"ColorlessPotion"},{"floor":8,"key":"Regen Potion"},{"floor":13,"key":"PowerPotion"}],"is_trial":false,"path_per_floor":["M","M","M","?","M","R","M","M","T","M","E","R","?","E","R","B"],"character_chosen":"DEFECT","basemod:card_modifiers":[null,null,null,null,null,null,null,null,null,null,null,null,null,null,null,null,null,null,null,null,null],"items_purchased":[],"campfire_rested":1,"item_purchase_floors":[],"current_hp_per_floor":[63,59,56,56,39,39,39,33,33,36,30,30,22,18,39,0],"gold":418,"neow_bonus":"UPGRADE_CARD","is_prod":false,"is_daily":false,"rewards_skipped":[],"chose_seed":false,"campfire_upgraded":2,"win_rate":0,"floor_exit_playtime":[62,84,123,126,163,169,201,250,252,318,414,420,467,516,518],"timestamp":1700318434,"path_taken":["M","M","?","?","?","R","M","M","T","?","E","R","?","E","R","BOSS"],"build_version":"2022-12-18","purchased_purges":0,"victory":false,"max_hp_per_floor":[71,71,71,71,71,71,71,71,71,71,71,71,71,71,71,71],"relic_stats":{"Peace Pipe":0,"counters":[11,49],"Bronze Scales":[48],"Ancient Tea Set":[4],"obtain_stats":[{"Peace Pipe":11,"Bronze Scales":13,"Bag of Marbles":14,"Cracked Core":0,"Ancient Tea Set":9},{"Peace Pipe":8,"Bronze Scales":9,"Bag of Marbles":10,"Cracked Core":0,"Ancient Tea Set":6},{"Peace Pipe":33,"Bronze Scales":36,"Bag of Marbles":39,"Cracked Core":0,"Ancient Tea Set":20}]},"card_choices":[{"not_picked":["Sweeping Beam","Stack"],"picked":"Rebound","floor":1},{"not_picked":["Compile Driver","Go for the Eyes"],"picked":"Reinforced Body","floor":2},{"not_picked":["Auto Shields","Hologram"],"picked":"Streamline","floor":3},{"not_picked":["Conserve Battery","Turbo"],"picked":"Compile Driver","floor":5},{"not_picked":["Turbo","Cold Snap"],"picked":"Hologram","floor":7},{"not_picked":["Recycle","Force Field"],"picked":"Undo","floor":8},{"not_picked":["Leap","Streamline"],"picked":"Biased Cognition","floor":10},{"not_picked":["Lockon","Sweeping Beam"],"picked":"Creative AI","floor":11},{"not_picked":["Chaos","Reprogram"],"picked":"Steam","floor":13},{"not_picked":["Compile Driver","Leap"],"picked":"Heatsinks","floor":14}],"player_experience":2276804,"relics_obtained":[{"floor":9,"key":"Ancient Tea Set"},{"floor":11,"key":"Peace Pipe"},{"floor":13,"key":"Bronze Scales"},{"floor":14,"key":"Bag of Marbles"}],"event_choices":[{"damage_healed":0,"gold_gain":50,"player_choice":"Pray","damage_taken":0,"max_hp_gain":0,"max_hp_loss":0,"event_name":"Golden Shrine","floor":4,"gold_loss":0},{"damage_healed":0,"gold_gain":0,"player_choice":"Searched \u00272\u0027 times","damage_taken":0,"max_hp_gain":0,"max_hp_loss":0,"event_name":"Dead Adventurer","floor":13,"gold_loss":0}],"is_beta":false,"boss_relics":[],"items_purged_floors":[],"is_endless":false,"potions_floor_spawned":[2,7,8,13],"killed_by":"The Guardian","ascension_level":20,"potion_discard_per_floor":[[],[],[],[],[],[],[],[],[],[],[],[],[],[],[],[]]}