{"neow_bonuses_skipped_log":["TRANSFORM_CARD","RANDOM_COMMON_RELIC","BOSS_RELIC"],"neow_costs_skipped_log":["NONE","NONE","NONE"],"potions_obtained_entropic_brew":[[],[],[],[],[],[],[],[],[],[],[],[],[],[],[],[],[],[],[],[],[],[],[],[]],"gold_per_floor":[117,136,211,57,72,72,89,117,117,117,137,151,151,184,184,255,255,269,22,38,49,65,65,65],"floor_reached":24,"playtime":1065,"items_purged":["Pain"],"score":470,"play_id":"d5e7ae17-c132-4745-94ec-a967583736f9","local_time":"20231115161618","score_breakdown":["Floors Climbed (24): 120","Enemies Slain (10): 20","Exordium Elites Killed (2): 20","City Elites Killed (0): 0","Bosses Slain (1): 50","Champion (1): 25","Ascension (20): 235"],"is_ascension_mode":true,"potions_obtained_alchemize":[[],[],[],[],[],[],[],[],[],[],[],[],[],[],[],[],[],[],[],[],[],[],[],[]],"campfire_choices":[{"data":"Defragment","floor":6.0,"key":"SMITH"},{"data":"Defragment","floor":13.0,"key":"SMITH"},{"floor":15,"key":"REST"},{"data":"Sunder","floor":23,"key":"SMITH"}],"lesson_learned_per_floor":[[],[],[],[],[],[],[],[],[],[],[],[],[],[],[],[],[],[],[],[],[],[],[],[]],"neow_cost":"TEN_PERCENT_HP_LOSS","improvable_cards":{},"seed_source_timestamp":5150605241885500,"shop_contents":[{"floor":4,"relics":["Orichalcum","Bronze Scales","HandDrill"],"cards":["Gash","Scrape","Redo","Panacea","Transmutation"],"potions":["ColorlessPotion","Dexterity Potion","Block Potion"]},{"floor":19,"relics":["Bag of Preparation","Akabeko"],"cards":["Barrage","Cold Snap","Tempest","Hologram","Self Repair","Trip","Sadistic Nature"],"potions":["PotionOfCapacity","BlessingOfTheForge","Swift Potion"]}],"circlet_count":0,"master_deck":["AscendersBane","Strike_B","Strike_B","Strike_B","Strike_B","Defend_B","Defend_B","Defend_B","Defend_B","Zap","Dualcast","The Bomb","Cold Snap","Capacitor","Glacier","Defragment+1","Skim","Doom and Gloom","BootSequence","Defragment+1","Self Repair","Reboot","Defragment","Sunder+1","Reinforced Body"],"special_seed":0,"potion_use_per_floor":[[],[],[],[],[],[],[],["DuplicationPotion"],[],[],[],[],[],["Ancient Potion"],[],[],[],[],[],[],[],[],[],["PowerPotion","FocusPotion"]],"relics":["Cracked Core","Pantograph","Symbiotic Virus","WarpedTongs","Snecko Eye","Runic Capacitor"],"potions_floor_usage":[14,24,24],"damage_taken":[{"damage":0.0,"enemies":"Cultist","floor":1.0,"turns":3.0},{"damage":5.0,"enemies":"Jaw Worm","floor":2.0,"turns":4.0},{"damage":0.0,"enemies":"Small Slimes","floor":5.0,"turns":4.0},{"damage":4.0,"enemies":"Blue Slaver","floor":7.0,"turns":4.0},{"damage":0.0,"enemies":"Lagavulin","floor":8.0,"turns":7.0},{"damage":1.0,"enemies":"Lots of Slimes","floor":11.0,"turns":3.0},{"damage":16.0,"enemies":"3 Louse","floor":12.0,"turns":3.0},{"damage":24,"enemies":"Gremlin Nob","floor":14,"turns":4},{"damage":38,"enemies":"The Guardian","floor":16,"turns":13},{"damage":13,"enemies":"Shell Parasite","floor":18,"turns":10},{"damage":20,"enemies":"3 Byrds","floor":20,"turns":4},{"damage":10,"enemies":"Snake Plant","floor":21,"turns":4},{"damage":6,"enemies":"3 Cultists","floor":22,"turns":4},{"damage":41,"enemies":"Slavers","floor":24,"turns":2}],"seed_played":"-6394090235000619954","neow_bonus_log":{"cardsObtained":[],"cardsUpgraded":[],"cardsRemoved":[],"cardsTransformed":[],"relicsObtained":[],"maxHpGained":0,"goldGained":0,"damageTaken":0,"goldLost":0,"maxHpLost":7},"potions_obtained":[{"floor":2.0,"key":"BlessingOfTheForge"},{"floor":5.0,"key":"DuplicationPotion"},{"floor":12.0,"key":"Ancient Potion"},{"floor":20,"key":"PowerPotion"},{"floor":22,"key":"FocusPotion"}],"is_trial":false,"path_per_floor":["M","M","?","$","M","R","M","E","T","?","M","M","R","E","R","B",null,"M","$","M","M","M","R","E"],"character_chosen":"DEFECT","basemod:card_modifiers":[null,null,null,null,null,null,null,null,null,null,null,null,null,null,null,null,null,null,null,null,null,null,null,null,null],"items_purchased":["Glacier","Defragment","Runic Capacitor"],"campfire_rested":1,"item_purchase_floors":[4,4,19],"current_hp_per_floor":[64,59,48,48,48,48,44,44,44,44,43,27,27,3,22,19,53,47,47,34,34,35,35,0],"gold":65,"neow_bonus":"RANDOM_COLORLESS_2","is_prod":false,"is_daily":false,"rewards_skipped":[{"floor":14,"relics":["Bottled Flame"],"potions":[]}],"chose_seed":false,"campfire_upgraded":3,"win_rate":0,"floor_exit_playtime":[37,72,74,86,125,134,184,242,246,257,306,340,349,397,400,666,684,797,809,869,916,992,1005],"timestamp":1700082978,"path_taken":["M","M","?","$","M","R","M","E","T","?","M","M","R","E","R","BOSS","M","$","M","?","M","R","E"],"build_version":"2022-12-18","purchased_purges":1,"victory":false,"max_hp_per_floor":[64,64,64,64,64,64,64,64,64,64,64,64,64,64,64,64,64,64,64,64,64,64,64,64],"relic_stats":{"counters":[14,69],"Pantograph":25,"Snecko Eye":[46,44,40,46,-63],"obtain_stats":[{"Pantograph":8,"Snecko Eye":17,"Runic Capacitor":19,"Cracked Core":0,"Symbiotic Virus":9,"WarpedTongs":10},{"Pantograph":5,"Snecko Eye":9,"Runic Capacitor":10,"Cracked Core":0,"Symbiotic Virus":5,"WarpedTongs":5},{"Pantograph":22,"Snecko Eye":45,"Runic Capacitor":55,"Cracked Core":0,"Symbiotic Virus":22,"WarpedTongs":22}],"WarpedTongs":[47]},"card_choices":[{"not_picked":["Secret Weapon","Metamorphosis"],"picked":"The Bomb","floor":0.0},{"not_picked":["Aggregate","Go for the Eyes"],"picked":"Cold Snap","floor":1.0},{"not_picked":["Heatsinks","Force Field"],"picked":"Capacitor","floor":2.0},{"not_picked":["Beam Cell","Hologram"],"picked":"Skim","floor":5.0},{"not_picked":["Cold Snap","Beam Cell"],"picked":"Doom and Gloom","floor":7.0},{"not_picked":["Sweeping Beam","Storm"],"picked":"BootSequence","floor":8.0},{"not_picked":["Cold Snap","Ball Lightning","Melter"],"picked":"SKIP","floor":11.0},{"not_picked":["Leap","Rebound"],"picked":"Defragment","floor":12.0},{"not_picked":["Go for the Eyes","Coolheaded"],"picked":"Self Repair","floor":14},{"not_picked":["Machine Learning","Thunder Strike"],"picked":"Reboot","floor":16},{"not_picked":["Ball Lightning","Storm"],"picked":"Defragment","floor":18},{"not_picked":["FTL","Steam"],"picked":"Sunder","floor":20},{"not_picked":["Static Discharge","Stack","Leap"],"picked":"SKIP","floor":21},{"not_picked":["Rebound","Cold Snap"],"picked":"Reinforced Body","floor":22}],"player_experience":2254547,"relics_obtained":[{"floor":8.0,"key":"Pantograph"},{"floor":9.0,"key":"Symbiotic Virus"}],"event_choices":[{"damage_healed":0.0,"max_hp_gain":0.0,"max_hp_loss":0.0,"gold_gain":75.0,"event_name":"World of Goop","player_choice":"Gather Gold","floor":3.0,"gold_loss":0.0,"damage_taken":11.0},{"damage_healed":0.0,"max_hp_gain":0.0,"max_hp_loss":0.0,"gold_gain":0.0,"event_name":"Accursed Blacksmith","player_choice":"Rummage","floor":10.0,"gold_loss":0.0,"damage_taken":0.0,"relics_obtained":["WarpedTongs"],"cards_obtained":["Pain"]}],"is_beta":false,"boss_relics":[{"not_picked":["Empty Cage","Busted Crown"],"picked":"Snecko Eye"}],"items_purged_floors":[19],"is_endless":false,"potions_floor_spawned":[2,5,12,20,22],"killed_by":"Slavers","ascension_level":20,"potion_discard_per_floor":[[],[],[],[],[],[],[],[],[],[],[],[],[],[],[],[],[],[],[],[],[],["BlessingOfTheForge"],[],[]]}