{"neow_bonuses_skipped_log":["UPGRADE_CARD","TEN_PERCENT_HP_BONUS","TWENTY_PERCENT_HP_BONUS"],"potions_obtained_entropic_brew":[[],[],[],[],[],[],[],[],[],[],[],[],[],[],[],[],[],[],[],[],[],[],[],[],[]],"neow_costs_skipped_log":["NONE","NONE","PERCENT_DAMAGE"],"gold_per_floor":[117,117,141,157,14,14,45,120,189,210,210,243,263,279,279,375,375,388,388,663,686,522,522,76,76],"floor_reached":25,"playtime":720,"items_purged":["Regret","Bite+1"],"score":447,"play_id":"3ae20e4a-578b-4ca0-9a66-2e47fb30cadd","local_time":"20231119170158","score_breakdown":["Floors Climbed (25): 125","Enemies Slain (8): 16","Exordium Elites Killed (2): 20","City Elites Killed (0): 0","Bosses Slain (1): 50","Collector (1): 25","Ascension (20): 211"],"is_ascension_mode":true,"potions_obtained_alchemize":[[],[],[],[],[],[],[],[],[],[],[],[],[],[],[],[],[],[],[],[],[],[],[],[],[]],"campfire_choices":[{"data":"Doom and Gloom","floor":6,"key":"SMITH"},{"floor":11,"key":"REST"},{"data":"White Noise","floor":15,"key":"SMITH"},{"floor":23,"key":"REST"}],"lesson_learned_per_floor":[[],[],[],[],[],[],[],[],[],[],[],[],[],[],[],[],[],[],[],[],[],[],[],[],[]],"neow_cost":"NONE","improvable_cards":{},"seed_source_timestamp":5499320437906900,"shop_contents":[{"floor":5,"relics":["Bag of Preparation","Letter Opener","TheAbacus"],"cards":["Core Surge","Double Energy","Stack","Heatsinks","Panacea","Secret Weapon"],"potions":["SpeedPotion","LiquidBronze"]},{"floor":22,"relics":["Akabeko","Question Card","Sling"],"cards":["Streamline+1","Leap","Hello World","Jack Of All Trades","Apotheosis"],"potions":["PowerPotion","Swift Potion","FocusPotion"]},{"floor":24,"relics":["TungstenRod"],"cards":["Blizzard+1","Ball Lightning+1","Genetic Algorithm","Conserve Battery","Static Discharge","Swift Strike+1","The Bomb"],"potions":["Energy Potion","DistilledChaos","FocusPotion"]}],"circlet_count":0,"master_deck":["AscendersBane","Defend_B","Defend_B","Defend_B","Defend_B","Zap","Dualcast","Ball Lightning","Hologram","Ball Lightning","Doom and Gloom+1","Redo","Sweeping Beam+1","White Noise+1","Go for the Eyes+1","Barrage+1","Fission","Heatsinks+1","Bite+1","Bite+1","Bite+1","Bite+1","Sunder+1","Coolheaded","Doom and Gloom+1"],"potion_use_per_floor":[[],[],[],[],[],[],["GamblersBrew"],[],[],[],[],[],[],[],[],["DuplicationPotion"],[],["SkillPotion"],[],[],[],[],[],[],["Strength Potion"]],"relics":["Velvet Choker","Golden Idol","Orichalcum","Molten Egg 2","Blood Vial","Runic Pyramid","DataDisk","Medical Kit"],"potions_floor_usage":[7,16,18,25],"damage_taken":[{"damage":7,"enemies":"2 Louse","floor":1,"turns":3},{"damage":0,"enemies":"Small Slimes","floor":3,"turns":3},{"damage":0,"enemies":"Cultist","floor":4,"turns":3},{"damage":14,"enemies":"Gremlin Nob","floor":7,"turns":3},{"damage":14,"enemies":"Large Slime","floor":10,"turns":6},{"damage":20,"enemies":"Lagavulin","floor":12,"turns":5},{"damage":0,"enemies":"Lots of Slimes","floor":13,"turns":1},{"damage":1,"enemies":"Exordium Thugs","floor":14,"turns":4},{"damage":12,"enemies":"Hexaghost","floor":16,"turns":5},{"damage":8,"enemies":"Chosen","floor":18,"turns":4},{"damage":40,"enemies":"Shell Parasite","floor":21,"turns":6},{"damage":50,"enemies":"Book of Stabbing","floor":25,"turns":5}],"seed_played":"-6962892353397553909","neow_bonus_log":{"cardsObtained":[],"cardsUpgraded":[],"cardsRemoved":[],"cardsTransformed":[],"relicsObtained":["Velvet Choker"],"maxHpGained":0,"goldGained":0,"damageTaken":0,"goldLost":0,"maxHpLost":0},"potions_obtained":[{"floor":3,"key":"GamblersBrew"},{"floor":13,"key":"FearPotion"},{"floor":14,"key":"DuplicationPotion"},{"floor":16,"key":"SkillPotion"},{"floor":21,"key":"Strength Potion"}],"is_trial":false,"path_per_floor":["M","?","M","M","$","R","E","?","T","M","R","E","M","M","R","B",null,"M","?","?","M","$","R","$","E"],"character_chosen":"DEFECT","basemod:card_modifiers":[null,null,null,null,null,null,null,null,null,null,null,null,null,null,null,null,null,null,null,null,null,null,null,null,null],"items_purchased":["Doom and Gloom","Fire Potion","Coolheaded","Doom and Gloom+1","DataDisk","Medical Kit"],"campfire_rested":2,"item_purchase_floors":[5,5,22,22,24,24],"current_hp_per_floor":[57,57,57,57,57,57,43,32,32,18,37,17,19,20,20,10,51,45,44,44,22,22,35,35,0],"gold":76,"neow_bonus":"BOSS_RELIC","is_prod":false,"is_daily":false,"rewards_skipped":[],"chose_seed":false,"campfire_upgraded":2,"win_rate":0,"floor_exit_playtime":[36,39,60,83,94,99,129,132,134,196,199,250,268,317,321,390,408,481,486,490,589,624,627,650],"timestamp":1700431318,"path_taken":["M","?","M","M","$","R","E","?","T","M","R","E","M","M","R","BOSS","M","?","?","M","$","R","$","E"],"build_version":"2022-12-18","purchased_purges":2,"victory":false,"max_hp_per_floor":[71,64,64,64,64,64,64,64,64,64,64,64,64,64,64,64,64,64,44,44,44,44,44,44,44],"relic_stats":{"Blood Vial":10,"counters":[12,48],"Golden Idol":59,"Orichalcum":[54],"Medical Kit":[3],"obtain_stats":[{"Blood Vial":12,"DataDisk":24,"Golden Idol":2,"Velvet Choker":0,"Molten Egg 2":9,"Orichalcum":7,"Cracked Core":0,"Medical Kit":24,"Runic Pyramid":17},{"Blood Vial":6,"DataDisk":11,"Golden Idol":1,"Velvet Choker":0,"Molten Egg 2":4,"Orichalcum":4,"Cracked Core":0,"Medical Kit":11,"Runic Pyramid":9},{"Blood Vial":23,"DataDisk":43,"Golden Idol":3,"Velvet Choker":0,"Molten Egg 2":12,"Orichalcum":12,"Cracked Core":0,"Medical Kit":43,"Runic Pyramid":33}]},"card_choices":[{"not_picked":["Turbo","Conserve Battery"],"picked":"Ball Lightning","floor":1},{"not_picked":["Stack","Rebound"],"picked":"Hologram","floor":3},{"not_picked":["Streamline","Barrage"],"picked":"Ball Lightning","floor":4},{"not_picked":["Steam Power","Stack"],"picked":"Redo","floor":7},{"not_picked":["Amplify","Gash+1"],"picked":"Sweeping Beam+1","floor":10},{"not_picked":["Capacitor","Ball Lightning+1"],"picked":"White Noise","floor":12},{"not_picked":["Steam","Compile Driver+1"],"picked":"Go for the Eyes+1","floor":13},{"not_picked":["Gash+1","Steam Power"],"picked":"Barrage+1","floor":14},{"not_picked":["Thunder Strike+1","Buffer"],"picked":"Fission","floor":16},{"not_picked":["Sweeping Beam+1","Conserve Battery"],"picked":"Heatsinks+1","floor":18},{"not_picked":["Turbo","Storm"],"picked":"Sunder+1","floor":21}],"player_experience":2285574,"relics_obtained":[{"floor":7,"key":"Orichalcum"},{"floor":9,"key":"Molten Egg 2"},{"floor":12,"key":"Blood Vial"}],"event_choices":[{"damage_healed":0,"gold_gain":0,"player_choice":"Lose Max HP","damage_taken":0,"relics_obtained":["Golden Idol"],"max_hp_gain":0,"max_hp_loss":7,"event_name":"Golden Idol","floor":2,"gold_loss":0},{"damage_healed":0,"gold_gain":75,"player_choice":"Gather Gold","damage_taken":11,"max_hp_gain":0,"max_hp_loss":0,"event_name":"World of Goop","floor":8,"gold_loss":0},{"damage_healed":0,"gold_gain":0,"player_choice":"Became a vampire","damage_taken":0,"max_hp_gain":0,"max_hp_loss":20,"event_name":"Vampires","floor":19,"gold_loss":0,"cards_obtained":["Bite","Bite","Bite","Bite","Bite"]},{"damage_healed":0,"gold_gain":275,"player_choice":"Desecrate","damage_taken":0,"max_hp_gain":0,"max_hp_loss":0,"event_name":"Golden Shrine","floor":20,"gold_loss":0,"cards_obtained":["Regret"]}],"is_beta":false,"boss_relics":[{"not_picked":["Cursed Key","Philosopher\u0027s Stone"],"picked":"Runic Pyramid"}],"items_purged_floors":[22,24],"is_endless":false,"potions_floor_spawned":[3,13,14,16,21],"killed_by":"Book of Stabbing","ascension_level":20,"potion_discard_per_floor":[[],[],[],[],[],[],[],[],[],[],[],[],[],["Fire Potion"],[],[],[],[],[],[],[],[],[],[],[]]}