{"neow_bonuses_skipped_log":["RANDOM_COMMON_RELIC","ONE_RARE_RELIC","BOSS_RELIC"],"potions_obtained_entropic_brew":[[],[],[],[],[],[],[],[],[],[],[],[],[],[],[],[],[],[],[],[],[],[],[],[],[],[],[],[],[],[],[],[],[],[],[],[],[],[],[],[],[],[],[],[],[],[],[],[],[],[],[]],"neow_costs_skipped_log":["NONE","CURSE","NONE"],"gold_per_floor":[118,128,128,139,82,82,117,133,133,133,133,150,169,200,200,277,277,291,85,135,148,166,166,198,198,198,198,210,210,210,133,133,204,204,222,222,240,55,55,88,88,98,98,133,150,150,176,40,40,40,40],"floor_reached":51,"playtime":2834,"items_purged":["Strike_B","Strike_B+1","Hello World","Rebound"],"score":1526,"play_id":"f427ed50-2dfa-425c-bddc-bef2d1885519","local_time":"20231118054530","score_breakdown":["Floors Climbed (51): 255","Enemies Slain (14): 28","Exordium Elites Killed (2): 20","City Elites Killed (1): 20","Beyond Elites Killed (3): 90","Bosses Slain (3): 300","Overkill: 25","C-c-c-combo: 25","Ascension (20): 763"],"is_ascension_mode":true,"potions_obtained_alchemize":[[],[],[],[],[],[],[],[],[],[],[],[],[],[],[],[],[],[],[],[],[],[],[],[],[],[],[],[],[],[],[],[],[],[],[],[],[],[],[],[],[],[],[],[],[],[],[],[],[],[],[]],"campfire_choices":[{"data":"Zap","floor":6.0,"key":"SMITH"},{"floor":10.0,"key":"REST"},{"floor":15.0,"key":"REST"},{"floor":23.0,"key":"REST"},{"floor":25.0,"key":"REST"},{"data":"Hologram","floor":27,"key":"SMITH"},{"floor":32,"key":"REST"},{"data":"Defragment","floor":41,"key":"SMITH"},{"data":"Discovery","floor":46,"key":"SMITH"},{"floor":49,"key":"RECALL"}],"lesson_learned_per_floor":[[],[],[],[],[],[],[],[],[],[],[],[],[],[],[],[],[],[],[],[],[],[],[],[],[],[],[],[],[],[],[],[],[],[],[],[],[],[],[],[],[],[],[],[],[],[],[],[],[],[],[]],"neow_cost":"NONE","improvable_cards":{},"seed_source_timestamp":5370195153852100,"shop_contents":[{"floor":5,"relics":["MealTicket","StrikeDummy","OrangePellets"],"cards":["Barrage","Meteor Strike","Stack","Steam","Defragment","Swift Strike","HandOfGreed"],"potions":["Block Potion","Regen Potion"]},{"floor":19,"relics":["Strawberry","Vajra"],"cards":["Gash","Barrage","Multi-Cast","Turbo","Loop","Enlightenment","Secret Technique"],"potions":["Energy Potion","Explosive Potion","SkillPotion"]},{"floor":31,"relics":["Tiny Chest","Matryoshka","Cauldron"],"cards":["Blizzard","Go for the Eyes","BootSequence","Conserve Battery","Hello World","Deep Breath","Violence"],"potions":["Dexterity Potion","FairyPotion"]},{"floor":38,"relics":["CeramicFish","Bronze Scales"],"cards":["Hyperbeam","Rip and Tear","Rainbow","Recycle","Mind Blast","The Bomb"],"potions":["Fire Potion","AttackPotion","Ancient Potion"]},{"floor":48,"relics":["Happy Flower","War Paint","Frozen Eye"],"cards":["Barrage","Lockon","Genetic Algorithm","Discovery","Apotheosis"],"potions":["AttackPotion","Fire Potion","Fire Potion"]}],"circlet_count":0,"master_deck":["AscendersBane","Defend_B+1","Defend_B+1","Defend_B+1","Defend_B+1","Zap+1","Dualcast","All For One+1","Conserve Battery","Machine Learning","Core Surge+1","Hologram+1","Streamline","Ball Lightning","Electrodynamics","Tempest","Glacier","Creative AI","Sunder+1","Ghostly","Ghostly","Ghostly","Fission","Coolheaded","Capacitor","Defragment+1","Secret Technique","Discovery+1","Hologram","Doom and Gloom+1","Heatsinks","Skim"],"special_seed":0,"potion_use_per_floor":[[],[],[],[],[],[],["AttackPotion","Weak Potion"],[],[],[],[],[],[],["FocusPotion"],[],[],[],[],[],[],["Block Potion"],["Block Potion","Energy Potion"],[],[],[],[],[],[],[],[],[],[],[],[],["SkillPotion"],[],[],[],[],["ColorlessPotion"],[],[],[],["Explosive Potion"],[],[],[],[],[],[],[]],"relics":["Cracked Core","DataDisk","Kunai","CaptainsWheel","Snecko Eye","Membership Card","Pen Nib","Meat on the Bone","SlaversCollar","Runic Capacitor","Smiling Mask","Whetstone","White Beast Statue"],"potions_floor_usage":[35,40,44],"damage_taken":[{"damage":2.0,"enemies":"Jaw Worm","floor":1.0,"turns":3.0},{"damage":5.0,"enemies":"Small Slimes","floor":2.0,"turns":3.0},{"damage":1.0,"enemies":"Cultist","floor":4.0,"turns":3.0},{"damage":29.0,"enemies":"Gremlin Nob","floor":7.0,"turns":4.0},{"damage":4.0,"enemies":"Red Slaver","floor":8.0,"turns":3.0},{"damage":10.0,"enemies":"Looter","floor":12.0,"turns":3.0},{"damage":0.0,"enemies":"Blue Slaver","floor":13.0,"turns":3.0},{"damage":22.0,"enemies":"3 Sentries","floor":14.0,"turns":5.0},{"damage":2.0,"enemies":"The Guardian","floor":16.0,"turns":8.0},{"damage":0.0,"enemies":"Chosen","floor":18.0,"turns":4.0},{"damage":11.0,"enemies":"Shell Parasite","floor":21.0,"turns":5.0},{"damage":31.0,"enemies":"Shelled Parasite and Fungi","floor":22.0,"turns":5.0},{"damage":36.0,"enemies":"Gremlin Leader","floor":24.0,"turns":6.0},{"damage":20,"enemies":"Snake Plant","floor":28,"turns":4},{"damage":1,"enemies":"Champ","floor":33,"turns":16},{"damage":5,"enemies":"Orb Walker","floor":35,"turns":4},{"damage":0,"enemies":"3 Darklings","floor":37,"turns":3},{"damage":2,"enemies":"Giant Head","floor":40,"turns":9},{"damage":0,"enemies":"Jaw Worm Horde","floor":42,"turns":5},{"damage":13,"enemies":"Reptomancer","floor":44,"turns":5},{"damage":14,"enemies":"Spire Growth","floor":45,"turns":6},{"damage":1,"enemies":"Giant Head","floor":47,"turns":2},{"damage":8,"enemies":"Time Eater","floor":50,"turns":16},{"damage":22,"enemies":"Donu and Deca","floor":51,"turns":5}],"green_key_taken_log":14,"seed_played":"-1055208416876837924","neow_bonus_log":{"cardsObtained":["All For One"],"cardsUpgraded":[],"cardsRemoved":[],"cardsTransformed":[],"relicsObtained":[],"maxHpGained":0,"goldGained":0,"damageTaken":0,"goldLost":0,"maxHpLost":0},"potions_obtained":[{"floor":2.0,"key":"Weak Potion"},{"floor":7.0,"key":"FocusPotion"},{"floor":13.0,"key":"Energy Potion"},{"floor":18.0,"key":"Block Potion"},{"floor":21.0,"key":"Block Potion"},{"floor":24.0,"key":"ColorlessPotion"},{"floor":40,"key":"Explosive Potion"}],"is_trial":false,"path_per_floor":["M","M","?","M","$","R","E","M","T","R","?","M","M","E","R","B",null,"M","$","?","M","M","R","E","R","T","R","M","?","?","$","R","B",null,"M","?","M","$","?","E","R","M","T","E","M","R","E","$","R","B","B"],"character_chosen":"DEFECT","basemod:card_modifiers":[null,null,null,null,null,null,null,null,null,null,null,null,null,null,null,null,null,null,null,null,null,null,null,null,null,null,null,null,null,null,null,null],"items_purchased":["AttackPotion","Membership Card","SkillPotion","Defragment","Runic Capacitor","Heatsinks","Skim"],"campfire_rested":5,"item_purchase_floors":[5,19,31,38,38,48,48],"current_hp_per_floor":[62,57,57,56,56,56,27,23,23,44,44,34,34,12,33,31,61,61,61,61,50,19,40,4,25,25,25,17,17,17,17,27,26,33,28,28,28,28,23,21,21,21,21,20,18,18,29,29,29,21,0],"gold":40,"neow_bonus":"ONE_RANDOM_RARE_CARD","is_prod":false,"is_daily":false,"rewards_skipped":[],"chose_seed":false,"campfire_upgraded":4,"win_rate":0,"floor_exit_playtime":[49,86,94,121,143,152,208,239,243,249,255,300,337,424,426,532,544,596,625,628,716,796,806,935,938,941,1004,1074,1092,1097,1136,1140,1400,1421,1489,1492,1567,1597,1614,1828,1839,1943,1946,2106,2237,2254,2334,2365,2367,2724],"timestamp":1700304330,"blue_key_relic_skipped_log":{"floor":43,"relicID":"Gambling Chip"},"path_taken":["M","M","?","M","$","R","E","M","T","R","?","M","M","E","R","BOSS","M","$","?","M","?","R","E","R","T","R","M","?","?","$","R","BOSS","M","?","M","$","?","E","R","M","T","E","M","R","E","$","R","BOSS","BOSS"],"build_version":"2022-12-18","purchased_purges":4,"victory":false,"max_hp_per_floor":[71,71,71,71,71,71,71,71,71,71,71,71,71,71,71,71,71,71,71,71,71,71,71,71,71,71,71,71,71,35,35,35,35,35,35,35,35,35,35,35,35,35,35,35,35,35,35,35,35,35,35],"relic_stats":{"counters":[24,130],"Snecko Eye":[160,204,176,182,-243],"Pen Nib":[8],"Kunai":[22],"Membership Card":457,"Whetstone":["Core Surge","All For One"],"Smiling Mask":25,"obtain_stats":[{"Pen Nib":24,"Runic Capacitor":38,"Whetstone":44,"Smiling Mask":40,"White Beast Statue":47,"SlaversCollar":34,"DataDisk":7,"CaptainsWheel":14,"Snecko Eye":17,"Kunai":9,"Membership Card":19,"Cracked Core":0,"Meat on the Bone":26},{"Pen Nib":13,"Runic Capacitor":17,"Whetstone":20,"Smiling Mask":18,"White Beast Statue":22,"SlaversCollar":15,"DataDisk":4,"CaptainsWheel":8,"Snecko Eye":9,"Kunai":5,"Membership Card":10,"Cracked Core":0,"Meat on the Bone":13},{"Pen Nib":55,"Runic Capacitor":82,"Whetstone":101,"Smiling Mask":91,"White Beast Statue":109,"SlaversCollar":75,"DataDisk":13,"CaptainsWheel":27,"Snecko Eye":35,"Kunai":16,"Membership Card":39,"Cracked Core":0,"Meat on the Bone":55}],"White Beast Statue":[0.0,0.0,0.0,0.0,0.0,0.0,0.0,0.0,0.0,1.0,0.0,0.0],"Meat on the Bone":48},"card_choices":[{"not_picked":["Barrage","Rebound"],"picked":"Conserve Battery","floor":1.0},{"not_picked":["Go for the Eyes","Coolheaded"],"picked":"Rebound","floor":2.0},{"not_picked":["Go for the Eyes","Recycle"],"picked":"Core Surge","floor":4.0},{"not_picked":["Stack","Conserve Battery"],"picked":"Hologram","floor":7.0},{"not_picked":["Stack","Aggregate"],"picked":"Streamline","floor":8.0},{"not_picked":["Core Surge","Leap"],"picked":"Ball Lightning","floor":12.0},{"not_picked":["Redo","Ball Lightning","Leap"],"picked":"SKIP","floor":13.0},{"not_picked":["Beam Cell","Steam"],"picked":"Hello World","floor":14.0},{"not_picked":["Creative AI","Echo Form"],"picked":"Electrodynamics","floor":16.0},{"not_picked":["White Noise","Double Energy"],"picked":"Tempest","floor":18.0},{"not_picked":["Cold Snap","Conserve Battery","Ball Lightning"],"picked":"SKIP","floor":21.0},{"not_picked":["Tempest","Hello World"],"picked":"Glacier","floor":22.0},{"not_picked":["Conserve Battery","Compile Driver"],"picked":"Creative AI","floor":24.0},{"not_picked":["Sweeping Beam","Tempest"],"picked":"Sunder+1","floor":28},{"not_picked":["Core Surge","Electrodynamics"],"picked":"Fission","floor":33},{"not_picked":["Reprogram","Rebound"],"picked":"Coolheaded","floor":35},{"not_picked":["Melter","Heatsinks"],"picked":"Capacitor","floor":37},{"not_picked":["Blind","Deep Breath"],"picked":"Secret Technique","floor":39},{"not_picked":["Panacea","Violence"],"picked":"Discovery","floor":39},{"not_picked":["Compile Driver","Streamline+1"],"picked":"Hologram","floor":40},{"not_picked":["Rip and Tear+1","Beam Cell","Redo+1"],"picked":"SKIP","floor":42},{"not_picked":["Storm","Gash"],"picked":"Doom and Gloom+1","floor":44},{"not_picked":["Rebound+1","Turbo","Tempest"],"picked":"SKIP","floor":45},{"not_picked":["BootSequence+1","Turbo","Conserve Battery"],"picked":"SKIP","floor":47}],"player_experience":2268189,"relics_obtained":[{"floor":7.0,"key":"DataDisk"},{"floor":9.0,"key":"Kunai"},{"floor":14.0,"key":"CaptainsWheel"},{"floor":24.0,"key":"Pen Nib"},{"floor":26.0,"key":"Meat on the Bone"},{"floor":40,"key":"Smiling Mask"},{"floor":44,"key":"Whetstone"},{"floor":47,"key":"White Beast Statue"}],"event_choices":[{"damage_healed":0.0,"max_hp_gain":0.0,"max_hp_loss":0.0,"gold_gain":0.0,"cards_transformed":["Strike_B"],"event_name":"Living Wall","player_choice":"Change","floor":3.0,"gold_loss":0.0,"damage_taken":0.0,"cards_obtained":["Machine Learning"]},{"cards_removed":["Strike_B"],"damage_healed":0.0,"max_hp_gain":0.0,"max_hp_loss":0.0,"gold_gain":0.0,"event_name":"Bonfire Elementals","player_choice":"Offered Basic","floor":11.0,"gold_loss":0.0,"damage_taken":0.0},{"damage_healed":0.0,"max_hp_gain":0.0,"max_hp_loss":0.0,"gold_gain":50.0,"event_name":"Golden Shrine","player_choice":"Pray","floor":20.0,"gold_loss":0.0,"damage_taken":0.0},{"damage_healed":0,"gold_gain":0,"player_choice":"Simplicity","damage_taken":0,"max_hp_gain":0,"max_hp_loss":0,"event_name":"Back to Basics","floor":29,"gold_loss":0,"cards_upgraded":["Strike_B","Defend_B","Defend_B","Defend_B","Defend_B"]},{"damage_healed":0,"gold_gain":0,"player_choice":"Became a Ghost","damage_taken":0,"max_hp_gain":0,"max_hp_loss":36,"event_name":"Ghosts","floor":30,"gold_loss":0,"cards_obtained":["Ghostly","Ghostly","Ghostly"]},{"damage_healed":0,"gold_gain":0,"player_choice":"Ignored","damage_taken":0,"max_hp_gain":0,"max_hp_loss":0,"event_name":"Tomb of Lord Red Mask","floor":36,"gold_loss":0},{"damage_healed":0,"gold_gain":0,"player_choice":"Memory 2","damage_taken":5,"max_hp_gain":0,"max_hp_loss":0,"event_name":"SensoryStone","floor":39,"gold_loss":0}],"is_beta":false,"boss_relics":[{"not_picked":["Fusion Hammer","Astrolabe"],"picked":"Snecko Eye"},{"not_picked":["FrozenCore","SacredBark"],"picked":"SlaversCollar"}],"items_purged_floors":[19,31,38,48],"is_endless":false,"potions_floor_spawned":[2,7,13,18,21,24,40],"killed_by":"Donu and Deca","ascension_level":20,"potion_discard_per_floor":[[],[],[],[],[],[],[],[],[],[],[],[],[],[],[],[],[],[],[],[],[],[],[],[],[],[],[],[],[],[],[],[],[],[],[],[],[],[],[],[],[],[],[],[],[],[],[],[],[],[],[]]}