{"neow_bonuses_skipped_log":["THREE_CARDS","TEN_PERCENT_HP_BONUS","BOSS_RELIC"],"potions_obtained_entropic_brew":[[],[],[],[],[],[],[],[],[],[],[],[],[],[],[],[],[],[],[],[],[],[],[]],"neow_costs_skipped_log":["NONE","NONE","NONE"],"gold_per_floor":[360,375,386,93,105,105,124,39,39,39,94,123,140,166,166,237,237,247,264,264,164,177,177],"floor_reached":23,"playtime":902,"items_purged":["Strike_B","Bite"],"score":431,"play_id":"bd66407b-2d06-4e06-99da-c860ba432fe1","local_time":"20231118095552","score_breakdown":["Floors Climbed (23): 115","Enemies Slain (9): 18","Exordium Elites Killed (2): 20","City Elites Killed (0): 0","Bosses Slain (1): 50","Collector (1): 25","Ascension (20): 203"],"is_ascension_mode":true,"potions_obtained_alchemize":[[],[],[],[],[],[],[],[],[],[],[],[],[],[],[],[],[],[],[],[],[],[],[]],"campfire_choices":[{"data":"Beam Cell","floor":6,"key":"SMITH"},{"data":"Sunder","floor":10,"key":"SMITH"},{"data":"Redo","floor":15,"key":"SMITH"}],"lesson_learned_per_floor":[[],[],[],[],[],[],[],[],[],[],[],[],[],[],[],[],[],[],[],[],[],[],[]],"neow_cost":"TEN_PERCENT_HP_LOSS","improvable_cards":{},"seed_source_timestamp":5387173716007000,"shop_contents":[{"floor":4,"relics":["Gambling Chip","Gremlin Horn"],"cards":["Gash","Force Field","Coolheaded","Storm","Good Instincts","The Bomb"],"potions":["LiquidMemories","EssenceOfDarkness","SpeedPotion"]},{"floor":8,"relics":["Singing Bowl","TungstenRod","PrismaticShard"],"cards":["Compile Driver","Sweeping Beam","Coolheaded","Static Discharge","PanicButton","Secret Weapon"],"potions":["GamblersBrew","SpeedPotion","Dexterity Potion"]},{"floor":21,"relics":["Shuriken","Oddly Smooth Stone","Toolbox"],"cards":["Ball Lightning","Hyperbeam","Turbo","Steam","Hello World","Forethought","Chrysalis"],"potions":["Block Potion","SkillPotion","AttackPotion"]}],"circlet_count":0,"master_deck":["AscendersBane","Defend_B","Defend_B","Defend_B","Defend_B","Zap","Dualcast","Cold Snap","Beam Cell+1","Compile Driver","Cold Snap","Sunder+1","Darkness","Turbo","Machine Learning","Redo+1","Electrodynamics","BootSequence+1","Glacier","Bite","Bite","Bite","Bite"],"potion_use_per_floor":[[],[],[],[],[],[],[],[],[],[],["Swift Potion","Weak Potion"],[],[],[],[],["Weak Potion"],[],[],["BlessingOfTheForge"],[],[],["Regen Potion"],["Weak Potion"]],"relics":["Cracked Core","Runic Capacitor","Toy Ornithopter","Pen Nib","Matryoshka","Eternal Feather","Inserter"],"potions_floor_usage":[11,11,16,19,22,23],"damage_taken":[{"damage":1,"enemies":"Cultist","floor":1,"turns":3},{"damage":0,"enemies":"2 Louse","floor":2,"turns":2},{"damage":0,"enemies":"Small Slimes","floor":3,"turns":2},{"damage":6,"enemies":"Blue Slaver","floor":5,"turns":3},{"damage":8,"enemies":"2 Fungi Beasts","floor":7,"turns":3},{"damage":6,"enemies":"Gremlin Nob","floor":11,"turns":3},{"damage":16,"enemies":"3 Sentries","floor":12,"turns":8},{"damage":3,"enemies":"Gremlin Gang","floor":13,"turns":4},{"damage":6,"enemies":"Gremlin Nob","floor":14,"turns":3},{"damage":7,"enemies":"Slime Boss","floor":16,"turns":11},{"damage":11,"enemies":"Shell Parasite","floor":18,"turns":2},{"damage":16,"enemies":"Spheric Guardian","floor":19,"turns":4},{"damage":25,"enemies":"Centurion and Healer","floor":22,"turns":7},{"damage":45,"enemies":"Book of Stabbing","floor":23,"turns":5}],"seed_played":"1792814282485771579","neow_bonus_log":{"cardsObtained":[],"cardsUpgraded":[],"cardsRemoved":[],"cardsTransformed":[],"relicsObtained":[],"maxHpGained":0,"goldGained":250,"damageTaken":0,"goldLost":0,"maxHpLost":7},"potions_obtained":[{"floor":3,"key":"Swift Potion"},{"floor":7,"key":"Weak Potion"},{"floor":11,"key":"Weak Potion"},{"floor":13,"key":"BlessingOfTheForge"},{"floor":18,"key":"Regen Potion"},{"floor":19,"key":"Weak Potion"}],"is_trial":false,"path_per_floor":["M","M","M","$","M","R","M","$","T","R","?","E","M","E","R","B",null,"M","M","?","$","M","E"],"character_chosen":"DEFECT","basemod:card_modifiers":[null,null,null,null,null,null,null,null,null,null,null,null,null,null,null,null,null,null,null,null,null,null,null],"items_purchased":["Runic Capacitor","Cold Snap","Darkness"],"campfire_rested":0,"item_purchase_floors":[4,4,8],"current_hp_per_floor":[63,63,63,63,57,57,49,49,49,49,53,37,34,28,37,35,57,46,35,35,35,34,0],"gold":177,"neow_bonus":"TWO_FIFTY_GOLD","is_prod":false,"is_daily":false,"rewards_skipped":[{"floor":14,"relics":[],"potions":["Swift Potion"]}],"chose_seed":false,"campfire_upgraded":3,"win_rate":0,"floor_exit_playtime":[78,102,126,148,176,182,238,257,260,267,313,390,439,480,487,637,661,683,736,743,761,837],"timestamp":1700319352,"path_taken":["M","M","M","$","M","R","M","?","T","R","?","E","M","E","R","BOSS","M","M","?","$","M","E"],"build_version":"2022-12-18","purchased_purges":2,"victory":false,"max_hp_per_floor":[64,64,64,64,64,64,64,64,64,64,64,64,64,64,64,64,64,64,64,44,44,44,44],"relic_stats":{"Matryoshka":0,"Inserter":[9],"counters":[14,60],"Eternal Feather":9,"Pen Nib":[7],"obtain_stats":[{"Matryoshka":12,"Inserter":17,"Eternal Feather":14,"Pen Nib":11,"Runic Capacitor":4,"Cracked Core":0,"Toy Ornithopter":9},{"Matryoshka":7,"Inserter":10,"Eternal Feather":9,"Pen Nib":5,"Runic Capacitor":3,"Cracked Core":0,"Toy Ornithopter":5},{"Matryoshka":24,"Inserter":42,"Eternal Feather":31,"Pen Nib":13,"Runic Capacitor":7,"Cracked Core":0,"Toy Ornithopter":13}],"Toy Ornithopter":30},"card_choices":[{"not_picked":["Conserve Battery","Go for the Eyes"],"picked":"Cold Snap","floor":1},{"not_picked":["Redo","Rebound"],"picked":"Beam Cell","floor":2},{"not_picked":["Compile Driver","Lockon","Rebound"],"picked":"SKIP","floor":3},{"not_picked":["Lockon","Rebound"],"picked":"Compile Driver","floor":3},{"not_picked":["Rebound","Redo","Recycle"],"picked":"SKIP","floor":5},{"not_picked":["Skim","Reprogram"],"picked":"Sunder","floor":7},{"not_picked":["Compile Driver","Rebound"],"picked":"Turbo","floor":11},{"not_picked":["Storm","Coolheaded"],"picked":"Machine Learning","floor":12},{"not_picked":["Rebound","Go for the Eyes","Sunder"],"picked":"SKIP","floor":13},{"not_picked":["Tempest","Compile Driver"],"picked":"Redo","floor":14},{"not_picked":["Amplify","Core Surge"],"picked":"Electrodynamics","floor":16},{"not_picked":["Static Discharge","Beam Cell"],"picked":"BootSequence+1","floor":18},{"not_picked":["Stack","Recycle"],"picked":"Glacier","floor":19},{"not_picked":["Compile Driver","Beam Cell","Conserve Battery"],"picked":"SKIP","floor":22}],"player_experience":2277409,"relics_obtained":[{"floor":9,"key":"Toy Ornithopter"},{"floor":12,"key":"Matryoshka"},{"floor":14,"key":"Eternal Feather"}],"event_choices":[{"damage_healed":0,"gold_gain":0,"player_choice":"Searched \u00272\u0027 times","damage_taken":0,"relics_obtained":["Pen Nib"],"max_hp_gain":0,"max_hp_loss":0,"event_name":"Dead Adventurer","floor":11,"gold_loss":0},{"damage_healed":0,"gold_gain":0,"player_choice":"Became a vampire","damage_taken":0,"max_hp_gain":0,"max_hp_loss":20,"event_name":"Vampires","floor":20,"gold_loss":0,"cards_obtained":["Bite","Bite","Bite","Bite","Bite"]}],"is_beta":false,"boss_relics":[{"not_picked":["Philosopher\u0027s Stone","Busted Crown"],"picked":"Inserter"}],"items_purged_floors":[4,21],"is_endless":false,"potions_floor_spawned":[3,7,11,13,14,18,19],"killed_by":"Book of Stabbing","ascension_level":20,"potion_discard_per_floor":[[],[],[],[],[],[],[],[],[],[],[],[],[],[],[],[],[],[],[],[],[],[],[]]}