{"neow_bonuses_skipped_log":["UPGRADE_CARD","THREE_SMALL_POTIONS","BOSS_RELIC"],"neow_costs_skipped_log":["NONE","NONE","NONE"],"potions_obtained_entropic_brew":[[],[],[],[],[],[],[],[],[],[],[],[],[],[],[],[],[],[],[],[],[],[],[],[]],"gold_per_floor":[364,364,32,42,54,54,88,102,102,117,169,198,198,209,209,284,284,255,54,54,54,81,109,109],"floor_reached":24,"playtime":1318,"items_purged":["Strike_B","Strike_B"],"score":498,"play_id":"01ce0dc8-18b1-4b3d-88f4-2b0a660b4419","local_time":"20231120205605","score_breakdown":["Floors Climbed (24): 120","Enemies Slain (7): 14","Exordium Elites Killed (2): 20","City Elites Killed (1): 20","Bosses Slain (1): 50","Champion (1): 25","Ascension (20): 249"],"is_ascension_mode":true,"potions_obtained_alchemize":[[],[],[],[],[],[],[],[],[],[],[],[],[],[],[],[],[],[],[],[],[],[],[],[]],"campfire_choices":[{"data":"Ball Lightning","floor":6,"key":"SMITH"},{"floor":15,"key":"REST"}],"lesson_learned_per_floor":[[],[],[],[],[],[],[],[],[],[],[],[],[],[],[],[],[],[],[],[],[],[],[],[]],"neow_cost":"PERCENT_DAMAGE","improvable_cards":{"Genetic Algorithm":[19]},"seed_source_timestamp":5599168249534500,"shop_contents":[{"floor":3,"relics":["Sundial","Turnip"],"cards":["Compile Driver","Conserve Battery","Self Repair","Panacea","Mayhem"],"potions":["Weak Potion","EssenceOfSteel","SmokeBomb"]},{"floor":19,"relics":["Mummified Hand","Bronze Scales","HandDrill"],"cards":["Ball Lightning","Stack","Tempest","PanicButton","Secret Weapon"],"potions":["Strength Potion","Block Potion","Strength Potion"]}],"circlet_count":0,"master_deck":["AscendersBane","Strike_B","Defend_B","Defend_B","Defend_B","Defend_B","Zap","Dualcast","Rebound","Chill","Ball Lightning+1","Genetic Algorithm","White Noise","Biased Cognition","Redo","Cold Snap","Skim","Coolheaded","Multi-Cast","Heatsinks","Compile Driver","Ghostly","Ghostly","Ghostly","Undo","Aggregate"],"potion_use_per_floor":[[],[],[],[],[],[],[],[],[],[],[],["Energy Potion"],[],[],[],[],[],["Dexterity Potion"],[],[],[],[],[],[]],"relics":["Cracked Core","OrangePellets","Mercury Hourglass","Emotion Chip","Pocketwatch","Snecko Eye","Red Mask","Bag of Marbles"],"potions_floor_usage":[12,18],"damage_taken":[{"damage":0,"enemies":"2 Louse","floor":1,"turns":2},{"damage":0,"enemies":"Cultist","floor":4,"turns":3},{"damage":0,"enemies":"Small Slimes","floor":5,"turns":2},{"damage":29,"enemies":"Gremlin Nob","floor":7,"turns":4},{"damage":3,"enemies":"Exordium Thugs","floor":8,"turns":3},{"damage":2,"enemies":"Red Slaver","floor":10,"turns":2},{"damage":10,"enemies":"3 Sentries","floor":12,"turns":5},{"damage":0,"enemies":"Blue Slaver","floor":14,"turns":2},{"damage":3,"enemies":"The Guardian","floor":16,"turns":11},{"damage":14,"enemies":"2 Thieves","floor":18,"turns":4},{"damage":1,"enemies":"Masked Bandits","floor":22,"turns":4},{"damage":0,"enemies":"Slavers","floor":23,"turns":3},{"damage":36,"enemies":"Shell Parasite","floor":24,"turns":31}],"green_key_taken_log":23,"seed_played":"4844985352391564788","neow_bonus_log":{"cardsObtained":[],"cardsUpgraded":[],"cardsRemoved":[],"cardsTransformed":[],"relicsObtained":[],"maxHpGained":0,"goldGained":250,"damageTaken":18,"goldLost":0,"maxHpLost":0},"potions_obtained":[{"floor":4,"key":"Energy Potion"},{"floor":10,"key":"Dexterity Potion"},{"floor":12,"key":"SteroidPotion"},{"floor":18,"key":"Explosive Potion"}],"is_trial":false,"path_per_floor":["M","?","$","M","M","R","E","M","T","M","?","E","?","M","R","B",null,"M","$","?","?","?","E","M"],"character_chosen":"DEFECT","basemod:card_modifiers":[null,null,null,null,null,null,null,null,null,null,null,null,null,null,null,null,null,null,null,null,null,null,null,null,null,null],"items_purchased":["OrangePellets","Chill","Ball Lightning","Heatsinks","Compile Driver"],"campfire_rested":1,"item_purchase_floors":[3,3,3,19,19],"current_hp_per_floor":[46,46,46,46,46,46,17,14,14,12,12,2,2,2,23,20,58,44,44,35,35,34,34,0],"gold":109,"neow_bonus":"TWO_FIFTY_GOLD","is_prod":false,"is_daily":false,"rewards_skipped":[{"floor":14,"relics":[],"potions":["Block Potion"]},{"floor":22,"relics":[],"potions":["SkillPotion"]}],"chose_seed":false,"campfire_upgraded":1,"win_rate":0,"floor_exit_playtime":[42,63,82,108,130,137,178,226,228,254,257,324,327,376,378,540,556,653,678,682,697,752,815],"timestamp":1700531765,"path_taken":["M","?","$","?","M","R","E","M","T","M","?","E","?","?","R","BOSS","M","$","?","?","?","E","M"],"build_version":"2022-12-18","purchased_purges":2,"victory":false,"max_hp_per_floor":[71,71,71,71,71,71,71,71,71,71,71,71,71,71,71,71,71,71,71,35,35,35,35,35],"relic_stats":{"OrangePellets":[14],"Emotion Chip":[25,10,15,0,0],"counters":[13,76],"Snecko Eye":[14,11,23,17,-44],"obtain_stats":[{"OrangePellets":3,"Emotion Chip":9,"Snecko Eye":17,"Red Mask":22,"Bag of Marbles":23,"Cracked Core":0,"Mercury Hourglass":7,"Pocketwatch":12},{"OrangePellets":1,"Emotion Chip":5,"Snecko Eye":9,"Red Mask":11,"Bag of Marbles":12,"Cracked Core":0,"Mercury Hourglass":4,"Pocketwatch":7},{"OrangePellets":2,"Emotion Chip":14,"Snecko Eye":34,"Red Mask":42,"Bag of Marbles":45,"Cracked Core":0,"Mercury Hourglass":11,"Pocketwatch":21}],"Mercury Hourglass":[161],"Pocketwatch":[116]},"card_choices":[{"not_picked":["Gash","Barrage"],"picked":"Rebound","floor":1},{"not_picked":["Conserve Battery","Aggregate"],"picked":"Genetic Algorithm","floor":4},{"not_picked":["Conserve Battery","Stack"],"picked":"White Noise","floor":5},{"not_picked":["Chaos","Capacitor"],"picked":"Biased Cognition","floor":7},{"not_picked":["Streamline","Barrage"],"picked":"Redo","floor":8},{"not_picked":["Compile Driver","Beam Cell"],"picked":"Cold Snap","floor":10},{"not_picked":["Rebound","Steam"],"picked":"Skim","floor":12},{"not_picked":["Redo","Leap"],"picked":"Coolheaded","floor":14},{"not_picked":["Reboot","Fission"],"picked":"Multi-Cast","floor":16},{"not_picked":["Stack+1","Barrage","Redo+1"],"picked":"SKIP","floor":18},{"not_picked":["Tempest","Melter","Compile Driver","Darkness","Go for the Eyes","Gash","Force Field","Coolheaded","Beam Cell","Rebound","Reinforced Body","Consume","Steam","Ball Lightning","Chaos","Sweeping Beam","Hello World","Barrage","Turbo"],"picked":"Undo","floor":21},{"not_picked":["Redo","Conserve Battery","Sweeping Beam+1"],"picked":"SKIP","floor":22},{"not_picked":["Rebound","Hologram"],"picked":"Aggregate","floor":23}],"player_experience":2295030,"relics_obtained":[{"floor":7,"key":"Mercury Hourglass"},{"floor":9,"key":"Emotion Chip"},{"floor":12,"key":"Pocketwatch"},{"floor":22,"key":"Red Mask"},{"floor":23,"key":"Bag of Marbles"}],"event_choices":[{"cards_removed":["Strike_B"],"damage_healed":0,"gold_gain":0,"player_choice":"Purged","damage_taken":0,"max_hp_gain":0,"max_hp_loss":0,"event_name":"Purifier","floor":2,"gold_loss":0},{"damage_healed":0,"gold_gain":52,"player_choice":"Gained Gold","damage_taken":0,"max_hp_gain":0,"max_hp_loss":0,"event_name":"Golden Wing","floor":11,"gold_loss":0},{"damage_healed":0,"gold_gain":0,"player_choice":"Ignored","damage_taken":0,"max_hp_gain":0,"max_hp_loss":0,"event_name":"Liars Game","floor":13,"gold_loss":0},{"damage_healed":0,"gold_gain":0,"player_choice":"Became a Ghost","damage_taken":0,"max_hp_gain":0,"max_hp_loss":36,"event_name":"Ghosts","floor":20,"gold_loss":0,"cards_obtained":["Ghostly","Ghostly","Ghostly"]},{"damage_healed":0,"gold_gain":0,"player_choice":"Read","damage_taken":0,"max_hp_gain":0,"max_hp_loss":0,"event_name":"The Library","floor":21,"gold_loss":0,"cards_obtained":["Undo"]},{"damage_healed":0,"gold_gain":0,"player_choice":"Fought Bandits","damage_taken":0,"max_hp_gain":0,"max_hp_loss":0,"event_name":"Masked Bandits","floor":22,"gold_loss":0}],"is_beta":false,"boss_relics":[{"not_picked":["SlaversCollar","Tiny House"],"picked":"Snecko Eye"}],"items_purged_floors":[3,19],"is_endless":false,"potions_floor_spawned":[4,10,12,14,18,22],"killed_by":"Shell Parasite","ascension_level":20,"potion_discard_per_floor":[[],[],[],[],[],[],[],[],[],[],[],[],[],[],[],[],[],[],[],[],[],[],[],[]]}