{"neow_bonuses_skipped_log":["HUNDRED_GOLD","ONE_RARE_RELIC","BOSS_RELIC"],"neow_costs_skipped_log":["NONE","TEN_PERCENT_HP_LOSS","NONE"],"potions_obtained_entropic_brew":[[],[],[],[],[],[],[],[],[],[],[],[],[],[],[],[],[],[],[],[],[],[],[],[],[],[],[],[],[],[],[],[],[],[],[],[],[],[],[],[],[],[],[],[],[],[],[],[],[],[],[]],"gold_per_floor":[118,132,132,146,163,197,197,117,117,128,142,142,162,197,197,272,272,288,322,322,72,83,111,111,138,187,187,222,242,242,258,258,331,331,344,393,393,393,393,406,437,454,454,482,498,516,541,561,561,561,561],"floor_reached":51,"playtime":3076,"items_purged":["Zap"],"score":1868,"play_id":"893be8c8-3c3c-4a72-b87e-f95e62d2aaba","local_time":"20231120203333","falling_options_log":["Leap","Creative AI"],"score_breakdown":["Floors Climbed (51): 255","Enemies Slain (17): 34","Exordium Elites Killed (2): 20","City Elites Killed (3): 60","Beyond Elites Killed (3): 90","Bosses Slain (3): 300","Champion (4): 100","Perfect (1): 50","C-c-c-combo: 25","Ascension (20): 934"],"is_ascension_mode":true,"potions_obtained_alchemize":[[],[],[],[],[],[],[],[],[],[],[],[],[],[],[],[],[],[],[],[],[],[],[],[],[],[],[],[],[],[],[],[],[],[],[],[],[],[],[],[],[],[],[],[],[],[],[],[],[],[],[]],"campfire_choices":[{"floor":7,"key":"REST"},{"data":"Storm","floor":12,"key":"SMITH"},{"data":"Defragment","floor":15,"key":"SMITH"},{"data":"Heatsinks","floor":24,"key":"SMITH"},{"data":"Seek","floor":27,"key":"SMITH"},{"data":"Defragment","floor":32,"key":"SMITH"},{"floor":49,"key":"RECALL"}],"lesson_learned_per_floor":[[],[],[],[],[],[],[],[],[],[],[],[],[],[],[],[],[],[],[],[],[],[],[],[],[],[],[],[],[],[],[],[],[],[],[],[],[],[],[],[],[],[],[],[],[],[],[],[],[],[],[]],"neow_cost":"NONE","improvable_cards":{},"seed_source_timestamp":5596055516811500,"shop_contents":[{"floor":21,"relics":["Meat on the Bone","Happy Flower","Medical Kit"],"cards":["Rip and Tear","Ball Lightning","Trip","Thinking Ahead"],"potions":["FairyPotion","Strength Potion","FocusPotion"]}],"circlet_count":0,"master_deck":["AscendersBane","Defend_B+1","Defend_B+1","Defend_B+1","Dualcast","Defragment+1","Leap","Storm+1","Sweeping Beam","Ball Lightning","Heatsinks+1","Static Discharge","Rainbow","Machine Learning","Steam+1","Coolheaded","Skim","Loop","Turbo","Self Repair","Seek+1","Recycle","Creative AI","Defragment+1","Steam Power","Sunder","Coolheaded","Amplify","Coolheaded","Secret Technique","Skim","Glacier","White Noise+1"],"potion_use_per_floor":[[],[],[],[],[],["ColorlessPotion"],[],[],[],[],[],[],[],["SpeedPotion"],[],[],[],[],[],[],[],[],["LiquidMemories"],[],[],[],[],[],[],[],[],[],["SkillPotion"],[],[],["Weak Potion"],[],[],[],[],[],[],[],[],[],[],["EssenceOfSteel"],[],[],[],["BlessingOfTheForge","LiquidMemories"]],"relics":["Cracked Core","Mummified Hand","Eternal Feather","Cables","Gremlin Horn","Coffee Dripper","Red Mask","Pear","Potion Belt","Art of War","Boot","Empty Cage","StoneCalendar","Question Card","Darkstone Periapt","Lantern"],"potions_floor_usage":[6,14,23,33,36,47,51,51],"damage_taken":[{"damage":2,"enemies":"Jaw Worm","floor":1,"turns":3},{"damage":1,"enemies":"Cultist","floor":2,"turns":3},{"damage":5,"enemies":"2 Louse","floor":4,"turns":2},{"damage":11,"enemies":"Blue Slaver","floor":5,"turns":4},{"damage":26,"enemies":"3 Sentries","floor":6,"turns":6},{"damage":7,"enemies":"Large Slime","floor":10,"turns":3},{"damage":6,"enemies":"Looter","floor":11,"turns":2},{"damage":0,"enemies":"Exordium Thugs","floor":13,"turns":2},{"damage":6,"enemies":"Lagavulin","floor":14,"turns":6},{"damage":0,"enemies":"Slime Boss","floor":16,"turns":4},{"damage":22,"enemies":"Shell Parasite","floor":18,"turns":3},{"damage":12,"enemies":"Masked Bandits","floor":19,"turns":2},{"damage":0,"enemies":"Spheric Guardian","floor":22,"turns":3},{"damage":24,"enemies":"Slavers","floor":23,"turns":3},{"damage":0,"enemies":"Book of Stabbing","floor":25,"turns":4},{"damage":1,"enemies":"Gremlin Leader","floor":28,"turns":4},{"damage":0,"enemies":"Cultist and Chosen","floor":29,"turns":3},{"damage":12,"enemies":"Snake Plant","floor":31,"turns":3},{"damage":12,"enemies":"Automaton","floor":33,"turns":4},{"damage":3,"enemies":"Orb Walker","floor":35,"turns":2},{"damage":11,"enemies":"2 Orb Walkers","floor":36,"turns":2},{"damage":14,"enemies":"3 Darklings","floor":40,"turns":3},{"damage":0,"enemies":"Giant Head","floor":41,"turns":7},{"damage":4,"enemies":"4 Shapes","floor":42,"turns":2},{"damage":0,"enemies":"Reptomancer","floor":44,"turns":3},{"damage":0,"enemies":"Spire Growth","floor":45,"turns":3},{"damage":0,"enemies":"Maw","floor":46,"turns":5},{"damage":0,"enemies":"Nemesis","floor":47,"turns":7},{"damage":0,"enemies":"Writhing Mass","floor":48,"turns":3},{"damage":5,"enemies":"Time Eater","floor":50,"turns":7},{"damage":85,"enemies":"Awakened One","floor":51,"turns":12}],"green_key_taken_log":41,"seed_played":"2962624159281201352","neow_bonus_log":{"cardsObtained":["Defragment"],"cardsUpgraded":[],"cardsRemoved":[],"cardsTransformed":["Defend_B"],"relicsObtained":[],"maxHpGained":0,"goldGained":0,"damageTaken":0,"goldLost":0,"maxHpLost":0},"potions_obtained":[{"floor":1,"key":"ColorlessPotion"},{"floor":11,"key":"SpeedPotion"},{"floor":14,"key":"LiquidMemories"},{"floor":16,"key":"SpeedPotion"},{"floor":18,"key":"Ancient Potion"},{"floor":25,"key":"LiquidMemories"},{"floor":29,"key":"SkillPotion"},{"floor":31,"key":"BlessingOfTheForge"},{"floor":33,"key":"Weak Potion"},{"floor":40,"key":"EssenceOfSteel"},{"floor":48,"key":"FocusPotion"}],"is_trial":false,"path_per_floor":["M","M","?","M","M","E","R","?","T","M","M","R","M","E","R","B",null,"M","?","?","$","M","E","R","E","T","R","E","M","?","M","R","B",null,"M","?","?","?","?","M","E","M","T","E","M","M","E","M","R","B","B"],"character_chosen":"DEFECT","basemod:card_modifiers":[null,null,null,null,null,null,null,null,null,null,null,null,null,null,null,null,null,null,null,null,null,null,null,null,null,null,null,null,null,null,null,null,null],"items_purchased":["Skim","Loop","Turbo"],"campfire_rested":1,"item_purchase_floors":[21,21,21],"current_hp_per_floor":[62,61,61,56,45,19,40,40,40,33,27,36,36,30,39,39,63,41,29,29,29,29,22,37,44,44,59,65,72,72,67,81,76,80,81,77,77,67,67,60,74,77,77,81,81,81,81,81,81,81,0],"gold":561,"neow_bonus":"TRANSFORM_CARD","is_prod":false,"is_daily":false,"rewards_skipped":[{"floor":35,"relics":[],"potions":["SpeedPotion"]},{"floor":44,"relics":[],"potions":["BlessingOfTheForge"]}],"chose_seed":false,"campfire_upgraded":5,"win_rate":0,"floor_exit_playtime":[68,95,112,140,190,295,301,306,309,350,381,397,421,500,509,581,611,656,708,714,740,770,838,846,917,919,927,1016,1084,1093,1135,1150,1263,1283,1355,1426,1430,1448,1464,1538,1740,1824,1827,1951,2044,2148,2288,2375,2557,2737],"timestamp":1700530413,"blue_key_relic_skipped_log":{"floor":43,"relicID":"MawBank"},"path_taken":["M","M","?","M","?","E","R","?","T","M","?","R","M","E","R","BOSS","M","?","?","$","M","E","R","E","T","R","E","M","?","M","R","BOSS","M","?","?","?","?","M","E","M","T","E","?","M","E","M","R","BOSS","BOSS"],"build_version":"2022-12-18","purchased_purges":1,"victory":false,"max_hp_per_floor":[71,71,71,71,71,71,71,71,71,71,71,71,71,71,71,71,71,71,71,71,71,71,81,81,81,81,81,81,81,81,81,81,81,81,81,81,81,81,81,81,81,81,81,81,81,81,81,81,81,81,81],"relic_stats":{"Darkstone Periapt":0,"Gremlin Horn":[23,23],"counters":[31,119],"Mummified Hand":[260],"Eternal Feather":62,"StoneCalendar":[88],"Art of War":[21],"Boot":[21],"Question Card":6,"obtain_stats":[{"Potion Belt":25,"Darkstone Periapt":44,"Lantern":47,"Pear":23,"Gremlin Horn":14,"Eternal Feather":8,"StoneCalendar":36,"Boot":28,"Empty Cage":34,"Question Card":41,"Cables":9,"Mummified Hand":6,"Coffee Dripper":17,"Red Mask":19,"Art of War":26,"Cracked Core":0},{"Potion Belt":15,"Darkstone Periapt":25,"Lantern":28,"Pear":14,"Gremlin Horn":9,"Eternal Feather":5,"StoneCalendar":21,"Boot":16,"Empty Cage":19,"Question Card":23,"Cables":5,"Mummified Hand":5,"Coffee Dripper":10,"Red Mask":12,"Art of War":15,"Cracked Core":0},{"Potion Belt":49,"Darkstone Periapt":82,"Lantern":97,"Pear":45,"Gremlin Horn":31,"Eternal Feather":18,"StoneCalendar":67,"Boot":53,"Empty Cage":63,"Question Card":77,"Cables":18,"Mummified Hand":18,"Coffee Dripper":35,"Red Mask":40,"Art of War":49,"Cracked Core":0}],"Cables":[84,55,26,3,0]},"card_choices":[{"not_picked":["Chill","Leap"],"picked":"Beam Cell","floor":1},{"not_picked":["Coolheaded","Loop"],"picked":"Leap","floor":2},{"not_picked":["Streamline","Gash"],"picked":"Sweeping Beam","floor":4},{"not_picked":["Stack","Streamline"],"picked":"Ball Lightning","floor":5},{"not_picked":["Hyperbeam","Leap"],"picked":"Heatsinks","floor":6},{"not_picked":["Doom and Gloom","Sweeping Beam"],"picked":"Static Discharge","floor":10},{"not_picked":["Rebound","Turbo","Streamline"],"picked":"SKIP","floor":11},{"not_picked":["BootSequence","Leap","Go for the Eyes"],"picked":"SKIP","floor":13},{"not_picked":["Streamline","Melter"],"picked":"Rainbow","floor":14},{"not_picked":["Rainbow","Thunder Strike"],"picked":"Machine Learning","floor":16},{"not_picked":["Conserve Battery","Stack"],"picked":"Steam+1","floor":18},{"not_picked":["Capacitor","Redo"],"picked":"Coolheaded","floor":19},{"not_picked":["Sweeping Beam","Conserve Battery"],"picked":"Self Repair","floor":22},{"not_picked":["Biased Cognition","Loop"],"picked":"Seek","floor":23},{"not_picked":["Heatsinks","Conserve Battery"],"picked":"Recycle","floor":25},{"not_picked":["White Noise","Gash"],"picked":"Creative AI","floor":28},{"not_picked":["Leap","Turbo"],"picked":"Defragment","floor":29},{"not_picked":["Beam Cell","Sunder"],"picked":"Coolheaded","floor":31},{"not_picked":["Rainbow","Multi-Cast"],"picked":"Amplify","floor":33},{"not_picked":["Ball Lightning+1","Rip and Tear"],"picked":"Coolheaded","floor":35},{"not_picked":["Conserve Battery","Turbo","Cold Snap"],"picked":"SKIP","floor":36},{"not_picked":["Swift Strike","Jack Of All Trades"],"picked":"Secret Technique","floor":38},{"not_picked":["Blind","Flash of Steel","Sadistic Nature"],"picked":"SKIP","floor":38},{"not_picked":["Madness","Flash of Steel","Jack Of All Trades"],"picked":"SKIP","floor":38},{"not_picked":["Barrage","Compile Driver","Sweeping Beam"],"picked":"SKIP","floor":40},{"not_picked":["Redo","Rip and Tear+1","Leap+1"],"picked":"SKIP","floor":41},{"not_picked":["Redo+1","Leap","Darkness","Cold Snap"],"picked":"SKIP","floor":42},{"not_picked":["Steam+1","Tempest","Barrage","Core Surge"],"picked":"SKIP","floor":44},{"not_picked":["Doom and Gloom+1","Cold Snap+1","Go for the Eyes","Hologram"],"picked":"SKIP","floor":45},{"not_picked":["Compile Driver","Cold Snap","Ball Lightning","Go for the Eyes"],"picked":"SKIP","floor":46},{"not_picked":["Storm","Fusion+1","Lockon+1"],"picked":"Glacier","floor":47},{"not_picked":["Rebound","Hello World","Recycle"],"picked":"White Noise+1","floor":48}],"player_experience":2291954,"relics_obtained":[{"floor":6,"key":"Mummified Hand"},{"floor":9,"key":"Cables"},{"floor":14,"key":"Gremlin Horn"},{"floor":19,"key":"Red Mask"},{"floor":23,"key":"Pear"},{"floor":25,"key":"Potion Belt"},{"floor":26,"key":"Art of War"},{"floor":28,"key":"Boot"},{"floor":36,"key":"StoneCalendar"},{"floor":41,"key":"Question Card"},{"floor":44,"key":"Darkstone Periapt"},{"floor":47,"key":"Lantern"}],"event_choices":[{"damage_healed":0,"gold_gain":0,"player_choice":"1 cards matched","damage_taken":0,"max_hp_gain":0,"max_hp_loss":0,"event_name":"Match and Keep!","floor":3,"gold_loss":0,"cards_obtained":["Storm"]},{"damage_healed":0,"gold_gain":0,"player_choice":"Paid Gold","damage_taken":0,"relics_obtained":["Eternal Feather"],"max_hp_gain":0,"max_hp_loss":0,"event_name":"WeMeetAgain","floor":8,"gold_loss":80},{"damage_healed":0,"gold_gain":0,"player_choice":"Fought Bandits","damage_taken":0,"max_hp_gain":0,"max_hp_loss":0,"event_name":"Masked Bandits","floor":19,"gold_loss":0},{"damage_healed":0,"gold_gain":0,"player_choice":"Simplicity","damage_taken":0,"max_hp_gain":0,"max_hp_loss":0,"event_name":"Back to Basics","floor":20,"gold_loss":0,"cards_upgraded":["Strike_B","Strike_B","Strike_B","Strike_B","Defend_B","Defend_B","Defend_B"]},{"damage_healed":0,"gold_gain":0,"cards_transformed":["Strike_B","Strike_B"],"player_choice":"Became Test Subject","damage_taken":0,"max_hp_gain":0,"max_hp_loss":0,"event_name":"Drug Dealer","floor":30,"gold_loss":0,"cards_obtained":["Steam Power","Sunder"]},{"damage_healed":0,"gold_gain":0,"player_choice":"Fight","damage_taken":0,"max_hp_gain":0,"max_hp_loss":0,"event_name":"Mysterious Sphere","floor":36,"gold_loss":0},{"cards_removed":["Beam Cell"],"damage_healed":0,"gold_gain":0,"player_choice":"Removed Attack","damage_taken":0,"max_hp_gain":0,"max_hp_loss":0,"event_name":"Falling","floor":37,"gold_loss":0},{"damage_healed":0,"gold_gain":0,"player_choice":"Memory 3","damage_taken":10,"max_hp_gain":0,"max_hp_loss":0,"event_name":"SensoryStone","floor":38,"gold_loss":0},{"damage_healed":0,"gold_gain":0,"player_choice":"1 cards matched","damage_taken":0,"max_hp_gain":0,"max_hp_loss":0,"event_name":"Match and Keep!","floor":39,"gold_loss":0,"cards_obtained":["Skim"]}],"is_beta":false,"boss_relics":[{"not_picked":["FrozenCore","Snecko Eye"],"picked":"Coffee Dripper"},{"not_picked":["Black Star","Philosopher\u0027s Stone"],"picked":"Empty Cage"}],"items_purged_floors":[21],"is_endless":false,"potions_floor_spawned":[1,11,14,16,18,25,29,31,33,35,40,44,48],"killed_by":"Awakened One","ascension_level":20,"potion_discard_per_floor":[[],[],[],[],[],[],[],[],[],[],[],[],[],[],[],[],[],["SpeedPotion"],[],[],[],[],[],[],[],[],[],[],[],[],[],[],[],[],[],[],[],[],[],[],[],[],[],[],[],[],[],[],[],[],[]]}