{"neow_bonuses_skipped_log":["THREE_CARDS","TEN_PERCENT_HP_BONUS","REMOVE_TWO"],"neow_costs_skipped_log":["NONE","NONE","PERCENT_DAMAGE"],"potions_obtained_entropic_brew":[[],[],[],[],[],[],[],[],[],[],[],[],[],[],[],[],[],[],[],[],[],[],[]],"gold_per_floor":[418,435,455,224,242,275,289,289,313,327,357,375,30,49,49,127,127,146,196,215,215,234,234],"floor_reached":23,"playtime":1152,"items_purged":["Strike_B","Strike_B"],"score":414,"play_id":"3d3c32f4-6fcb-40a7-8e90-553b76b723f4","local_time":"20231115155754","score_breakdown":["Floors Climbed (23): 115","Enemies Slain (11): 22","Exordium Elites Killed (2): 20","City Elites Killed (0): 0","Bosses Slain (1): 50","Ascension (20): 207"],"is_ascension_mode":true,"potions_obtained_alchemize":[[],[],[],[],[],[],[],[],[],[],[],[],[],[],[],[],[],[],[],[],[],[],[]],"campfire_choices":[{"data":"Defragment","floor":8.0,"key":"SMITH"},{"floor":15,"key":"REST"}],"lesson_learned_per_floor":[[],[],[],[],[],[],[],[],[],[],[],[],[],[],[],[],[],[],[],[],[],[],[]],"neow_cost":"NONE","improvable_cards":{},"seed_source_timestamp":5149415862935400,"shop_contents":[{"floor":4,"relics":["Kunai","Ginger"],"cards":["Rebound","Coolheaded","White Noise","Heatsinks","Good Instincts","Sadistic Nature"],"potions":["Strength Potion","LiquidMemories","FairyPotion"]},{"floor":13,"relics":["Sling"],"cards":["Cold Snap","Melter","Stack","Heatsinks","Madness","Secret Weapon"],"potions":["Fire Potion","AttackPotion","CultistPotion"]}],"circlet_count":0,"master_deck":["AscendersBane","Defend_B","Defend_B","Defend_B","Defend_B","Zap","Dualcast","CurseOfTheBell","Sweeping Beam","Doom and Gloom","Cold Snap","Redo","Defragment+1","Capacitor","Compile Driver","Biased Cognition","Ball Lightning","Consume","Hologram","Fission","Turbo","Go for the Eyes","Redo","Amplify"],"special_seed":0,"potion_use_per_floor":[[],[],[],[],[],["Strength Potion"],[],[],[],[],["PowerPotion"],["Strength Potion"],[],[],[],[],[],[],[],[],[],[],["DuplicationPotion"]],"relics":["Calling Bell","Lantern","Cables","Old Coin","Membership Card","Oddly Smooth Stone","Ancient Tea Set","Anchor","Centennial Puzzle","Emotion Chip","Runic Dome"],"potions_floor_usage":[23],"damage_taken":[{"damage":1.0,"enemies":"Cultist","floor":1.0,"turns":4.0},{"damage":2.0,"enemies":"Small Slimes","floor":2.0,"turns":3.0},{"damage":2.0,"enemies":"Jaw Worm","floor":3.0,"turns":3.0},{"damage":6.0,"enemies":"3 Louse","floor":5.0,"turns":3.0},{"damage":7.0,"enemies":"Gremlin Nob","floor":6.0,"turns":3.0},{"damage":8.0,"enemies":"Blue Slaver","floor":7.0,"turns":4.0},{"damage":3.0,"enemies":"Red Slaver","floor":10.0,"turns":4.0},{"damage":25.0,"enemies":"3 Sentries","floor":11.0,"turns":10.0},{"damage":1.0,"enemies":"Exordium Wildlife","floor":12.0,"turns":5.0},{"damage":0,"enemies":"Blue Slaver","floor":14,"turns":3},{"damage":2,"enemies":"The Guardian","floor":16,"turns":9},{"damage":6,"enemies":"Shell Parasite","floor":18,"turns":3},{"damage":8,"enemies":"Spheric Guardian","floor":20,"turns":5},{"damage":23,"enemies":"Snake Plant","floor":22,"turns":4},{"damage":16,"enemies":"Book of Stabbing","floor":23,"turns":7}],"seed_played":"-804150154845529544","neow_bonus_log":{"cardsObtained":[],"cardsUpgraded":[],"cardsRemoved":[],"cardsTransformed":[],"relicsObtained":["Calling Bell"],"maxHpGained":0,"goldGained":0,"damageTaken":0,"goldLost":0,"maxHpLost":0},"potions_obtained":[{"floor":3.0,"key":"Strength Potion"},{"floor":5.0,"key":"Dexterity Potion"},{"floor":10.0,"key":"PowerPotion"},{"floor":11.0,"key":"Strength Potion"},{"floor":16,"key":"Fire Potion"},{"floor":18,"key":"DuplicationPotion"}],"is_trial":false,"path_per_floor":["M","M","M","$","M","E","M","R","T","M","E","M","$","M","R","B",null,"M","?","M","?","M","E"],"character_chosen":"DEFECT","basemod:card_modifiers":[null,null,null,null,null,null,null,null,null,null,null,null,null,null,null,null,null,null,null,null,null,null,null,null],"items_purchased":["Membership Card","Cold Snap","Consume","Centennial Puzzle","Emotion Chip"],"campfire_rested":1,"item_purchase_floors":[4,4,13,13,13],"current_hp_per_floor":[63,61,59,59,53,46,38,38,38,35,10,9,9,9,30,28,60,54,47,39,39,16,0],"gold":234,"neow_bonus":"BOSS_RELIC","is_prod":false,"is_daily":false,"rewards_skipped":[{"floor":22,"relics":[],"potions":["AttackPotion"]}],"chose_seed":false,"campfire_upgraded":1,"win_rate":0,"floor_exit_playtime":[55,82,123,155,197,236,280,297,300,342,559,630,650,676,679,789,826,874,879,943,948,1030],"timestamp":1700081874,"path_taken":["M","M","M","$","M","E","M","R","T","M","E","?","$","M","R","BOSS","M","?","?","?","M","E"],"build_version":"2022-12-18","purchased_purges":2,"victory":false,"max_hp_per_floor":[71,71,71,71,71,71,71,71,71,71,71,71,71,71,71,71,71,71,71,71,71,71,71],"relic_stats":{"Centennial Puzzle":[15],"Emotion Chip":[16,7,7,2,0],"counters":[15,70],"Membership Card":406,"Ancient Tea Set":[2],"obtain_stats":[{"Calling Bell":0,"Runic Dome":17,"Lantern":0,"Anchor":11,"Centennial Puzzle":13,"Emotion Chip":13,"Oddly Smooth Stone":6,"Membership Card":4,"Cracked Core":0,"Ancient Tea Set":9,"Cables":0,"Old Coin":0},{"Calling Bell":0,"Runic Dome":11,"Lantern":0,"Anchor":8,"Centennial Puzzle":9,"Emotion Chip":9,"Oddly Smooth Stone":5,"Membership Card":3,"Cracked Core":0,"Ancient Tea Set":6,"Cables":0,"Old Coin":0},{"Calling Bell":0,"Runic Dome":51,"Lantern":0,"Anchor":34,"Centennial Puzzle":39,"Emotion Chip":39,"Oddly Smooth Stone":16,"Membership Card":10,"Cracked Core":0,"Ancient Tea Set":20,"Cables":0,"Old Coin":0}],"Cables":[55,22,26,7,0]},"card_choices":[{"not_picked":["Beam Cell","Force Field"],"picked":"Sweeping Beam","floor":1.0},{"not_picked":["Core Surge","Hologram"],"picked":"Doom and Gloom","floor":2.0},{"not_picked":["Turbo","Heatsinks","Consume"],"picked":"SKIP","floor":3.0},{"not_picked":["Turbo","Heatsinks","Consume"],"picked":"SKIP","floor":3.0},{"not_picked":["Rebound","Turbo"],"picked":"Redo","floor":5.0},{"not_picked":["Scrape","Gash"],"picked":"Defragment","floor":6.0},{"not_picked":["Fusion","Hologram"],"picked":"Capacitor","floor":7.0},{"not_picked":["Turbo","Reinforced Body"],"picked":"Compile Driver","floor":10.0},{"not_picked":["Steam","Capacitor"],"picked":"Biased Cognition","floor":11.0},{"not_picked":["Stack","Steam Power"],"picked":"Ball Lightning","floor":12.0},{"not_picked":["Sunder","Static Discharge"],"picked":"Hologram","floor":14},{"not_picked":["Machine Learning","All For One"],"picked":"Fission","floor":16},{"not_picked":["Hologram+1","Go for the Eyes"],"picked":"Turbo","floor":18},{"not_picked":["Go for the Eyes","Streamline","Storm"],"picked":"SKIP","floor":20},{"not_picked":["Go for the Eyes","Double Energy"],"picked":"Amplify","floor":22}],"player_experience":2253395,"relics_obtained":[{"floor":0.0,"key":"Lantern"},{"floor":0.0,"key":"Cables"},{"floor":0.0,"key":"Old Coin"},{"floor":6.0,"key":"Oddly Smooth Stone"},{"floor":9.0,"key":"Ancient Tea Set"},{"floor":11.0,"key":"Anchor"}],"event_choices":[{"damage_healed":0,"gold_gain":50,"player_choice":"Touch","damage_taken":7,"max_hp_gain":0,"max_hp_loss":0,"event_name":"FaceTrader","floor":19,"gold_loss":0},{"damage_healed":0,"gold_gain":0,"cards_transformed":["Strike_B","Strike_B"],"player_choice":"Became Test Subject","damage_taken":0,"max_hp_gain":0,"max_hp_loss":0,"event_name":"Drug Dealer","floor":21,"gold_loss":0,"cards_obtained":["Go for the Eyes","Redo"]}],"is_beta":false,"boss_relics":[{"not_picked":["Empty Cage","Astrolabe"],"picked":"Runic Dome"}],"items_purged_floors":[4,13],"is_endless":false,"potions_floor_spawned":[3,5,10,11,16,18,22],"killed_by":"Book of Stabbing","ascension_level":20,"potion_discard_per_floor":[[],[],[],[],[],[],[],[],[],[],[],[],[],[],[],[],[],["Dexterity Potion"],[],[],[],[],[]]}