{"neow_bonuses_skipped_log":["REMOVE_CARD","THREE_ENEMY_KILL","BOSS_RELIC"],"neow_costs_skipped_log":["NONE","NONE","NONE"],"potions_obtained_entropic_brew":[[],[],[],[],[],[],[],[],[],[],[],[],[],[],[],[]],"gold_per_floor":[116,133,98,98,98,128,128,128,128,158,177,197,214,214,214,214],"floor_reached":16,"playtime":364,"items_purged":[],"score":220,"play_id":"2f4261ff-24ed-49fe-8de4-55c27b2e4503","local_time":"20231120210230","score_breakdown":["Floors Climbed (16): 80","Enemies Slain (5): 10","Exordium Elites Killed (2): 20","Bosses Slain (0): 0","Ascension (20): 110"],"is_ascension_mode":true,"potions_obtained_alchemize":[[],[],[],[],[],[],[],[],[],[],[],[],[],[],[],[]],"campfire_choices":[{"data":"Zap","floor":7,"key":"SMITH"},{"data":"Defragment","floor":15,"key":"SMITH"}],"lesson_learned_per_floor":[[],[],[],[],[],[],[],[],[],[],[],[],[],[],[],[]],"neow_cost":"PERCENT_DAMAGE","improvable_cards":{"Genetic Algorithm":[11]},"seed_source_timestamp":5600495089151400,"shop_contents":[],"circlet_count":0,"master_deck":["AscendersBane","Strike_B","Strike_B","Strike_B","Defend_B","Defend_B","Defend_B","Zap+1","Dualcast","Genetic Algorithm","Electrodynamics+1","Ball Lightning","Ball Lightning","Self Repair","Barrage","Defragment+1","Coolheaded"],"special_seed":0,"potion_use_per_floor":[[],[],[],[],[],["SteroidPotion"],[],[],[],[],[],[],[],[],[],["SkillPotion"]],"relics":["Cracked Core","Juzu Bracelet","NlothsMask","Smiling Mask","Pen Nib"],"potions_floor_usage":[6,16],"damage_taken":[{"damage":4.0,"enemies":"Small Slimes","floor":1.0,"turns":3.0},{"damage":10.0,"enemies":"2 Louse","floor":2.0,"turns":3.0},{"damage":22,"enemies":"Lagavulin","floor":6,"turns":5},{"damage":15,"enemies":"3 Sentries","floor":10,"turns":4},{"damage":0,"enemies":"Cultist","floor":11,"turns":2},{"damage":15,"enemies":"Gremlin Gang","floor":12,"turns":2},{"damage":0,"enemies":"2 Fungi Beasts","floor":13,"turns":2},{"damage":17,"enemies":"Hexaghost","floor":16,"turns":7}],"seed_played":"-4144659672556230821","neow_bonus_log":{"cardsObtained":["Genetic Algorithm","Electrodynamics"],"cardsUpgraded":[],"cardsRemoved":[],"cardsTransformed":["Defend_B","Strike_B"],"relicsObtained":[],"maxHpGained":0,"goldGained":0,"damageTaken":18,"goldLost":0,"maxHpLost":0},"potions_obtained":[{"floor":1.0,"key":"SteroidPotion"},{"floor":2,"key":"Ancient Potion"},{"floor":13,"key":"SkillPotion"}],"is_trial":false,"path_per_floor":["M","M","?","?","?","E","R","?","T","E","M","M","M","?","R","B"],"character_chosen":"DEFECT","basemod:card_modifiers":[null,null,null,null,null,null,null,null,null,null,null,null,null,null,null,null,null],"items_purchased":[],"campfire_rested":0,"item_purchase_floors":[],"current_hp_per_floor":[42,32,49,49,54,32,32,32,32,17,24,16,16,16,16,0],"gold":214,"neow_bonus":"TRANSFORM_TWO_CARDS","is_prod":false,"is_daily":false,"rewards_skipped":[],"chose_seed":false,"campfire_upgraded":2,"win_rate":0,"floor_exit_playtime":[66,94,102,112,116,160,167,171,174,213,235,257,292,296,302],"timestamp":1700532150,"path_taken":["M","M","?","?","?","E","R","?","T","E","M","M","M","?","R","BOSS"],"build_version":"2022-12-18","purchased_purges":0,"victory":false,"max_hp_per_floor":[71,71,71,71,76,76,76,76,76,76,76,76,76,76,76,76],"relic_stats":{"counters":[8,28],"Pen Nib":[1],"Juzu Bracelet":1,"Smiling Mask":0,"obtain_stats":[{"Pen Nib":14,"Juzu Bracelet":6,"Cracked Core":0,"Smiling Mask":10,"NlothsMask":8},{"Pen Nib":7,"Juzu Bracelet":3,"Cracked Core":0,"Smiling Mask":4,"NlothsMask":3},{"Pen Nib":21,"Juzu Bracelet":11,"Cracked Core":0,"Smiling Mask":15,"NlothsMask":11}]},"card_choices":[{"not_picked":["Darkness","Coolheaded","Beam Cell"],"picked":"SKIP","floor":1.0},{"not_picked":["Conserve Battery","Static Discharge"],"picked":"Ball Lightning","floor":2},{"not_picked":["Reboot","Chill"],"picked":"Ball Lightning","floor":6},{"not_picked":["Coolheaded","Chill"],"picked":"Self Repair","floor":10},{"not_picked":["Chaos","FTL"],"picked":"Barrage","floor":11},{"not_picked":["Gash","Ball Lightning"],"picked":"Defragment","floor":12},{"not_picked":["Stack","FTL"],"picked":"Coolheaded","floor":13}],"player_experience":2296348,"relics_obtained":[{"floor":6,"key":"Juzu Bracelet"},{"floor":10,"key":"Smiling Mask"}],"event_choices":[{"damage_healed":17,"gold_gain":0,"player_choice":"Healed","damage_taken":0,"max_hp_gain":0,"max_hp_loss":0,"event_name":"The Cleric","floor":3,"gold_loss":35},{"damage_healed":0,"gold_gain":0,"player_choice":"Grow","damage_taken":0,"max_hp_gain":0,"max_hp_loss":0,"event_name":"Living Wall","floor":4,"gold_loss":0,"cards_upgraded":["Electrodynamics"]},{"damage_healed":0,"gold_gain":0,"player_choice":"Donut","damage_taken":0,"max_hp_gain":5,"max_hp_loss":0,"event_name":"Big Fish","floor":5,"gold_loss":0},{"damage_healed":0,"gold_gain":0,"player_choice":"Trade","damage_taken":0,"relics_obtained":["NlothsMask"],"max_hp_gain":0,"max_hp_loss":0,"event_name":"FaceTrader","floor":8,"gold_loss":0},{"damage_healed":0,"gold_gain":0,"player_choice":"Gave Potion","damage_taken":0,"relics_obtained":["Pen Nib"],"max_hp_gain":0,"max_hp_loss":0,"event_name":"WeMeetAgain","floor":14,"gold_loss":0}],"is_beta":false,"boss_relics":[],"items_purged_floors":[],"is_endless":false,"potions_floor_spawned":[1,2,13],"killed_by":"Hexaghost","ascension_level":20,"potion_discard_per_floor":[[],[],[],[],[],[],[],[],[],[],[],[],[],[],[],[]]}