{"neow_bonuses_skipped_log":["UPGRADE_CARD","ONE_RARE_RELIC","BOSS_RELIC"],"potions_obtained_entropic_brew":[[],[],[],[],[],[],[],[],[],[],[],[],[],[],[],["SteroidPotion","SteroidPotion"],[],[],[],[],[],[],[],[],[],[],[],[],[],[],[],[],[]],"neow_costs_skipped_log":["NONE","PERCENT_DAMAGE","NONE"],"gold_per_floor":[218,236,71,82,100,100,126,136,136,147,160,193,204,164,164,236,236,246,261,261,71,71,71,71,87,87,116,35,54,54,80,80,80],"floor_reached":33,"playtime":1847,"items_purged":["Strike_B","Strike_B"],"score":598,"play_id":"5cf455a5-c165-417e-87a3-4856ac160ed7","local_time":"20231117173914","score_breakdown":["Floors Climbed (33): 165","Enemies Slain (12): 24","Exordium Elites Killed (2): 20","City Elites Killed (2): 40","Bosses Slain (1): 50","Ascension (20): 299"],"is_ascension_mode":true,"potions_obtained_alchemize":[[],[],[],[],[],[],[],[],[],[],[],[],[],[],[],[],[],[],[],[],[],[],[],[],[],[],[],[],[],[],[],[],[]],"campfire_choices":[{"data":"Doom and Gloom","floor":6.0,"key":"SMITH"},{"data":"Hologram","floor":15.0,"key":"SMITH"},{"data":"Ghostly","floor":23.0,"key":"SMITH"},{"data":"Ghostly","floor":30,"key":"SMITH"},{"data":"Fission","floor":32,"key":"SMITH"}],"lesson_learned_per_floor":[[],[],[],[],[],[],[],[],[],[],[],[],[],[],[],[],[],[],[],[],[],[],[],[],[],[],[],[],[],[],[],[],[]],"neow_cost":"NONE","improvable_cards":{},"seed_source_timestamp":5327623367898400,"shop_contents":[{"floor":3,"relics":["Emotion Chip","Bottled Flame","Frozen Eye"],"cards":["Gash","Barrage","Leap","Static Discharge","Purity","Mayhem"],"potions":["LiquidMemories","FearPotion","PowerPotion"]},{"floor":21,"relics":["Pantograph","Peace Pipe","Strange Spoon"],"cards":["Thunder Strike","Blizzard","Coolheaded","Steam","Discovery","Magnetism"],"potions":["Energy Potion","Explosive Potion","GamblersBrew"]},{"floor":28,"relics":["Bird Faced Urn","Bag of Preparation","OrangePellets"],"cards":["Sweeping Beam","Rebound","Stack","Heatsinks","Dark Shackles","Panache"],"potions":["ColorlessPotion","Ancient Potion","Explosive Potion"]}],"circlet_count":0,"master_deck":["AscendersBane","Strike_B","Strike_B","Defend_B","Defend_B","Defend_B","Defend_B","Zap","Dualcast","Doom and Gloom+1","Ball Lightning","Reinforced Body","Self Repair","Rip and Tear","Hologram+1","Cold Snap","Cold Snap","Chill","Fission+1","Chaos+1","Ghostly","Ghostly+1","Ghostly+1","Echo Form","Parasite","Aggregate","White Noise","Loop","Glacier"],"special_seed":0,"potion_use_per_floor":[[],[],[],[],["Regen Potion"],[],["FearPotion"],[],[],[],[],[],[],[],[],["EntropicBrew","SteroidPotion"],[],["LiquidBronze"],[],[],[],[],[],[],[],[],[],[],[],[],[],[],["SpeedPotion"]],"relics":["Cracked Core","Ancient Tea Set","Letter Opener","Oddly Smooth Stone","Cursed Key","WingedGreaves","Lizard Tail"],"potions_floor_usage":[33],"damage_taken":[{"damage":1.0,"enemies":"Cultist","floor":1.0,"turns":4.0},{"damage":2.0,"enemies":"Jaw Worm","floor":2.0,"turns":4.0},{"damage":4.0,"enemies":"Small Slimes","floor":4.0,"turns":3.0},{"damage":6.0,"enemies":"Blue Slaver","floor":5.0,"turns":5.0},{"damage":15.0,"enemies":"Lagavulin","floor":7.0,"turns":5.0},{"damage":0.0,"enemies":"Lots of Slimes","floor":8.0,"turns":1.0},{"damage":6.0,"enemies":"Looter","floor":10.0,"turns":3.0},{"damage":0.0,"enemies":"3 Louse","floor":11.0,"turns":2.0},{"damage":30.0,"enemies":"Gremlin Nob","floor":12.0,"turns":4.0},{"damage":14.0,"enemies":"Red Slaver","floor":13.0,"turns":4.0},{"damage":3.0,"enemies":"Looter","floor":14.0,"turns":4.0},{"damage":15.0,"enemies":"The Guardian","floor":16.0,"turns":12.0},{"damage":0.0,"enemies":"3 Byrds","floor":18.0,"turns":2.0},{"damage":8.0,"enemies":"2 Thieves","floor":19.0,"turns":4.0},{"damage":0.0,"enemies":"Shelled Parasite and Fungi","floor":25.0,"turns":6.0},{"damage":10,"enemies":"Book of Stabbing","floor":27,"turns":6},{"damage":6,"enemies":"Snecko","floor":29,"turns":6},{"damage":4,"enemies":"Slavers","floor":31,"turns":5},{"damage":88,"enemies":"Automaton","floor":33,"turns":14}],"seed_played":"-9047482157135258516","neow_bonus_log":{"cardsObtained":[],"cardsUpgraded":[],"cardsRemoved":[],"cardsTransformed":[],"relicsObtained":[],"maxHpGained":0,"goldGained":100,"damageTaken":0,"goldLost":0,"maxHpLost":0},"potions_obtained":[{"floor":1.0,"key":"FearPotion"},{"floor":2.0,"key":"Regen Potion"},{"floor":12.0,"key":"EntropicBrew"},{"floor":16.0,"key":"LiquidBronze"},{"floor":18.0,"key":"SpeedPotion"}],"is_trial":false,"path_per_floor":["M","M","$","M","M","R","E","M","T","M","M","E","M","M","R","B",null,"M","M","?","$","?","R","T","M","T","E","$","M","R","E","R","B"],"character_chosen":"DEFECT","basemod:card_modifiers":[null,null,null,null,null,null,null,null,null,null,null,null,null,null,null,null,null,null,null,null,null,null,null,null,null,null,null,null,null],"items_purchased":["Reinforced Body","Echo Form","White Noise"],"campfire_rested":0,"item_purchase_floors":[3,21,28],"current_hp_per_floor":[63,61,61,57,65,65,57,57,57,58,65,42,35,39,39,31,61,61,53,35,35,35,35,35,35,35,32,32,33,33,35,35,0],"gold":80,"neow_bonus":"HUNDRED_GOLD","is_prod":false,"is_daily":false,"rewards_skipped":[{"floor":25,"relics":[],"potions":["Strength Potion"]},{"floor":29,"relics":[],"potions":["LiquidBronze"]}],"chose_seed":false,"campfire_upgraded":5,"win_rate":0,"floor_exit_playtime":[81,117,133,159,200,208,255,272,280,315,341,387,443,505,511,653,910,946,1005,1011,1036,1039,1046,1056,1264,1267,1371,1388,1503,1508,1590,1614],"timestamp":1700260754,"blue_key_relic_skipped_log":{"floor":24,"relicID":"Mercury Hourglass"},"path_taken":["M","M","$","M","M","R","E","M","T","M","?","E","M","M","R","BOSS","M","M","?","$","?","R","?","M","T","E","$","?","R","E","R","BOSS"],"build_version":"2022-12-18","purchased_purges":2,"victory":false,"max_hp_per_floor":[71,71,71,71,71,71,71,71,71,71,71,71,71,71,71,71,71,71,71,35,35,35,35,35,35,35,35,35,35,35,35,35,35],"relic_stats":{"Lizard Tail":17,"counters":[19,94],"WingedGreaves":0,"Letter Opener":[77],"Ancient Tea Set":[8],"Cursed Key":1,"obtain_stats":[{"Lizard Tail":31,"Oddly Smooth Stone":12,"WingedGreaves":27,"Letter Opener":9,"Cracked Core":0,"Ancient Tea Set":7,"Cursed Key":17},{"Lizard Tail":18,"Oddly Smooth Stone":9,"WingedGreaves":16,"Letter Opener":6,"Cracked Core":0,"Ancient Tea Set":5,"Cursed Key":12},{"Lizard Tail":80,"Oddly Smooth Stone":31,"WingedGreaves":69,"Letter Opener":22,"Cracked Core":0,"Ancient Tea Set":21,"Cursed Key":51}]},"card_choices":[{"not_picked":["Conserve Battery","Sweeping Beam"],"picked":"Doom and Gloom","floor":1.0},{"not_picked":["Coolheaded","Sweeping Beam"],"picked":"Ball Lightning","floor":2.0},{"not_picked":["Auto Shields","Reprogram","Leap"],"picked":"SKIP","floor":4.0},{"not_picked":["Stack","Sweeping Beam"],"picked":"Self Repair","floor":5.0},{"not_picked":["Redo","Leap"],"picked":"Rip and Tear","floor":7.0},{"not_picked":["Consume","Leap","Storm"],"picked":"SKIP","floor":8.0},{"not_picked":["Double Energy","Hello World"],"picked":"Hologram","floor":10.0},{"not_picked":["Go for the Eyes","Steam Power"],"picked":"Cold Snap","floor":11.0},{"not_picked":["All For One","Hologram"],"picked":"Cold Snap","floor":12.0},{"not_picked":["BootSequence","Compile Driver"],"picked":"Chill","floor":13.0},{"not_picked":["Streamline","Force Field","Go for the Eyes"],"picked":"SKIP","floor":14.0},{"not_picked":["Streamline","Force Field","Go for the Eyes"],"picked":"SKIP","floor":14.0},{"not_picked":["Multi-Cast","Buffer"],"picked":"Fission","floor":16.0},{"not_picked":["Tempest","Beam Cell","Cold Snap+1"],"picked":"SKIP","floor":18.0},{"not_picked":["Gash+1","Hologram"],"picked":"Chaos+1","floor":19.0},{"not_picked":["Gash","Hologram","Streamline"],"picked":"SKIP","floor":25.0},{"not_picked":["Tempest+1","Hologram"],"picked":"Aggregate","floor":27},{"not_picked":["Blizzard","Go for the Eyes+1"],"picked":"Loop","floor":29},{"not_picked":["Core Surge","Steam"],"picked":"Glacier","floor":31}],"player_experience":2259520,"relics_obtained":[{"floor":7.0,"key":"Ancient Tea Set"},{"floor":9.0,"key":"Letter Opener"},{"floor":12.0,"key":"Oddly Smooth Stone"},{"floor":27,"key":"WingedGreaves"},{"floor":31,"key":"Lizard Tail"}],"event_choices":[{"damage_healed":0.0,"max_hp_gain":0.0,"max_hp_loss":36.0,"gold_gain":0.0,"event_name":"Ghosts","player_choice":"Became a Ghost","floor":20.0,"gold_loss":0.0,"damage_taken":0.0,"cards_obtained":["Ghostly","Ghostly","Ghostly"]},{"damage_healed":0.0,"max_hp_gain":0.0,"max_hp_loss":0.0,"gold_gain":0.0,"event_name":"The Mausoleum","player_choice":"Ignored","floor":22.0,"gold_loss":0.0,"damage_taken":0.0}],"is_beta":false,"boss_relics":[{"not_picked":["Snecko Eye","Black Star"],"picked":"Cursed Key"}],"items_purged_floors":[3,21],"is_endless":false,"potions_floor_spawned":[1,2,12,16,18,25,29],"killed_by":"Automaton","ascension_level":20,"potion_discard_per_floor":[[],[],[],[],[],[],[],[],[],[],[],[],[],[],[],[],[],[],[],[],[],[],[],[],[],[],[],[],[],[],[],[],[]]}