{"neow_bonuses_skipped_log":["REMOVE_CARD","THREE_ENEMY_KILL","THREE_RARE_CARDS"],"potions_obtained_entropic_brew":[[],[],[],[],[],[],[],[],[],[],[],[],[],[],[],[],[],[],[],[],[],[],[],[],[],[],[],[],[],[],[],[],["EssenceOfSteel","SmokeBomb","Swift Potion","Block Potion"],[],[],[],[],[],[],[],[],[]],"neow_costs_skipped_log":["NONE","NONE","CURSE"],"gold_per_floor":[119,130,205,37,37,37,66,66,91,110,124,124,134,167,167,246,246,257,72,86,86,96,96,122,135,159,177,8,8,28,28,28,107,107,117,143,158,15,31,31,45,45],"floor_reached":42,"playtime":1746,"items_purged":["Strike_B","Strike_B"],"score":860,"play_id":"b98ef258-2990-41eb-abf6-18df7c3f3ce5","local_time":"20231119180125","score_breakdown":["Floors Climbed (42): 210","Enemies Slain (15): 30","Exordium Elites Killed (2): 20","City Elites Killed (1): 20","Beyond Elites Killed (0): 0","Bosses Slain (2): 150","Ascension (20): 430"],"is_ascension_mode":true,"potions_obtained_alchemize":[[],[],[],[],[],[],[],[],[],[],[],[],[],[],[],[],[],[],[],[],[],[],[],[],[],[],[],[],[],[],[],[],[],[],[],[],[],[],[],[],[],[]],"campfire_choices":[{"data":"Ball Lightning","floor":6,"key":"SMITH"},{"data":"Tempest","floor":8,"key":"SMITH"},{"floor":12,"key":"REST"},{"data":"Defragment","floor":15,"key":"SMITH"},{"floor":23,"key":"REST"},{"floor":29,"key":"REST"},{"data":"Recycle","floor":32,"key":"SMITH"},{"data":"Heatsinks","floor":40,"key":"SMITH"}],"lesson_learned_per_floor":[[],[],[],[],[],[],[],[],[],[],[],[],[],[],[],[],[],[],[],[],[],[],[],[],[],[],[],[],[],[],[],[],[],[],[],[],[],[],[],[],[],[]],"neow_cost":"NONE","improvable_cards":{},"seed_source_timestamp":5501860762716400,"shop_contents":[{"floor":4,"relics":["Toy Ornithopter","War Paint"],"cards":["Cold Snap","Doom and Gloom","Steam","Stack","Storm","Deep Breath","Violence"],"potions":["LiquidMemories","BlessingOfTheForge","LiquidMemories"]},{"floor":19,"relics":["Juzu Bracelet","Question Card","Cauldron"],"cards":["Sweeping Beam","Beam Cell","Steam Power","Stack","Self Repair","Mind Blast","Panache"],"potions":["Block Potion"]},{"floor":28,"relics":["Letter Opener","Bird Faced Urn"],"cards":["Sunder","Ball Lightning","Conserve Battery","Redo","Hello World","Panacea","Magnetism"],"potions":["FocusPotion","Strength Potion","Energy Potion"]},{"floor":38,"relics":["Whetstone","Vajra","Medical Kit"],"cards":["Rebound","Doom and Gloom","Amplify","Fission","Dramatic Entrance","Metamorphosis"],"potions":["AttackPotion","SpeedPotion","Dexterity Potion"]}],"circlet_count":0,"master_deck":["AscendersBane","Defend_B","Defend_B","Defend_B","Defend_B","Zap","Dualcast","Cold Snap","Coolheaded","Seek","Ball Lightning+1","Hologram","Tempest+1","Leap","Capacitor","Doom and Gloom","FTL","Defragment+1","Electrodynamics","Reinforced Body","Recycle+1","Cold Snap","White Noise","Force Field+1","Turbo","Biased Cognition","Undo","Redo","Heatsinks+1","Skim"],"potion_use_per_floor":[[],[],[],[],[],[],[],[],[],[],[],[],[],["FairyPotion"],[],[],[],[],[],[],[],[],[],["Strength Potion","ColorlessPotion"],["EssenceOfSteel","Fire Potion"],[],[],[],[],[],[],[],["FocusPotion","EntropicBrew","Block Potion"],[],[],[],["Swift Potion","EssenceOfSteel"],[],[],[],[],[]],"relics":["SacredBark","Orrery","CultistMask","Potion Belt","Tiny Chest","Omamori","Nuclear Battery","Kunai","DataDisk","Toolbox","Empty Cage"],"potions_floor_usage":[24,24,25,25,33,33,33,37,37],"damage_taken":[{"damage":4,"enemies":"Small Slimes","floor":1,"turns":3},{"damage":0,"enemies":"2 Louse","floor":2,"turns":3},{"damage":32,"enemies":"Gremlin Nob","floor":7,"turns":4},{"damage":0,"enemies":"Cultist","floor":10,"turns":3},{"damage":16,"enemies":"Exordium Thugs","floor":11,"turns":5},{"damage":11,"enemies":"3 Louse","floor":13,"turns":3},{"damage":24,"enemies":"3 Sentries","floor":14,"turns":7},{"damage":1,"enemies":"The Guardian","floor":16,"turns":11},{"damage":4,"enemies":"Chosen","floor":18,"turns":4},{"damage":0,"enemies":"Spheric Guardian","floor":20,"turns":3},{"damage":18,"enemies":"Snecko","floor":22,"turns":8},{"damage":30,"enemies":"Book of Stabbing","floor":24,"turns":5},{"damage":3,"enemies":"Sentry and Sphere","floor":25,"turns":3},{"damage":0,"enemies":"Centurion and Healer","floor":27,"turns":5},{"damage":0,"enemies":"3 Cultists","floor":30,"turns":3},{"damage":6,"enemies":"Automaton","floor":33,"turns":8},{"damage":0,"enemies":"3 Shapes","floor":35,"turns":3},{"damage":8,"enemies":"3 Darklings","floor":37,"turns":4},{"damage":0,"enemies":"Writhing Mass","floor":39,"turns":5},{"damage":45,"enemies":"Jaw Worm Horde","floor":41,"turns":4},{"damage":23,"enemies":"Transient","floor":42,"turns":3}],"seed_played":"-6297907152440630713","neow_bonus_log":{"cardsObtained":[],"cardsUpgraded":[],"cardsRemoved":[],"cardsTransformed":[],"relicsObtained":["SacredBark"],"maxHpGained":0,"goldGained":0,"damageTaken":0,"goldLost":0,"maxHpLost":0},"potions_obtained":[{"floor":2,"key":"FairyPotion"},{"floor":16,"key":"FocusPotion"},{"floor":20,"key":"ColorlessPotion"},{"floor":24,"key":"EssenceOfSteel"},{"floor":25,"key":"EntropicBrew"},{"floor":33,"key":"DuplicationPotion"},{"floor":37,"key":"FearPotion"}],"is_trial":false,"path_per_floor":["M","M","?","$","?","R","E","R","T","M","M","R","M","E","R","B",null,"M","$","M","?","M","R","E","M","T","M","$","R","M","?","R","B",null,"M","T","M","$","M","R","M","M"],"character_chosen":"DEFECT","basemod:card_modifiers":[null,null,null,null,null,null,null,null,null,null,null,null,null,null,null,null,null,null,null,null,null,null,null,null,null,null,null,null,null,null],"items_purchased":["Orrery","Fire Potion","Strength Potion","Toolbox","Heatsinks"],"campfire_rested":3,"item_purchase_floors":[4,19,19,28,38],"current_hp_per_floor":[60,60,49,49,49,49,17,17,17,17,1,22,11,34,34,33,62,58,58,58,38,20,42,12,9,9,9,9,31,31,31,31,25,63,63,63,55,55,55,55,10,0],"gold":45,"neow_bonus":"BOSS_RELIC","is_prod":false,"is_daily":false,"rewards_skipped":[],"chose_seed":false,"campfire_upgraded":5,"win_rate":0,"floor_exit_playtime":[43,77,80,157,163,171,214,222,227,252,310,312,347,439,444,563,573,626,645,697,700,820,824,916,970,973,1067,1076,1079,1151,1154,1164,1298,1325,1377,1381,1453,1472,1584,1592,1685],"timestamp":1700434885,"blue_key_relic_skipped_log":{"floor":36,"relicID":"Nunchaku"},"path_taken":["M","M","?","$","?","R","E","R","T","?","M","R","M","E","R","BOSS","M","$","M","?","M","R","E","M","T","M","$","R","M","?","R","BOSS","M","?","M","?","M","R","M","M"],"build_version":"2022-12-18","purchased_purges":2,"victory":false,"max_hp_per_floor":[71,71,71,71,71,71,71,71,71,71,71,71,71,71,71,71,71,71,71,71,76,76,76,76,76,76,76,76,76,76,76,76,76,76,76,76,76,76,76,76,76,76],"relic_stats":{"counters":[21,97],"Tiny Chest":1,"Omamori":1,"Kunai":[3],"obtain_stats":[{"Potion Belt":7,"DataDisk":26,"SacredBark":0,"Orrery":4,"Toolbox":28,"Tiny Chest":9,"CultistMask":5,"Omamori":14,"Kunai":24,"Cracked Core":0,"Empty Cage":34,"Nuclear Battery":17},{"Potion Belt":3,"DataDisk":13,"SacredBark":0,"Orrery":2,"Toolbox":14,"Tiny Chest":3,"CultistMask":2,"Omamori":7,"Kunai":12,"Cracked Core":0,"Empty Cage":16,"Nuclear Battery":8},{"Potion Belt":10,"DataDisk":62,"SacredBark":0,"Orrery":6,"Toolbox":67,"Tiny Chest":10,"CultistMask":6,"Omamori":28,"Kunai":59,"Cracked Core":0,"Empty Cage":78,"Nuclear Battery":39}]},"card_choices":[{"not_picked":["Gash","Redo"],"picked":"Cold Snap","floor":1},{"not_picked":["Heatsinks","Reprogram"],"picked":"Coolheaded","floor":2},{"not_picked":["Rip and Tear","Sweeping Beam"],"picked":"Seek","floor":4},{"not_picked":["Turbo","Cold Snap"],"picked":"Ball Lightning","floor":4},{"not_picked":["Beam Cell","Barrage"],"picked":"Hologram","floor":4},{"not_picked":["Melter","Leap"],"picked":"Tempest","floor":4},{"not_picked":["Coolheaded","Go for the Eyes","Barrage"],"picked":"SKIP","floor":4},{"not_picked":["Tempest","Steam"],"picked":"Leap","floor":7},{"not_picked":["Multi-Cast","Rebound"],"picked":"Capacitor","floor":10},{"not_picked":["Steam Power","Ball Lightning"],"picked":"Doom and Gloom","floor":11},{"not_picked":["Doom and Gloom","Hologram"],"picked":"FTL","floor":13},{"not_picked":["Recycle","Compile Driver"],"picked":"Defragment","floor":14},{"not_picked":["Amplify","Creative AI"],"picked":"Electrodynamics","floor":16},{"not_picked":["Redo","Rebound"],"picked":"Reinforced Body","floor":18},{"not_picked":["Blizzard","Fusion"],"picked":"Recycle","floor":20},{"not_picked":["Streamline","Ball Lightning"],"picked":"Cold Snap","floor":22},{"not_picked":["Turbo+1","Leap"],"picked":"White Noise","floor":24},{"not_picked":["Rebound","Barrage","Cold Snap"],"picked":"SKIP","floor":25},{"not_picked":["Consume","Hello World"],"picked":"Force Field+1","floor":27},{"not_picked":["Darkness","Stack"],"picked":"Turbo","floor":30},{"not_picked":["Multi-Cast","Seek"],"picked":"Biased Cognition","floor":33},{"not_picked":["Hello World","Stack+1"],"picked":"Undo","floor":35},{"not_picked":["Stack","Sweeping Beam"],"picked":"Redo","floor":37},{"not_picked":["Go for the Eyes","Sweeping Beam+1"],"picked":"Skim","floor":39},{"not_picked":["Leap","Sunder","Scrape+1"],"picked":"SKIP","floor":41}],"player_experience":2286294,"relics_obtained":[{"floor":7,"key":"Potion Belt"},{"floor":9,"key":"Tiny Chest"},{"floor":14,"key":"Omamori"},{"floor":24,"key":"Kunai"},{"floor":26,"key":"DataDisk"}],"event_choices":[{"damage_healed":0,"gold_gain":75,"player_choice":"Gather Gold","damage_taken":11,"max_hp_gain":0,"max_hp_loss":0,"event_name":"World of Goop","floor":3,"gold_loss":0},{"damage_healed":0,"gold_gain":0,"player_choice":"Trade","damage_taken":0,"relics_obtained":["CultistMask"],"max_hp_gain":0,"max_hp_loss":0,"event_name":"FaceTrader","floor":5,"gold_loss":0},{"damage_healed":0,"gold_gain":0,"player_choice":"Shed Blood","damage_taken":25,"max_hp_gain":5,"max_hp_loss":0,"event_name":"Forgotten Altar","floor":21,"gold_loss":0},{"damage_healed":0,"gold_gain":0,"player_choice":"Ignored","damage_taken":0,"max_hp_gain":0,"max_hp_loss":0,"event_name":"The Mausoleum","floor":31,"gold_loss":0}],"is_beta":false,"boss_relics":[{"not_picked":["Busted Crown","Black Star"],"picked":"Nuclear Battery"},{"not_picked":["Philosopher\u0027s Stone","Sozu"],"picked":"Empty Cage"}],"items_purged_floors":[19,38],"is_endless":false,"potions_floor_spawned":[2,16,20,24,25,33,37],"killed_by":"Transient","ascension_level":20,"potion_discard_per_floor":[[],[],[],[],[],[],[],[],[],[],[],[],[],[],[],[],[],[],[],[],[],[],[],[],[],[],[],[],[],[],[],[],[],[],[],[],[],[],[],[],[],[]]}