{"neow_bonuses_skipped_log":["THREE_CARDS","THREE_SMALL_POTIONS","REMOVE_TWO"],"potions_obtained_entropic_brew":[[],[],[],[],[],[],[],[],[],[],[],[],[],[],[],[],[],[],[],[],[]],"neow_costs_skipped_log":["NONE","NONE","PERCENT_DAMAGE"],"gold_per_floor":[118,118,136,149,168,168,202,202,202,202,213,231,249,259,259,336,336,353,371,371,371],"floor_reached":21,"playtime":984,"items_purged":[],"score":370,"play_id":"418771a3-3324-438c-b54d-e9b1ccf30f9d","local_time":"20231119162254","score_breakdown":["Floors Climbed (21): 105","Enemies Slain (10): 20","Exordium Elites Killed (1): 10","City Elites Killed (0): 0","Bosses Slain (1): 50","Ascension (20): 185"],"is_ascension_mode":true,"potions_obtained_alchemize":[[],[],[],[],[],[],[],[],[],[],[],[],[],[],[],[],[],[],[],[],[]],"campfire_choices":[{"data":"Doom and Gloom","floor":6,"key":"SMITH"},{"floor":8,"key":"REST"},{"data":"Rip and Tear","floor":10,"key":"SMITH"},{"data":"Hologram","floor":15,"key":"SMITH"}],"lesson_learned_per_floor":[[],[],[],[],[],[],[],[],[],[],[],[],[],[],[],[],[],[],[],[],[]],"neow_cost":"NONE","improvable_cards":{},"seed_source_timestamp":5496711727331300,"shop_contents":[],"circlet_count":0,"master_deck":["AscendersBane","Strike_B","Strike_B","Defend_B","Defend_B","Zap","Dualcast","Skim+1","Force Field+1","Multi-Cast+1","Doom and Gloom+1","Conserve Battery","Steam","Rip and Tear+1","Chill","Hello World+1","Hologram+1","Self Repair+1","Reinforced Body+1","Creative AI+1","Cold Snap"],"potion_use_per_floor":[[],[],[],[],[],[],["SteroidPotion"],[],[],[],["Fire Potion"],[],[],[],[],[],[],[],[],[],[]],"relics":["Astrolabe","PreservedInsect","Frozen Egg 2","Black Star"],"potions_floor_usage":[7,11],"damage_taken":[{"damage":7,"enemies":"Small Slimes","floor":1,"turns":4},{"damage":7,"enemies":"Cultist","floor":3,"turns":4},{"damage":0,"enemies":"Jaw Worm","floor":4,"turns":4},{"damage":0,"enemies":"Red Slaver","floor":5,"turns":3},{"damage":32,"enemies":"Gremlin Nob","floor":7,"turns":4},{"damage":0,"enemies":"Gremlin Gang","floor":11,"turns":5},{"damage":4,"enemies":"Looter","floor":12,"turns":4},{"damage":0,"enemies":"Blue Slaver","floor":13,"turns":4},{"damage":4,"enemies":"Large Slime","floor":14,"turns":5},{"damage":9,"enemies":"Hexaghost","floor":16,"turns":10},{"damage":35,"enemies":"Shell Parasite","floor":18,"turns":9},{"damage":5,"enemies":"3 Byrds","floor":19,"turns":4},{"damage":60,"enemies":"3 Cultists","floor":21,"turns":5}],"seed_played":"-5225774842914776430","neow_bonus_log":{"cardsObtained":[],"cardsUpgraded":[],"cardsRemoved":[],"cardsTransformed":[],"relicsObtained":["Astrolabe"],"maxHpGained":0,"goldGained":0,"damageTaken":0,"goldLost":0,"maxHpLost":0},"potions_obtained":[{"floor":3,"key":"SteroidPotion"},{"floor":5,"key":"Fire Potion"},{"floor":12,"key":"BlessingOfTheForge"},{"floor":14,"key":"GamblersBrew"}],"is_trial":false,"path_per_floor":["M","?","M","M","M","R","E","R","T","R","M","M","M","M","R","B",null,"M","M","?","M"],"character_chosen":"DEFECT","basemod:card_modifiers":[null,null,null,null,null,null,null,null,null,null,null,null,null,null,null,null,null,null,null,null,null],"items_purchased":[],"campfire_rested":1,"item_purchase_floors":[],"current_hp_per_floor":[57,57,50,50,50,50,18,39,39,39,39,35,35,41,41,42,64,49,54,54,0],"gold":371,"neow_bonus":"BOSS_RELIC","is_prod":false,"is_daily":false,"rewards_skipped":[],"chose_seed":false,"campfire_upgraded":3,"win_rate":0,"floor_exit_playtime":[69,82,117,162,201,208,251,254,257,264,339,380,417,493,498,638,665,806,883,897],"timestamp":1700428974,"path_taken":["M","?","?","M","M","R","E","R","T","R","M","M","M","M","R","BOSS","M","M","?","M"],"build_version":"2022-12-18","purchased_purges":0,"victory":false,"max_hp_per_floor":[71,71,71,71,71,71,71,71,71,71,71,71,71,71,71,71,71,71,71,71,71],"relic_stats":{"counters":[13,65],"Astrolabe":["Skim","Force Field","Multi-Cast"],"PreservedInsect":0,"Black Star":0,"obtain_stats":[{"Astrolabe":0,"PreservedInsect":7,"Black Star":17,"Frozen Egg 2":9,"Cracked Core":0},{"Astrolabe":0,"PreservedInsect":5,"Black Star":10,"Frozen Egg 2":5,"Cracked Core":0},{"Astrolabe":0,"PreservedInsect":19,"Black Star":47,"Frozen Egg 2":19,"Cracked Core":0}]},"card_choices":[{"not_picked":["Steam","Defragment"],"picked":"Doom and Gloom","floor":1},{"not_picked":["Compile Driver","Auto Shields"],"picked":"Conserve Battery","floor":3},{"not_picked":["Redo","Gash"],"picked":"Steam","floor":4},{"not_picked":["Tempest","Lockon"],"picked":"Rip and Tear","floor":5},{"not_picked":["Double Energy","Sweeping Beam"],"picked":"Chill","floor":7},{"not_picked":["Doom and Gloom","Redo"],"picked":"Hello World+1","floor":11},{"not_picked":["Stack","Conserve Battery"],"picked":"Hologram","floor":12},{"not_picked":["Gash","Compile Driver"],"picked":"Self Repair+1","floor":13},{"not_picked":["Chill","Go for the Eyes"],"picked":"Reinforced Body","floor":14},{"not_picked":["Reboot","Multi-Cast"],"picked":"Creative AI+1","floor":16},{"not_picked":["Leap","Gash"],"picked":"Cold Snap","floor":18},{"not_picked":["Barrage","Melter","Storm+1"],"picked":"SKIP","floor":19}],"player_experience":2283098,"relics_obtained":[{"floor":7,"key":"PreservedInsect"},{"floor":9,"key":"Frozen Egg 2"}],"event_choices":[{"cards_removed":["Defend_B"],"damage_healed":0,"gold_gain":0,"player_choice":"Offered Basic","damage_taken":0,"max_hp_gain":0,"max_hp_loss":0,"event_name":"Bonfire Elementals","floor":2,"gold_loss":0},{"damage_healed":0,"gold_gain":0,"player_choice":"Forge","damage_taken":0,"max_hp_gain":0,"max_hp_loss":0,"event_name":"Accursed Blacksmith","floor":20,"gold_loss":0,"cards_upgraded":["Reinforced Body"]}],"is_beta":false,"boss_relics":[{"not_picked":["Sozu","Pandora\u0027s Box"],"picked":"Black Star"}],"items_purged_floors":[],"is_endless":false,"potions_floor_spawned":[3,5,12,14],"killed_by":"3 Cultists","ascension_level":20,"potion_discard_per_floor":[[],[],[],[],[],[],[],[],[],[],[],[],[],[],[],[],[],[],[],[],[]]}