{"neow_bonuses_skipped_log":["THREE_CARDS","TWO_FIFTY_GOLD","BOSS_RELIC"],"potions_obtained_entropic_brew":[[],[],[],[],[],[],[],[],[],[],[],[],[],[]],"neow_costs_skipped_log":["NONE","CURSE","NONE"],"gold_per_floor":[119,119,60,60,85,120,120,145,216,216,239,273,273,273],"floor_reached":14,"playtime":503,"items_purged":[],"score":196,"play_id":"c48db788-6e86-49c0-bf93-4a2553e68e8f","local_time":"20231118064623","score_breakdown":["Floors Climbed (14): 70","Enemies Slain (4): 8","Exordium Elites Killed (2): 20","Bosses Slain (0): 0","Ascension (20): 98"],"is_ascension_mode":true,"potions_obtained_alchemize":[[],[],[],[],[],[],[],[],[],[],[],[],[],[]],"campfire_choices":[{"data":"Zap","floor":7.0,"key":"SMITH"},{"data":"Hello World","floor":10,"key":"SMITH"},{"data":"Streamline","floor":13,"key":"SMITH"}],"lesson_learned_per_floor":[[],[],[],[],[],[],[],[],[],[],[],[],[],[]],"neow_cost":"NONE","improvable_cards":{},"seed_source_timestamp":5376194682279500,"shop_contents":[{"floor":3,"relics":["Bronze Scales","Anchor","Medical Kit"],"cards":["Go for the Eyes","Reinforced Body","Chaos","Storm","Jack Of All Trades","The Bomb"],"potions":["SkillPotion","GamblersBrew","GamblersBrew"]}],"circlet_count":0,"master_deck":["AscendersBane","Strike_B","Strike_B","Strike_B","Strike_B","Defend_B","Defend_B","Defend_B","Defend_B","Zap+1","Dualcast","Skim","Gash","Cold Snap","Hologram","Hello World+1","Glacier","Streamline+1"],"special_seed":0,"potion_use_per_floor":[[],[],[],[],[],["CultistPotion"],[],[],[],[],[],[],[],["Energy Potion"]],"relics":["Cracked Core","MealTicket","Golden Idol","Tiny Chest","Blue Candle","Omamori"],"potions_floor_usage":[14],"damage_taken":[{"damage":7.0,"enemies":"Jaw Worm","floor":1.0,"turns":3.0},{"damage":4.0,"enemies":"Small Slimes","floor":5.0,"turns":3.0},{"damage":18.0,"enemies":"Lagavulin","floor":6.0,"turns":8.0},{"damage":0.0,"enemies":"Cultist","floor":8.0,"turns":3.0},{"damage":9,"enemies":"Exordium Wildlife","floor":11,"turns":4},{"damage":12,"enemies":"3 Sentries","floor":12,"turns":8},{"damage":34,"enemies":"Gremlin Nob","floor":14,"turns":3}],"seed_played":"-2177566641735755061","neow_bonus_log":{"cardsObtained":[],"cardsUpgraded":[],"cardsRemoved":[],"cardsTransformed":[],"relicsObtained":["MealTicket"],"maxHpGained":0,"goldGained":0,"damageTaken":0,"goldLost":0,"maxHpLost":0},"potions_obtained":[{"floor":1.0,"key":"CultistPotion"},{"floor":12,"key":"Energy Potion"}],"is_trial":false,"path_per_floor":["M","?","$","?","M","E","R","M","T","R","M","E","R","E"],"character_chosen":"DEFECT","basemod:card_modifiers":[null,null,null,null,null,null,null,null,null,null,null,null,null,null,null,null,null,null],"items_purchased":["Gash"],"campfire_rested":0,"item_purchase_floors":[3],"current_hp_per_floor":[57,62,76,69,65,47,47,47,47,47,38,26,26,0],"gold":273,"neow_bonus":"RANDOM_COMMON_RELIC","is_prod":false,"is_daily":false,"rewards_skipped":[],"chose_seed":false,"campfire_upgraded":3,"win_rate":0,"floor_exit_playtime":[53,69,97,101,130,210,216,248,251,258,327,443,450],"timestamp":1700307983,"path_taken":["M","?","$","?","M","E","R","M","T","R","M","E","R","E"],"build_version":"2022-12-18","purchased_purges":0,"victory":false,"max_hp_per_floor":[71,76,76,69,69,69,69,69,69,69,69,69,69,69],"relic_stats":{"counters":[7,32],"Golden Idol":29,"Blue Candle":[0],"MealTicket":14,"Tiny Chest":0,"Omamori":0,"obtain_stats":[{"Golden Idol":4,"Blue Candle":9,"MealTicket":0,"Tiny Chest":6,"Omamori":12,"Cracked Core":0},{"Golden Idol":1,"Blue Candle":4,"MealTicket":0,"Tiny Chest":3,"Omamori":6,"Cracked Core":0},{"Golden Idol":3,"Blue Candle":17,"MealTicket":0,"Tiny Chest":14,"Omamori":29,"Cracked Core":0}]},"card_choices":[{"not_picked":["Redo","Leap"],"picked":"Skim","floor":1.0},{"not_picked":["Blizzard","Rebound"],"picked":"Cold Snap","floor":5.0},{"not_picked":["Scrape","Auto Shields"],"picked":"Hologram","floor":6.0},{"not_picked":["Coolheaded","Steam"],"picked":"Hello World","floor":8.0},{"not_picked":["Leap","Steam"],"picked":"Glacier","floor":11},{"not_picked":["Steam","Aggregate"],"picked":"Streamline","floor":12}],"player_experience":2274124,"relics_obtained":[{"floor":6.0,"key":"Tiny Chest"},{"floor":9,"key":"Blue Candle"},{"floor":12,"key":"Omamori"}],"event_choices":[{"damage_healed":0.0,"max_hp_gain":5.0,"max_hp_loss":0.0,"gold_gain":0.0,"event_name":"Big Fish","player_choice":"Donut","floor":2.0,"gold_loss":0.0,"damage_taken":0.0},{"damage_healed":0.0,"max_hp_gain":0.0,"max_hp_loss":7.0,"gold_gain":0.0,"event_name":"Golden Idol","player_choice":"Lose Max HP","floor":4.0,"gold_loss":0.0,"damage_taken":0.0,"relics_obtained":["Golden Idol"]}],"is_beta":false,"boss_relics":[],"items_purged_floors":[],"is_endless":false,"potions_floor_spawned":[1,12],"killed_by":"Gremlin Nob","ascension_level":20,"potion_discard_per_floor":[[],[],[],[],[],[],[],[],[],[],[],[],[],[]]}