{"neow_bonuses_skipped_log":["TRANSFORM_CARD","THREE_SMALL_POTIONS","BOSS_RELIC"],"potions_obtained_entropic_brew":[[],[],[],[],[],[],[],[],[],[],[],[],[],[],[],[],[],[],[],[],[],[],[],[],[],[],[],[],[],[],[],[],[],[],[],[],[],[],[],[],[]],"neow_costs_skipped_log":["NONE","NONE","NONE"],"gold_per_floor":[117,117,117,133,153,153,38,72,150,179,190,210,210,235,235,307,307,325,53,72,85,103,103,128,128,180,22,41,41,69,89,89,161,161,175,175,185,51,68,68,68],"floor_reached":41,"playtime":2504,"items_purged":["Defend_B","Strike_B"],"score":956,"play_id":"0c21cdb9-97bd-4f6b-a768-f0aaf5bf5302","local_time":"20231118103801","score_breakdown":["Floors Climbed (41): 205","Enemies Slain (14): 28","Exordium Elites Killed (3): 30","City Elites Killed (2): 40","Beyond Elites Killed (0): 0","Bosses Slain (2): 150","Champion (1): 25","Ascension (20): 478"],"is_ascension_mode":true,"potions_obtained_alchemize":[[],[],[],[],[],[],[],[],[],[],[],[],[],[],[],[],[],[],[],[],[],[],[],[],[],[],[],[],[],[],[],[],[],[],[],[],[],[],[],[],[]],"campfire_choices":[{"data":"FTL","floor":6.0,"key":"SMITH"},{"data":"Sweeping Beam","floor":13.0,"key":"SMITH"},{"floor":15.0,"key":"REST"},{"data":"Seek","floor":23.0,"key":"SMITH"},{"data":"Chaos","floor":25.0,"key":"SMITH"},{"data":"White Noise","floor":32.0,"key":"SMITH"},{"data":"Recycle","floor":40,"key":"SMITH"}],"lesson_learned_per_floor":[[],[],[],[],[],[],[],[],[],[],[],[],[],[],[],[],[],[],[],[],[],[],[],[],[],[],[],[],[],[],[],[],[],[],[],[],[],[],[],[],[]],"neow_cost":"TEN_PERCENT_HP_LOSS","improvable_cards":{"Genetic Algorithm":[23]},"seed_source_timestamp":5388087971987600,"shop_contents":[{"floor":7,"relics":["Strawberry","Shovel","Medical Kit"],"cards":["Hyperbeam","Skim","Redo","Loop","Swift Strike","Sadistic Nature"],"potions":["EntropicBrew","FairyPotion","LiquidMemories"]},{"floor":19,"relics":["Girya","Toolbox"],"cards":["Ball Lightning","Scrape","Reprogram","Recycle","Loop","Madness","Secret Weapon"],"potions":["FocusPotion","FearPotion","EssenceOfDarkness"]},{"floor":27,"relics":["Mango","Peace Pipe"],"cards":["Beam Cell","Hyperbeam","Leap","Hologram","Static Discharge","Finesse","Secret Weapon"],"potions":["FearPotion","BlessingOfTheForge","FairyPotion"]},{"floor":38,"relics":["Blood Vial","Art of War","DollysMirror"],"cards":["Scrape","Core Surge","Steam","Hologram","Madness","Thinking Ahead"],"potions":["SkillPotion","Fruit Juice"]}],"circlet_count":0,"master_deck":["AscendersBane","Strike_B","Defend_B","Defend_B","Defend_B","Zap","Dualcast","Seek+1","FTL+1","Go for the Eyes","Seek","Glacier","Rip and Tear","Ball Lightning","Self Repair","Sweeping Beam+1","Stack","Multi-Cast","Leap+1","White Noise+1","Genetic Algorithm","Chaos+1","Chaos+1","Hologram","Meteor Strike","Recycle+1","Defragment","Turbo"],"special_seed":0,"potion_use_per_floor":[[],[],[],["Explosive Potion"],[],[],["Fruit Juice"],[],[],["Ancient Potion"],[],[],[],[],[],["FearPotion"],[],[],[],[],[],[],[],["LiquidBronze","Fire Potion"],[],[],[],["Regen Potion"],[],["Block Potion"],["ColorlessPotion"],[],["Strength Potion","Strength Potion"],[],[],[],[],[],[],[],["PowerPotion"]],"relics":["Cracked Core","Boot","Question Card","WingedGreaves","Dead Branch","Runic Dome","DataDisk","Oddly Smooth Stone","Potion Belt","Cauldron","Pen Nib","Nuclear Battery"],"potions_floor_usage":[41],"damage_taken":[{"damage":4.0,"enemies":"Jaw Worm","floor":1.0,"turns":4.0},{"damage":0.0,"enemies":"Small Slimes","floor":4.0,"turns":2.0},{"damage":0.0,"enemies":"Cultist","floor":5.0,"turns":3.0},{"damage":24.0,"enemies":"3 Sentries","floor":8.0,"turns":10.0},{"damage":0.0,"enemies":"Gremlin Nob","floor":10.0,"turns":3.0},{"damage":13.0,"enemies":"Lots of Slimes","floor":11.0,"turns":4.0},{"damage":15.0,"enemies":"Gremlin Gang","floor":12.0,"turns":3.0},{"damage":15.0,"enemies":"3 Sentries","floor":14.0,"turns":5.0},{"damage":32.0,"enemies":"Slime Boss","floor":16.0,"turns":8.0},{"damage":0.0,"enemies":"Chosen","floor":18.0,"turns":3.0},{"damage":0.0,"enemies":"Spheric Guardian","floor":20.0,"turns":4.0},{"damage":1.0,"enemies":"Cultist and Chosen","floor":21.0,"turns":6.0},{"damage":13.0,"enemies":"3 Cultists","floor":22.0,"turns":4.0},{"damage":43.0,"enemies":"Slavers","floor":24.0,"turns":6.0},{"damage":4.0,"enemies":"Snake Plant","floor":28.0,"turns":5.0},{"damage":5.0,"enemies":"Book of Stabbing","floor":30.0,"turns":6.0},{"damage":6.0,"enemies":"Shelled Parasite and Fungi","floor":31.0,"turns":5.0},{"damage":5.0,"enemies":"Collector","floor":33.0,"turns":7.0},{"damage":0.0,"enemies":"3 Shapes","floor":35.0,"turns":7.0},{"damage":18,"enemies":"3 Darklings","floor":37,"turns":6},{"damage":45,"enemies":"Maw","floor":39,"turns":7},{"damage":36,"enemies":"Giant Head","floor":41,"turns":7}],"seed_played":"-7312355909273842249","neow_bonus_log":{"cardsObtained":[],"cardsUpgraded":[],"cardsRemoved":[],"cardsTransformed":[],"relicsObtained":[],"maxHpGained":0,"goldGained":0,"damageTaken":0,"goldLost":0,"maxHpLost":7},"potions_obtained":[{"floor":3.0,"key":"Explosive Potion"},{"floor":3.0,"key":"LiquidBronze"},{"floor":4.0,"key":"Fruit Juice"},{"floor":8.0,"key":"Ancient Potion"},{"floor":11.0,"key":"FearPotion"},{"floor":16.0,"key":"Strength Potion"},{"floor":21.0,"key":"Fire Potion"},{"floor":24.0,"key":"SpeedPotion"},{"floor":27.0,"key":"Regen Potion"},{"floor":27.0,"key":"Block Potion"},{"floor":27.0,"key":"ColorlessPotion"},{"floor":28.0,"key":"Strength Potion"},{"floor":31.0,"key":"Strength Potion"},{"floor":39,"key":"Dexterity Potion"}],"is_trial":false,"path_per_floor":["M","?","?","M","M","R","$","E","T","E","M","M","R","E","R","B",null,"M","$","M","M","M","R","E","R","T","$","M","?","E","M","R","B",null,"M","?","M","$","M","R","E"],"character_chosen":"DEFECT","basemod:card_modifiers":[null,null,null,null,null,null,null,null,null,null,null,null,null,null,null,null,null,null,null,null,null,null,null,null,null,null,null,null],"items_purchased":["Rip and Tear","DataDisk","Cauldron","Defragment","PowerPotion"],"campfire_rested":1,"item_purchase_floors":[7,19,27,38,38],"current_hp_per_floor":[60,60,60,60,60,60,65,41,41,41,35,27,27,19,39,14,55,62,62,69,69,63,63,27,27,27,27,44,44,53,61,61,56,66,69,69,58,58,20,20,0],"gold":68,"neow_bonus":"THREE_RARE_CARDS","is_prod":false,"is_daily":false,"rewards_skipped":[{"floor":14,"relics":[],"potions":["ColorlessPotion"]},{"floor":27,"relics":[],"potions":["Dexterity Potion","Ancient Potion"]}],"chose_seed":false,"campfire_upgraded":6,"win_rate":0,"floor_exit_playtime":[206,215,218,247,279,294,322,448,456,523,612,676,682,768,774,919,936,991,1010,1067,1179,1261,1287,1394,1401,1404,1420,1507,1511,1623,1745,1757,1924,1941,2078,2085,2222,2234,2378,2385],"timestamp":1700321881,"path_taken":["M","?","?","M","?","R","$","E","T","E","M","M","R","E","R","BOSS","M","$","M","?","M","R","E","R","T","$","?","?","E","M","R","BOSS","M","?","M","$","M","R","E"],"build_version":"2022-12-18","purchased_purges":2,"victory":false,"max_hp_per_floor":[64,64,64,64,64,64,69,69,69,69,69,69,69,69,69,69,69,69,69,69,69,69,69,69,69,69,69,69,69,69,69,69,69,69,69,69,69,69,69,69,69],"relic_stats":{"Cauldron":3,"counters":[22,115],"Dead Branch":[100],"WingedGreaves":1,"Pen Nib":[5],"Boot":[59],"Question Card":19,"obtain_stats":[{"Potion Belt":26,"Runic Dome":17,"Cauldron":27,"DataDisk":19,"Dead Branch":14,"Oddly Smooth Stone":24,"WingedGreaves":10,"Pen Nib":30,"Cracked Core":0,"Boot":8,"Question Card":9,"Nuclear Battery":34},{"Potion Belt":14,"Runic Dome":9,"Cauldron":14,"DataDisk":10,"Dead Branch":8,"Oddly Smooth Stone":14,"WingedGreaves":5,"Pen Nib":16,"Cracked Core":0,"Boot":4,"Question Card":4,"Nuclear Battery":18},{"Potion Belt":65,"Runic Dome":42,"Cauldron":65,"DataDisk":45,"Dead Branch":34,"Oddly Smooth Stone":65,"WingedGreaves":22,"Pen Nib":76,"Cracked Core":0,"Boot":19,"Question Card":19,"Nuclear Battery":88}]},"card_choices":[{"not_picked":["Creative AI","Reboot"],"picked":"Seek","floor":0.0},{"not_picked":["Leap","Compile Driver"],"picked":"FTL","floor":1.0},{"not_picked":["Rebound","Compile Driver"],"picked":"Seek","floor":4.0},{"not_picked":["Scrape","Undo"],"picked":"Glacier","floor":5.0},{"not_picked":["Steam","Gash"],"picked":"Ball Lightning","floor":8.0},{"not_picked":["Fusion","Capacitor","Rebound"],"picked":"Self Repair","floor":10.0},{"not_picked":["Redo","Rebound","Storm","Hologram"],"picked":"SKIP","floor":11.0},{"not_picked":["Barrage","Rebound","Go for the Eyes"],"picked":"Sweeping Beam","floor":12.0},{"not_picked":["Hologram","Scrape","Amplify"],"picked":"Stack","floor":14.0},{"not_picked":["Meteor Strike","Thunder Strike","Hyperbeam"],"picked":"Multi-Cast","floor":16.0},{"not_picked":["Hologram","Conserve Battery","Sweeping Beam"],"picked":"Leap+1","floor":18.0},{"not_picked":["FTL","Rebound","Self Repair"],"picked":"White Noise","floor":20.0},{"not_picked":["Storm","Sweeping Beam","Rip and Tear+1"],"picked":"Genetic Algorithm","floor":21.0},{"not_picked":["Consume","Leap+1","Storm","Fusion"],"picked":"SKIP","floor":22.0},{"not_picked":["Sweeping Beam","Ball Lightning","Cold Snap"],"picked":"Chaos","floor":24.0},{"not_picked":["Barrage","Reprogram","Steam"],"picked":"Chaos+1","floor":28.0},{"not_picked":["Redo+1","Cold Snap","Sweeping Beam"],"picked":"Hologram","floor":30.0},{"not_picked":["Gash","Sweeping Beam","Consume","Self Repair+1"],"picked":"SKIP","floor":31.0},{"not_picked":["Seek","Reboot","Rainbow"],"picked":"Meteor Strike","floor":33.0},{"not_picked":["Go for the Eyes+1","Doom and Gloom","Double Energy+1"],"picked":"Recycle","floor":35},{"not_picked":["Conserve Battery","Beam Cell","Stack","Cold Snap"],"picked":"SKIP","floor":37},{"not_picked":["Storm+1","Sweeping Beam","Steam"],"picked":"Turbo","floor":39}],"player_experience":2278311,"relics_obtained":[{"floor":8.0,"key":"Boot"},{"floor":9.0,"key":"Question Card"},{"floor":10.0,"key":"WingedGreaves"},{"floor":14.0,"key":"Dead Branch"},{"floor":24.0,"key":"Oddly Smooth Stone"},{"floor":26.0,"key":"Potion Belt"},{"floor":30.0,"key":"Pen Nib"}],"event_choices":[{"damage_healed":0.0,"max_hp_gain":0.0,"max_hp_loss":0.0,"gold_gain":0.0,"cards_transformed":["Strike_B"],"event_name":"Living Wall","player_choice":"Change","floor":2.0,"gold_loss":0.0,"damage_taken":0.0,"cards_obtained":["Go for the Eyes"]},{"damage_healed":0.0,"max_hp_gain":0.0,"max_hp_loss":0.0,"gold_gain":0.0,"event_name":"Lab","player_choice":"Got Potions","floor":3.0,"gold_loss":0.0,"damage_taken":0.0},{"damage_healed":0.0,"max_hp_gain":0.0,"max_hp_loss":0.0,"gold_gain":0.0,"event_name":"The Mausoleum","player_choice":"Ignored","floor":29.0,"gold_loss":0.0,"damage_taken":0.0},{"cards_removed":["Strike_B"],"damage_healed":0,"gold_gain":0,"player_choice":"Offered Basic","damage_taken":0,"max_hp_gain":0,"max_hp_loss":0,"event_name":"Bonfire Elementals","floor":36,"gold_loss":0}],"is_beta":false,"boss_relics":[{"not_picked":["Coffee Dripper","Velvet Choker"],"picked":"Runic Dome"},{"not_picked":["Inserter","Calling Bell"],"picked":"Nuclear Battery"}],"items_purged_floors":[7,19],"is_endless":false,"potions_floor_spawned":[4,8,11,14,16,21,24,28,31,39],"killed_by":"Giant Head","ascension_level":20,"potion_discard_per_floor":[[],[],[],[],[],[],[],[],[],[],[],[],[],[],[],[],[],[],[],[],["Strength Potion"],[],[],[],[],[],[],[],[],[],[],[],[],[],[],[],[],[],[],[],[]]}