{"neow_bonuses_skipped_log":["ONE_RANDOM_RARE_CARD","THREE_RARE_CARDS","BOSS_RELIC"],"potions_obtained_entropic_brew":[[],[],[],[],[],[],[],[],[],[],[],[],[],[],[],[],[],[],[],[],[],[],[],[],[]],"neow_costs_skipped_log":["NONE","CURSE","NONE"],"gold_per_floor":[210,210,6,19,19,19,38,65,90,102,102,14,14,39,39,112,112,123,135,135,152,172,172,207,207],"floor_reached":25,"playtime":951,"items_purged":["Strike_B"],"score":562,"play_id":"9c105018-df4f-46f2-bc8c-5ac29019f6ba","local_time":"20231118105415","score_breakdown":["Floors Climbed (25): 125","Enemies Slain (8): 16","Exordium Elites Killed (2): 20","City Elites Killed (1): 20","Bosses Slain (1): 50","Perfect (1): 50","Ascension (20): 281"],"is_ascension_mode":true,"potions_obtained_alchemize":[[],[],[],[],[],[],[],[],[],[],[],[],[],[],[],[],[],[],[],[],[],[],[],[],[]],"campfire_choices":[{"data":"Sunder","floor":11.0,"key":"SMITH"},{"data":"Doom and Gloom","floor":13.0,"key":"SMITH"},{"data":"Buffer","floor":15.0,"key":"SMITH"},{"data":"Coolheaded","floor":23.0,"key":"SMITH"}],"lesson_learned_per_floor":[[],[],[],[],[],[],[],[],[],[],[],[],[],[],[],[],[],[],[],[],[],[],[],[],[]],"neow_cost":"NONE","improvable_cards":{},"seed_source_timestamp":5390612871344100,"shop_contents":[{"floor":3,"relics":["Torii","Sundial","Frozen Eye"],"cards":["All For One","Melter","Skim","Genetic Algorithm","Forethought","Master of Strategy"],"potions":["Weak Potion","EssenceOfSteel"]},{"floor":6,"relics":["Bottled Tornado","Pear","Chemical X"],"cards":["Rebound","Lockon","Chill","Turbo","Hello World","Purity","Metamorphosis"],"potions":["Fire Potion","EssenceOfSteel","ColorlessPotion"]},{"floor":12,"relics":["Peace Pipe","Blue Candle","Cauldron"],"cards":["Ball Lightning","Force Field","Steam","Static Discharge","Mind Blast","Secret Weapon"],"potions":["FairyPotion","LiquidBronze","EssenceOfSteel"]}],"circlet_count":0,"master_deck":["AscendersBane","Strike_B","Strike_B+1","Strike_B","Defend_B+1","Defend_B","Defend_B","Defend_B","Zap","Dualcast","Sunder+1","Hello World+1","FTL","Steam","Undo","Doom and Gloom+1","Buffer+1","Echo Form","Capacitor","Ball Lightning","Coolheaded+1","Aggregate","Blizzard"],"special_seed":0,"potion_use_per_floor":[[],[],[],[],[],[],[],["ColorlessPotion"],[],[],[],[],[],[],[],["FearPotion"],[],["Fire Potion"],[],[],[],[],[],["PowerPotion","Fire Potion"],[]],"relics":["Cracked Core","Orichalcum","Pen Nib","Pantograph","Nuclear Battery","Meat on the Bone"],"potions_floor_usage":[24,24],"damage_taken":[{"damage":4.0,"enemies":"Jaw Worm","floor":1.0,"turns":4.0},{"damage":4.0,"enemies":"Small Slimes","floor":4.0,"turns":3.0},{"damage":1.0,"enemies":"Cultist","floor":7.0,"turns":3.0},{"damage":17.0,"enemies":"Lagavulin","floor":8.0,"turns":7.0},{"damage":0.0,"enemies":"Lots of Slimes","floor":10.0,"turns":4.0},{"damage":2.0,"enemies":"3 Sentries","floor":14.0,"turns":4.0},{"damage":0.0,"enemies":"The Guardian","floor":16.0,"turns":10.0},{"damage":5.0,"enemies":"2 Thieves","floor":18.0,"turns":3.0},{"damage":5.0,"enemies":"Shell Parasite","floor":19.0,"turns":4.0},{"damage":5.0,"enemies":"Centurion and Healer","floor":21.0,"turns":11.0},{"damage":0.0,"enemies":"Cultist and Chosen","floor":22.0,"turns":5.0},{"damage":44,"enemies":"Book of Stabbing","floor":24,"turns":6},{"damage":15,"enemies":"Shelled Parasite and Fungi","floor":25,"turns":1}],"seed_played":"3232006134321477878","neow_bonus_log":{"cardsObtained":[],"cardsUpgraded":[],"cardsRemoved":[],"cardsTransformed":[],"relicsObtained":[],"maxHpGained":0,"goldGained":100,"damageTaken":0,"goldLost":0,"maxHpLost":0},"potions_obtained":[{"floor":1.0,"key":"Ancient Potion"},{"floor":7.0,"key":"ColorlessPotion"},{"floor":10.0,"key":"FearPotion"},{"floor":16.0,"key":"Fire Potion"},{"floor":19.0,"key":"PowerPotion"},{"floor":24,"key":"Energy Potion"}],"is_trial":false,"path_per_floor":["M","?","$","M","?","$","M","E","T","M","R","$","R","E","R","B",null,"M","M","?","M","M","R","E","M"],"character_chosen":"DEFECT","basemod:card_modifiers":[null,null,null,null,null,null,null,null,null,null,null,null,null,null,null,null,null,null,null,null,null,null,null],"items_purchased":["Hello World","Fire Potion","Doom and Gloom"],"campfire_rested":0,"item_purchase_floors":[3,3,12],"current_hp_per_floor":[60,39,39,35,58,58,57,40,40,40,40,40,40,38,38,63,69,64,59,59,54,54,54,10,0],"gold":207,"neow_bonus":"HUNDRED_GOLD","is_prod":false,"is_daily":false,"rewards_skipped":[{"floor":21,"relics":[],"potions":["EssenceOfSteel"]}],"chose_seed":false,"campfire_upgraded":4,"win_rate":0,"floor_exit_playtime":[44,47,67,95,99,106,137,236,241,284,289,299,304,358,365,474,487,535,588,617,762,835,842,941],"timestamp":1700322855,"path_taken":["M","?","$","M","?","?","M","E","T","M","R","$","R","E","R","BOSS","M","M","?","M","?","R","E","M"],"build_version":"2022-12-18","purchased_purges":1,"victory":false,"max_hp_per_floor":[71,71,71,71,71,71,71,71,71,71,71,71,71,71,71,71,71,71,71,71,71,71,71,71,71],"relic_stats":{"counters":[13,65],"Pantograph":25,"Pen Nib":[7],"Orichalcum":[84],"obtain_stats":[{"Pantograph":14,"Pen Nib":9,"Orichalcum":8,"Cracked Core":0,"Nuclear Battery":17,"Meat on the Bone":24},{"Pantograph":6,"Pen Nib":4,"Orichalcum":4,"Cracked Core":0,"Nuclear Battery":7,"Meat on the Bone":12},{"Pantograph":25,"Pen Nib":17,"Orichalcum":17,"Cracked Core":0,"Nuclear Battery":35,"Meat on the Bone":64}],"Meat on the Bone":0},"card_choices":[{"not_picked":["Scrape","Gash"],"picked":"Sunder","floor":1.0},{"not_picked":["Streamline","Tempest"],"picked":"FTL","floor":4.0},{"not_picked":["Stack","Redo"],"picked":"Steam","floor":7.0},{"not_picked":["Auto Shields","Multi-Cast","Go for the Eyes"],"picked":"SKIP","floor":8.0},{"not_picked":["Sweeping Beam","Force Field"],"picked":"Undo","floor":10.0},{"not_picked":["Heatsinks","Sweeping Beam"],"picked":"Buffer","floor":14.0},{"not_picked":["Fission","Core Surge"],"picked":"Echo Form","floor":16.0},{"not_picked":["Reprogram","Undo"],"picked":"Capacitor","floor":18.0},{"not_picked":["Go for the Eyes","Rip and Tear"],"picked":"Ball Lightning","floor":19.0},{"not_picked":["Skim","Gash"],"picked":"Coolheaded","floor":21.0},{"not_picked":["Skim","Stack"],"picked":"Aggregate","floor":22.0},{"not_picked":["Biased Cognition","Stack"],"picked":"Blizzard","floor":24}],"player_experience":2280815,"relics_obtained":[{"floor":8.0,"key":"Orichalcum"},{"floor":9.0,"key":"Pen Nib"},{"floor":14.0,"key":"Pantograph"},{"floor":24,"key":"Meat on the Bone"}],"event_choices":[{"damage_healed":0.0,"max_hp_gain":0.0,"max_hp_loss":0.0,"gold_gain":0.0,"event_name":"Shining Light","player_choice":"Entered Light","floor":2.0,"gold_loss":0.0,"damage_taken":21.0,"cards_upgraded":["Strike_B","Defend_B"]},{"damage_healed":23.0,"max_hp_gain":0.0,"max_hp_loss":0.0,"gold_gain":0.0,"event_name":"Big Fish","player_choice":"Banana","floor":5.0,"gold_loss":0.0,"damage_taken":0.0},{"damage_healed":0.0,"max_hp_gain":0.0,"max_hp_loss":0.0,"gold_gain":0.0,"event_name":"Accursed Blacksmith","player_choice":"Forge","floor":20.0,"gold_loss":0.0,"damage_taken":0.0,"cards_upgraded":["Hello World"]}],"is_beta":false,"boss_relics":[{"not_picked":["Black Star","Busted Crown"],"picked":"Nuclear Battery"}],"items_purged_floors":[3],"is_endless":false,"potions_floor_spawned":[1,7,10,16,19,21,24],"killed_by":"Shelled Parasite and Fungi","ascension_level":20,"potion_discard_per_floor":[[],[],[],[],[],[],["Ancient Potion"],[],[],[],[],[],[],[],[],[],[],[],[],[],[],[],[],[],[]]}