{"neow_bonuses_skipped_log":["RANDOM_COLORLESS","ONE_RARE_RELIC","BOSS_RELIC"],"potions_obtained_entropic_brew":[[],[],[],[],[],[],[],[],[],[],[],[],[],[],[],[],[],[],[],[],[],[],[],[],[],[],[],[],[],[],[],[],[],[],[],[],[],[],[],[],[],[],[],[],[],[],[],[],[],[],[]],"neow_costs_skipped_log":["NONE","TEN_PERCENT_HP_LOSS","NONE"],"gold_per_floor":[215,51,62,81,99,133,133,148,228,253,178,178,178,209,209,283,283,295,314,314,332,68,68,94,94,94,112,112,122,137,137,137,209,209,228,280,294,347,347,372,372,372,395,423,162,162,177,187,187,187,187],"floor_reached":51,"playtime":3743,"items_purged":["Strike_B","Zap"],"score":1440,"play_id":"bed0bd70-b8c4-4dfa-9452-425809f50b2d","local_time":"20231123085608","score_breakdown":["Floors Climbed (51): 255","Enemies Slain (15): 30","Exordium Elites Killed (3): 30","City Elites Killed (1): 20","Beyond Elites Killed (2): 60","Bosses Slain (3): 300","Champion (1): 25","Ascension (20): 720"],"is_ascension_mode":true,"potions_obtained_alchemize":[[],[],[],[],[],[],[],[],[],[],[],[],[],[],[],[],[],[],[],[],[],[],[],[],[],[],[],[],[],[],[],[],[],[],[],[],[],[],[],[],[],[],[],[],[],[],[],[],[],[],[]],"campfire_choices":[{"data":"Sweeping Beam","floor":7,"key":"SMITH"},{"data":"Static Discharge","floor":15,"key":"SMITH"},{"data":"Chaos","floor":23,"key":"SMITH"},{"data":"Sunder","floor":25,"key":"SMITH"},{"data":"Recycle","floor":28,"key":"SMITH"},{"floor":32,"key":"REST"},{"floor":42,"key":"REST"},{"floor":49,"key":"RECALL"}],"lesson_learned_per_floor":[[],[],[],[],[],[],[],[],[],[],[],[],[],[],[],[],[],[],[],[],[],[],[],[],[],[],[],[],[],[],[],[],[],[],[],[],[],[],[],[],[],[],[],[],[],[],[],[],[],[],[]],"neow_cost":"NONE","improvable_cards":{},"seed_source_timestamp":5812738990102200,"shop_contents":[{"floor":2,"relics":["Dream Catcher","Kunai"],"cards":["Streamline","Barrage","Redo","Turbo","Static Discharge","PanicButton","HandOfGreed"],"potions":["Strength Potion","Energy Potion","EssenceOfDarkness"]},{"floor":11,"relics":["InkBottle","Oddly Smooth Stone","PrismaticShard"],"cards":["Sweeping Beam","Cold Snap","BootSequence","Coolheaded","Static Discharge","Dramatic Entrance","Secret Weapon"],"potions":["FearPotion","Weak Potion","Strength Potion"]},{"floor":22,"relics":["Nunchaku","Juzu Bracelet"],"cards":["Melter","Streamline","Steam Power","BootSequence","Capacitor","Trip","Master of Strategy"],"potions":["PotionOfCapacity","Swift Potion","EntropicBrew"]},{"floor":45,"relics":["Bird Faced Urn","Lantern"],"cards":["Rip and Tear","Melter","Steam Power","Hologram","Enlightenment","Master of Strategy"],"potions":["SkillPotion","FearPotion","PotionOfCapacity"]}],"circlet_count":0,"master_deck":["AscendersBane","Dualcast+1","Glacier","Rebound","Sweeping Beam+1","Beam Cell","Hologram","Static Discharge+1","Echo Form","Recycle+1","White Noise","BootSequence","Chaos+1","Echo Form","Lockon","Redo","Leap","Turbo","Sunder+1","Reinforced Body+1","Cold Snap","Electrodynamics","White Noise+1","Aggregate+1","Glacier","Capacitor"],"potion_use_per_floor":[[],[],[],[],[],[],[],[],[],[],[],[],[],[],[],[],[],[],[],[],[],[],[],[],[],[],["Swift Potion"],[],[],[],[],[],["DistilledChaos","GamblersBrew"],[],[],[],[],[],[],[],[],[],[],[],[],[],[],[],[],["FairyPotion"],[]],"relics":["Cracked Core","ClockworkSouvenir","Akabeko","Mercury Hourglass","Lizard Tail","Orichalcum","Tiny Chest","Pandora\u0027s Box","Toolbox","Pear","Runic Pyramid","War Paint","Du-Vu Doll","Mummified Hand","Ancient Tea Set","DollysMirror","Bag of Marbles"],"potions_floor_usage":[27,33,33],"damage_taken":[{"damage":10,"enemies":"2 Louse","floor":1,"turns":2},{"damage":1,"enemies":"Jaw Worm","floor":3,"turns":3},{"damage":0,"enemies":"Cultist","floor":4,"turns":4},{"damage":0,"enemies":"Blue Slaver","floor":5,"turns":4},{"damage":20,"enemies":"Gremlin Nob","floor":6,"turns":5},{"damage":0,"enemies":"Exordium Thugs","floor":8,"turns":5},{"damage":2,"enemies":"Lagavulin","floor":10,"turns":9},{"damage":2,"enemies":"Gremlin Nob","floor":14,"turns":3},{"damage":12,"enemies":"Hexaghost","floor":16,"turns":7},{"damage":12,"enemies":"3 Byrds","floor":18,"turns":3},{"damage":12,"enemies":"Chosen","floor":19,"turns":5},{"damage":7,"enemies":"Snake Plant","floor":21,"turns":5},{"damage":20,"enemies":"Gremlin Leader","floor":24,"turns":4},{"damage":19,"enemies":"Shelled Parasite and Fungi","floor":27,"turns":5},{"damage":0,"enemies":"Centurion and Healer","floor":29,"turns":5},{"damage":5,"enemies":"3 Cultists","floor":30,"turns":3},{"damage":14,"enemies":"Automaton","floor":33,"turns":8},{"damage":3,"enemies":"Orb Walker","floor":35,"turns":3},{"damage":21,"enemies":"3 Darklings","floor":37,"turns":3},{"damage":30,"enemies":"2 Orb Walkers","floor":38,"turns":4},{"damage":9,"enemies":"Giant Head","floor":40,"turns":7},{"damage":0,"enemies":"Nemesis","floor":44,"turns":11},{"damage":1,"enemies":"Sphere and 2 Shapes","floor":47,"turns":3},{"damage":19,"enemies":"Transient","floor":48,"turns":6},{"damage":81,"enemies":"Awakened One","floor":50,"turns":22},{"damage":24,"enemies":"Donu and Deca","floor":51,"turns":3}],"green_key_taken_log":14,"seed_played":"-6690479236072340759","neow_bonus_log":{"cardsObtained":[],"cardsUpgraded":[],"cardsRemoved":[],"cardsTransformed":[],"relicsObtained":[],"maxHpGained":0,"goldGained":100,"damageTaken":0,"goldLost":0,"maxHpLost":0},"potions_obtained":[{"floor":3,"key":"Ancient Potion"},{"floor":6,"key":"Swift Potion"},{"floor":18,"key":"DistilledChaos"},{"floor":29,"key":"GamblersBrew"},{"floor":35,"key":"FocusPotion"},{"floor":38,"key":"FairyPotion"}],"is_trial":false,"path_per_floor":["M","$","M","M","M","E","R","M","T","E","$","?","?","E","R","B",null,"M","M","?","M","$","R","E","R","T","M","R","M","M","?","R","B",null,"M","T","M","?","?","E","?","R","T","E","$","T","M","M","R","B","B"],"character_chosen":"DEFECT","basemod:card_modifiers":[null,null,null,null,null,null,null,null,null,null,null,null,null,null,null,null,null,null,null,null,null,null,null,null,null,null],"items_purchased":["ClockworkSouvenir","Toolbox","DollysMirror","Capacitor"],"campfire_rested":2,"item_purchase_floors":[2,22,45,45],"current_hp_per_floor":[54,54,53,53,53,33,33,33,33,31,31,20,43,41,41,29,61,49,37,71,64,64,64,54,54,54,35,35,35,30,30,54,40,71,68,68,47,17,17,8,8,32,32,32,32,32,31,12,12,24,0],"gold":187,"neow_bonus":"HUNDRED_GOLD","is_prod":false,"is_daily":false,"rewards_skipped":[{"floor":14,"relics":[],"potions":["Weak Potion"]},{"floor":21,"relics":[],"potions":["SpeedPotion"]},{"floor":30,"relics":[],"potions":["SkillPotion"]},{"floor":40,"relics":[],"potions":["Block Potion"]},{"floor":44,"relics":["Bottled Flame"],"potions":[]},{"floor":47,"relics":[],"potions":["LiquidMemories"]}],"chose_seed":false,"campfire_upgraded":5,"win_rate":0,"floor_exit_playtime":[48,59,92,127,164,227,235,290,292,405,433,437,441,485,490,565,603,681,768,776,856,910,917,991,1009,1016,1114,1127,1182,1243,1248,1254,1955,1974,2045,2047,2112,2219,2224,2432,2434,2441,2443,2692,2851,2853,2921,3059,3062,3676],"timestamp":1700747768,"blue_key_relic_skipped_log":{"floor":26,"relicID":"Unceasing Top"},"path_taken":["M","$","M","M","M","E","R","M","T","E","$","?","?","E","R","BOSS","M","M","?","M","$","R","E","R","T","M","R","?","M","?","R","BOSS","M","?","M","?","?","E","?","R","T","E","$","?","M","?","R","BOSS","BOSS"],"build_version":"2022-12-18","purchased_purges":2,"victory":false,"max_hp_per_floor":[71,71,71,71,71,71,71,71,71,71,71,71,71,71,71,71,71,71,71,71,71,71,71,81,81,81,81,81,81,81,81,81,81,81,81,81,81,81,81,81,81,81,81,81,81,81,81,81,81,81,81],"relic_stats":{"Lizard Tail":40,"counters":[26,142],"Mummified Hand":[39],"Tiny Chest":2,"Pandora\u0027s Box":["Recycle","White Noise","BootSequence","Chaos","Echo Form","Lockon","Redo"],"Orichalcum":[132],"War Paint":["Reinforced Body","Dualcast"],"Ancient Tea Set":[2],"obtain_stats":[{"Pear":24,"Orichalcum":12,"War Paint":36,"Ancient Tea Set":43,"Akabeko":6,"ClockworkSouvenir":2,"Mercury Hourglass":9,"Du-Vu Doll":38,"Lizard Tail":10,"Mummified Hand":40,"DollysMirror":45,"Toolbox":22,"Tiny Chest":14,"Pandora\u0027s Box":17,"Bag of Marbles":46,"Cracked Core":0,"Runic Pyramid":34},{"Pear":13,"Orichalcum":7,"War Paint":18,"Ancient Tea Set":21,"Akabeko":5,"ClockworkSouvenir":1,"Mercury Hourglass":6,"Du-Vu Doll":20,"Lizard Tail":7,"Mummified Hand":21,"DollysMirror":22,"Toolbox":12,"Tiny Chest":8,"Pandora\u0027s Box":9,"Bag of Marbles":22,"Cracked Core":0,"Runic Pyramid":17},{"Pear":59,"Orichalcum":32,"War Paint":83,"Ancient Tea Set":97,"Akabeko":18,"ClockworkSouvenir":2,"Mercury Hourglass":23,"Du-Vu Doll":90,"Lizard Tail":32,"Mummified Hand":97,"DollysMirror":108,"Toolbox":55,"Tiny Chest":35,"Pandora\u0027s Box":42,"Bag of Marbles":108,"Cracked Core":0,"Runic Pyramid":80}],"Mercury Hourglass":[411]},"card_choices":[{"not_picked":["Barrage","Beam Cell"],"picked":"Glacier","floor":1},{"not_picked":["Leap","Steam Power"],"picked":"Rebound","floor":3},{"not_picked":["Hologram","Turbo"],"picked":"Sweeping Beam","floor":4},{"not_picked":["Thunder Strike","Chaos"],"picked":"Beam Cell","floor":5},{"not_picked":["Rebound","Redo","Steam"],"picked":"SKIP","floor":6},{"not_picked":["BootSequence","Recycle"],"picked":"Hologram","floor":8},{"not_picked":["Streamline","Go for the Eyes"],"picked":"Lockon","floor":10},{"not_picked":["Conserve Battery","Redo"],"picked":"Static Discharge","floor":14},{"not_picked":["Meteor Strike","Multi-Cast"],"picked":"Echo Form","floor":16},{"not_picked":["Go for the Eyes","Compile Driver"],"picked":"Leap","floor":18},{"not_picked":["Steam Power+1","Streamline"],"picked":"Turbo","floor":19},{"not_picked":["Gash","Beam Cell"],"picked":"Sunder","floor":21},{"not_picked":["Consume","Tempest"],"picked":"Reinforced Body","floor":24},{"not_picked":["Auto Shields","Redo","Stack"],"picked":"SKIP","floor":27},{"not_picked":["Streamline","Beam Cell","Chaos"],"picked":"SKIP","floor":29},{"not_picked":["Tempest","Reinforced Body"],"picked":"Cold Snap","floor":30},{"not_picked":["Buffer","Hyperbeam"],"picked":"Electrodynamics","floor":33},{"not_picked":["Double Energy","Leap"],"picked":"White Noise+1","floor":35},{"not_picked":["Go for the Eyes+1","Rip and Tear+1"],"picked":"Aggregate+1","floor":37},{"not_picked":["Melter","Gash+1","Compile Driver"],"picked":"SKIP","floor":38},{"not_picked":["Doom and Gloom","Consume","Conserve Battery+1"],"picked":"SKIP","floor":40},{"not_picked":["Rip and Tear","Electrodynamics","Recycle"],"picked":"SKIP","floor":44},{"not_picked":["Turbo","Heatsinks","Rip and Tear"],"picked":"SKIP","floor":47},{"not_picked":["Leap+1","Force Field","Coolheaded"],"picked":"SKIP","floor":48}],"player_experience":2340008,"relics_obtained":[{"floor":6,"key":"Akabeko"},{"floor":9,"key":"Mercury Hourglass"},{"floor":10,"key":"Lizard Tail"},{"floor":14,"key":"Tiny Chest"},{"floor":24,"key":"Pear"},{"floor":36,"key":"War Paint"},{"floor":38,"key":"Du-Vu Doll"},{"floor":40,"key":"Mummified Hand"},{"floor":43,"key":"Ancient Tea Set"},{"floor":46,"key":"Bag of Marbles"}],"event_choices":[{"damage_healed":0,"gold_gain":0,"player_choice":"Success","damage_taken":11,"relics_obtained":["Orichalcum"],"max_hp_gain":0,"max_hp_loss":0,"event_name":"Scrap Ooze","floor":12,"gold_loss":0},{"damage_healed":23,"gold_gain":0,"player_choice":"Banana","damage_taken":0,"max_hp_gain":0,"max_hp_loss":0,"event_name":"Big Fish","floor":13,"gold_loss":0},{"cards_removed":["Lockon"],"damage_healed":34,"gold_gain":0,"player_choice":"Offered Uncommon","damage_taken":0,"max_hp_gain":0,"max_hp_loss":0,"event_name":"Bonfire Elementals","floor":20,"gold_loss":0},{"damage_healed":0,"gold_gain":0,"player_choice":"Ignored","damage_taken":0,"max_hp_gain":0,"max_hp_loss":0,"event_name":"N\u0027loth","floor":31,"gold_loss":0},{"damage_healed":0,"gold_gain":0,"player_choice":"Fight","damage_taken":0,"max_hp_gain":0,"max_hp_loss":0,"event_name":"Mysterious Sphere","floor":38,"gold_loss":0},{"damage_healed":0,"gold_gain":0,"player_choice":"Ignored","damage_taken":0,"max_hp_gain":0,"max_hp_loss":0,"event_name":"The Moai Head","floor":39,"gold_loss":0},{"damage_healed":0,"gold_gain":0,"player_choice":"Ignored","damage_taken":0,"max_hp_gain":0,"max_hp_loss":0,"event_name":"Tomb of Lord Red Mask","floor":41,"gold_loss":0}],"is_beta":false,"boss_relics":[{"not_picked":["Nuclear Battery","Fusion Hammer"],"picked":"Pandora\u0027s Box"},{"not_picked":["Runic Dome","SlaversCollar"],"picked":"Runic Pyramid"}],"items_purged_floors":[11,22],"is_endless":false,"potions_floor_spawned":[3,6,14,18,21,29,30,35,38,40,47],"killed_by":"Donu and Deca","ascension_level":20,"potion_discard_per_floor":[[],[],[],[],[],[],[],[],[],[],[],[],[],[],[],[],[],["Ancient Potion"],[],[],[],[],[],[],[],[],[],[],[],[],[],[],[],[],[],[],[],[],[],[],[],[],[],[],[],[],[],[],[],[],[]]}