{"neow_bonuses_skipped_log":["ONE_RANDOM_RARE_CARD","TEN_PERCENT_HP_BONUS","BOSS_RELIC"],"neow_costs_skipped_log":["NONE","NONE","NONE"],"potions_obtained_entropic_brew":[[],[],[],[],[],[],[],[],[],[],[],[],[],[],[],[],[],[],[],[],[],[],[],[],[],[],["Strength Potion","SteroidPotion"],[],[],[],[],[],[],[],[],[],[],[],[],[],[],[],[],[],[],[],[],[],[],[],[],[],[],[],[],[],[]],"gold_per_floor":[14,32,48,65,65,97,109,138,163,180,180,180,194,209,209,302,302,326,344,112,112,112,112,142,142,142,173,32,52,78,96,96,170,170,184,203,78,160,174,174,202,202,256,266,296,341,359,108,108,108,108,108,108,22,53,53],"floor_reached":57,"playtime":4752,"items_purged":["Strike_B","Strike_B","Strike_B"],"score":2743,"play_id":"ef8f99f4-c62d-4f53-93e6-31321ad846a0","local_time":"20231122132545","score_breakdown":["Floors Climbed (57): 285","Enemies Slain (17): 34","Exordium Elites Killed (2): 20","City Elites Killed (3): 60","Beyond Elites Killed (2): 60","Bosses Slain (5): 750","Librarian: 25","Overkill: 25","Ascension (20): 1234","Heartbreaker: 250"],"is_ascension_mode":true,"potions_obtained_alchemize":[[],[],[],[],[],[],[],[],[],[],[],[],[],[],[],[],[],[],[],[],[],[],[],[],[],[],[],[],[],[],[],[],[],[],[],[],[],[],[],[],[],[],[],[],[],[],[],[],[],[],[],[],[],[],[],[],[]],"campfire_choices":[{"data":"Defragment","floor":11,"key":"SMITH"},{"data":"Chaos","floor":15,"key":"SMITH"},{"data":"White Noise","floor":23,"key":"SMITH"},{"data":"Reboot","floor":25,"key":"SMITH"},{"data":"Aggregate","floor":32,"key":"SMITH"},{"data":"Hologram","floor":40,"key":"SMITH"},{"data":"Coolheaded","floor":42,"key":"SMITH"},{"floor":49,"key":"RECALL"},{"floor":53,"key":"REST"}],"lesson_learned_per_floor":[[],[],[],[],[],[],[],[],[],[],[],[],[],[],[],[],[],[],[],[],[],[],[],[],[],[],[],[],[],[],[],[],[],[],[],[],[],[],[],[],[],[],[],[],[],[],[],[],[],[],[],[],[],[],[],[],[]],"neow_cost":"NO_GOLD","improvable_cards":{"Genetic Algorithm":[49]},"seed_source_timestamp":5741497531646200,"shop_contents":[{"floor":20,"relics":["Strawberry","Cables"],"cards":["Go for the Eyes","Ball Lightning","Stack","Darkness","Static Discharge","Deep Breath","Secret Weapon"],"potions":["Ancient Potion","SpeedPotion","SkillPotion"]},{"floor":28,"relics":["Unceasing Top","Darkstone Periapt","Toolbox"],"cards":["Rebound","Scrape","Redo","Loop","Swift Strike","Master of Strategy"],"potions":["GamblersBrew","Weak Potion","Fire Potion"]},{"floor":37,"relics":["Pantograph","Shovel","Frozen Eye"],"cards":["Doom and Gloom","Gash","Hologram","Tempest","Self Repair","Dramatic Entrance","Sadistic Nature"],"potions":["EssenceOfSteel","Dexterity Potion","Block Potion"]},{"floor":48,"relics":["Ornamental Fan","Nunchaku"],"cards":["Hyperbeam","Gash","Redo","Auto Shields","Madness","Sadistic Nature"],"potions":["SteroidPotion","GamblersBrew","SteroidPotion"]},{"floor":54,"relics":["Gambling Chip","Vajra","DollysMirror"],"cards":["Gash","Ball Lightning","Stack","Static Discharge","Deep Breath","Violence"],"potions":["Explosive Potion","LiquidBronze","LiquidMemories"]}],"circlet_count":0,"master_deck":["AscendersBane","Strike_B+1","Defend_B","Defend_B","Defend_B","Defend_B","Zap","Dualcast","Thinking Ahead","Ball Lightning","Glacier","Glacier","Self Repair","Ball Lightning","Defragment+1","Chaos+1","Echo Form","Compile Driver","Loop","Go for the Eyes+1","White Noise+1","Core Surge+1","Reboot+1","Hologram+1","Genetic Algorithm","Double Energy","Stack+1","Coolheaded+1","Aggregate+1","Echo Form","Capacitor","Hologram","Force Field+1","Turbo","Capacitor","Recycle"],"potion_use_per_floor":[[],[],[],[],[],["EssenceOfSteel"],[],[],[],[],[],[],[],[],[],[],[],[],[],[],[],[],[],["Swift Potion"],[],[],["EntropicBrew","SteroidPotion"],[],[],[],[],[],[],[],[],[],[],[],[],[],[],[],[],[],["SkillPotion"],[],[],[],[],[],["Fire Potion","PotionOfCapacity"],[],[],[],[],["Ancient Potion"],[]],"relics":["Cracked Core","Lizard Tail","Bird Faced Urn","Orichalcum","Bloody Idol","Runic Dome","Orrery","Toy Ornithopter","Bottled Lightning","Potion Belt","Whetstone","Runic Pyramid","Question Card","Kunai","Pear","Peace Pipe","OrangePellets","Pen Nib"],"potions_floor_usage":[6,24,27,27,45,51,51,56],"damage_taken":[{"damage":0,"enemies":"Cultist","floor":1,"turns":3},{"damage":5,"enemies":"2 Louse","floor":2,"turns":2},{"damage":0,"enemies":"Jaw Worm","floor":3,"turns":5},{"damage":27,"enemies":"Large Slime","floor":4,"turns":7},{"damage":12,"enemies":"3 Sentries","floor":6,"turns":12},{"damage":0,"enemies":"Looter","floor":7,"turns":3},{"damage":8,"enemies":"Lagavulin","floor":8,"turns":10},{"damage":5,"enemies":"Red Slaver","floor":10,"turns":4},{"damage":7,"enemies":"Lots of Slimes","floor":13,"turns":6},{"damage":11,"enemies":"Exordium Thugs","floor":14,"turns":4},{"damage":53,"enemies":"Hexaghost","floor":16,"turns":12},{"damage":19,"enemies":"Shell Parasite","floor":18,"turns":5},{"damage":5,"enemies":"Spheric Guardian","floor":19,"turns":4},{"damage":29,"enemies":"Book of Stabbing","floor":24,"turns":7},{"damage":44,"enemies":"Gremlin Leader","floor":27,"turns":9},{"damage":0,"enemies":"Snecko","floor":29,"turns":6},{"damage":38,"enemies":"Slavers","floor":30,"turns":3},{"damage":19,"enemies":"Snake Plant","floor":31,"turns":8},{"damage":11,"enemies":"Champ","floor":33,"turns":18},{"damage":0,"enemies":"Orb Walker","floor":35,"turns":5},{"damage":9,"enemies":"3 Darklings","floor":36,"turns":5},{"damage":18,"enemies":"4 Shapes","floor":39,"turns":5},{"damage":4,"enemies":"Nemesis","floor":41,"turns":9},{"damage":19,"enemies":"Writhing Mass","floor":44,"turns":9},{"damage":3,"enemies":"Reptomancer","floor":45,"turns":6},{"damage":53,"enemies":"2 Orb Walkers","floor":46,"turns":7},{"damage":3,"enemies":"Sphere and 2 Shapes","floor":47,"turns":8},{"damage":53,"enemies":"Time Eater","floor":50,"turns":18},{"damage":97,"enemies":"Awakened One","floor":51,"turns":28},{"damage":38,"enemies":"Shield and Spear","floor":55,"turns":13},{"damage":75,"enemies":"The Heart","floor":56,"turns":11}],"green_key_taken_log":41,"seed_played":"-2697182656680896890","neow_bonus_log":{"cardsObtained":[],"cardsUpgraded":[],"cardsRemoved":[],"cardsTransformed":[],"relicsObtained":[],"maxHpGained":0,"goldGained":0,"damageTaken":0,"goldLost":99,"maxHpLost":0},"potions_obtained":[{"floor":1,"key":"EssenceOfSteel"},{"floor":4,"key":"EntropicBrew"},{"floor":6,"key":"Swift Potion"},{"floor":27,"key":"DuplicationPotion"},{"floor":31,"key":"Dexterity Potion"},{"floor":33,"key":"Fire Potion"},{"floor":41,"key":"Ancient Potion"},{"floor":44,"key":"SkillPotion"},{"floor":46,"key":"PotionOfCapacity"},{"floor":55,"key":"EssenceOfDarkness"}],"is_trial":false,"path_per_floor":["M","M","M","M","?","E","M","E","T","M","R","?","M","M","R","B",null,"M","M","$","?","?","R","E","R","T","E","$","M","E","M","R","B",null,"M","M","$","T","M","R","E","R","T","M","E","?","M","$","R","B","B",null,"R","$","E","B",null],"character_chosen":"DEFECT","basemod:card_modifiers":[null,null,null,null,null,null,null,null,null,null,null,null,null,null,null,null,null,null,null,null,null,null,null,null,null,null,null,null,null,null,null,null,null,null,null,null],"items_purchased":["Orrery","Double Energy","OrangePellets","Capacitor","Recycle"],"campfire_rested":1,"item_purchase_floors":[20,28,48,48,54],"current_hp_per_floor":[64,59,59,32,55,50,57,56,56,60,60,60,64,64,64,20,53,47,48,48,48,44,44,41,41,41,40,40,64,39,51,51,64,64,64,64,64,64,64,64,64,64,64,64,74,54,74,74,74,61,49,68,74,74,74,58],"gold":53,"neow_bonus":"RANDOM_COLORLESS_2","is_prod":false,"is_daily":false,"rewards_skipped":[{"floor":8,"relics":[],"potions":["Dexterity Potion"]},{"floor":14,"relics":[],"potions":["Regen Potion"]},{"floor":16,"relics":[],"potions":["Ancient Potion"]},{"floor":18,"relics":[],"potions":["Weak Potion"]},{"floor":35,"relics":[],"potions":["Fire Potion"]},{"floor":47,"relics":[],"potions":["SteroidPotion"]}],"chose_seed":false,"campfire_upgraded":7,"win_rate":0,"floor_exit_playtime":[74,97,149,228,232,350,397,479,482,516,523,528,602,657,661,777,797,868,919,969,973,978,993,1130,1140,1145,1304,1314,1411,1488,1635,1640,1959,1976,2059,2175,2184,2189,2287,2300,2469,2485,2487,2671,2789,2923,3078,3115,3119,3522,4124,4150,4159,4177,4449,4752],"timestamp":1700677545,"blue_key_relic_skipped_log":{"floor":43,"relicID":"Bag of Marbles"},"path_taken":["M","M","?","M","?","E","M","E","T","M","R","?","M","M","R","BOSS","M","M","$","?","?","R","E","R","T","E","$","?","E","M","R","BOSS","M","M","?","?","M","R","E","R","T","?","E","?","M","$","R","BOSS","BOSS","R","$","E","BOSS"],"build_version":"2022-12-18","purchased_purges":3,"victory":true,"max_hp_per_floor":[71,71,71,71,71,71,71,71,71,71,71,64,64,64,64,64,64,64,64,64,64,64,64,64,64,64,64,64,64,64,64,64,64,64,64,64,64,64,64,64,64,64,64,64,74,74,74,74,74,74,74,74,74,74,74,74],"relic_stats":{"counters":[31,251],"Pen Nib":[1],"Whetstone":["Strike_B","Core Surge"],"Orichalcum":[156],"Question Card":7,"Peace Pipe":0,"OrangePellets":[6],"Lizard Tail":37,"Bird Faced Urn":[284],"Bloody Idol":30,"Bottled Lightning":"Reboot","Kunai":[23],"obtain_stats":[{"Potion Belt":27,"Pear":45,"Golden Idol":12,"Pen Nib":55,"Whetstone":30,"Orichalcum":9,"Question Card":38,"Peace Pipe":46,"Runic Dome":17,"OrangePellets":48,"Lizard Tail":6,"Bird Faced Urn":8,"Bloody Idol":21,"Orrery":20,"Bottled Lightning":26,"Kunai":41,"Cracked Core":0,"Toy Ornithopter":24,"Runic Pyramid":34},{"Potion Belt":15,"Pear":25,"Golden Idol":8,"Pen Nib":30,"Whetstone":17,"Orichalcum":7,"Question Card":21,"Peace Pipe":26,"Runic Dome":11,"OrangePellets":27,"Lizard Tail":5,"Bird Faced Urn":7,"Bloody Idol":13,"Orrery":13,"Bottled Lightning":14,"Kunai":23,"Cracked Core":0,"Toy Ornithopter":14,"Runic Pyramid":19},{"Potion Belt":93,"Pear":167,"Golden Idol":46,"Pen Nib":240,"Whetstone":102,"Orichalcum":42,"Question Card":138,"Peace Pipe":174,"Runic Dome":68,"OrangePellets":181,"Lizard Tail":29,"Bird Faced Urn":42,"Bloody Idol":77,"Orrery":77,"Bottled Lightning":84,"Kunai":152,"Cracked Core":0,"Toy Ornithopter":84,"Runic Pyramid":128}],"Toy Ornithopter":27},"card_choices":[{"not_picked":["Transmutation","Secret Weapon"],"picked":"Thinking Ahead","floor":0},{"not_picked":["Compile Driver","Conserve Battery"],"picked":"Ball Lightning","floor":1},{"not_picked":["Loop","Fusion"],"picked":"Glacier","floor":2},{"not_picked":["Gash","Lockon"],"picked":"Glacier","floor":3},{"not_picked":["Tempest","Lockon"],"picked":"Self Repair","floor":4},{"not_picked":["Go for the Eyes","Amplify"],"picked":"Ball Lightning","floor":6},{"not_picked":["Streamline","Auto Shields","Ball Lightning"],"picked":"SKIP","floor":7},{"not_picked":["Gash","Rip and Tear","Streamline"],"picked":"SKIP","floor":8},{"not_picked":["Rip and Tear","Fusion"],"picked":"Defragment","floor":10},{"not_picked":["Rip and Tear","Auto Shields","Reprogram"],"picked":"SKIP","floor":13},{"not_picked":["Storm","Go for the Eyes"],"picked":"Chaos","floor":14},{"not_picked":["Thunder Strike","Seek"],"picked":"Echo Form","floor":16},{"not_picked":["Hologram","Reprogram"],"picked":"Compile Driver","floor":18},{"not_picked":["Streamline","Static Discharge"],"picked":"Loop","floor":19},{"not_picked":["Force Field","Storm"],"picked":"Go for the Eyes+1","floor":20},{"not_picked":["Auto Shields","Hyperbeam"],"picked":"White Noise","floor":20},{"not_picked":["Ball Lightning","Streamline"],"picked":"Core Surge","floor":20},{"not_picked":["Streamline","Machine Learning"],"picked":"Reboot","floor":20},{"not_picked":["Doom and Gloom","Go for the Eyes"],"picked":"Hologram","floor":20},{"not_picked":["Sunder","Barrage"],"picked":"Genetic Algorithm","floor":24},{"not_picked":["Chaos","Hologram","Storm+1"],"picked":"SKIP","floor":27},{"not_picked":["Sweeping Beam","Cold Snap"],"picked":"Stack+1","floor":29},{"not_picked":["Chaos","Hyperbeam"],"picked":"Coolheaded","floor":30},{"not_picked":["Skim","Gash"],"picked":"Aggregate","floor":31},{"not_picked":["Rainbow","Hyperbeam"],"picked":"Echo Form","floor":33},{"not_picked":["Loop","BootSequence+1"],"picked":"Capacitor","floor":35},{"not_picked":["Storm","Beam Cell","Gash"],"picked":"SKIP","floor":36},{"not_picked":["Scrape+1","Chill","Force Field"],"picked":"Hologram","floor":39},{"not_picked":["Fusion","Aggregate","Go for the Eyes","Undo"],"picked":"SKIP","floor":41},{"not_picked":["Gash+1","Auto Shields","Rebound","Beam Cell"],"picked":"SKIP","floor":44},{"not_picked":["Leap","Go for the Eyes","Hyperbeam"],"picked":"Force Field+1","floor":45},{"not_picked":["Darkness","Storm","Doom and Gloom"],"picked":"Turbo","floor":46},{"not_picked":["Go for the Eyes","Lockon+1","Compile Driver","Cold Snap"],"picked":"SKIP","floor":47},{"not_picked":["Static Discharge","Leap","Storm+1","Cold Snap+1"],"picked":"SKIP","floor":55}],"player_experience":2318461,"relics_obtained":[{"floor":6,"key":"Lizard Tail"},{"floor":8,"key":"Bird Faced Urn"},{"floor":9,"key":"Orichalcum"},{"floor":24,"key":"Toy Ornithopter"},{"floor":26,"key":"Bottled Lightning"},{"floor":27,"key":"Potion Belt"},{"floor":30,"key":"Whetstone"},{"floor":38,"key":"Question Card"},{"floor":41,"key":"Kunai"},{"floor":45,"key":"Pear"},{"floor":46,"key":"Peace Pipe"},{"floor":55,"key":"Pen Nib"}],"event_choices":[{"damage_healed":23,"gold_gain":0,"player_choice":"Banana","damage_taken":0,"max_hp_gain":0,"max_hp_loss":0,"event_name":"Big Fish","floor":5,"gold_loss":0},{"damage_healed":0,"gold_gain":0,"player_choice":"Lose Max HP","damage_taken":0,"relics_obtained":["Golden Idol"],"max_hp_gain":0,"max_hp_loss":7,"event_name":"Golden Idol","floor":12,"gold_loss":0},{"damage_healed":0,"gold_gain":0,"player_choice":"Gave Idol","damage_taken":0,"relics_obtained":["Bloody Idol"],"max_hp_gain":0,"max_hp_loss":0,"event_name":"Forgotten Altar","floor":21,"relics_lost":["Golden Idol"],"gold_loss":0},{"damage_healed":0,"gold_gain":0,"player_choice":"Bought 0 Potions","damage_taken":0,"max_hp_gain":0,"max_hp_loss":0,"event_name":"The Woman in Blue","floor":22,"gold_loss":0},{"damage_healed":0,"gold_gain":0,"player_choice":"Fight","damage_taken":0,"max_hp_gain":0,"max_hp_loss":0,"event_name":"Mysterious Sphere","floor":46,"gold_loss":0}],"is_beta":false,"boss_relics":[{"not_picked":["Inserter","Cursed Key"],"picked":"Runic Dome"},{"not_picked":["SacredBark","Velvet Choker"],"picked":"Runic Pyramid"}],"items_purged_floors":[20,28,37],"is_endless":false,"potions_floor_spawned":[1,4,6,8,14,16,18,27,31,33,35,41,44,46,47,55],"ascension_level":20,"potion_discard_per_floor":[[],[],[],[],[],[],[],[],[],[],[],[],[],[],[],[],[],[],[],[],[],[],[],[],[],[],[],[],[],[],[],[],[],[],[],[],[],[],[],[],["Dexterity Potion"],[],[],["Strength Potion"],[],[],[],[],[],[],[],[],[],[],[],[],[]]}