{"neow_bonuses_skipped_log":["REMOVE_CARD","THREE_SMALL_POTIONS","BOSS_RELIC"],"potions_obtained_entropic_brew":[[],[],[],[],[],[],[],[],[],[],[],[],[],[],[],[],[],[],[],[],[],[],[],[],[],[],[],[],[],[],[],[],[],[],[],[],[],[],[],[],[],[],[],[],[],[],[],[],[],[],[],[],[],[],[],[]],"neow_costs_skipped_log":["NONE","NONE","NONE"],"gold_per_floor":[109,34,44,44,44,78,94,94,143,155,188,201,219,230,230,304,304,314,314,332,46,63,90,102,134,134,152,51,77,77,104,104,178,178,193,68,85,85,102,136,136,154,178,178,203,203,234,254,254,254,254,254,254,66,93,93],"floor_reached":56,"playtime":4902,"items_purged":["Writhe","Strike_B","Strike_B"],"score":2083,"play_id":"2ce20602-c057-4598-9920-451ae2df17e5","local_time":"20231123075050","score_breakdown":["Floors Climbed (56): 280","Enemies Slain (17): 34","Exordium Elites Killed (2): 20","City Elites Killed (4): 80","Beyond Elites Killed (3): 90","Bosses Slain (4): 500","Librarian: 25","Champion (1): 25","Ascension (20): 1029"],"is_ascension_mode":true,"potions_obtained_alchemize":[[],[],[],[],[],[],[],[],[],[],[],[],[],[],[],[],[],[],[],[],[],[],[],[],[],[],[],[],[],[],[],[],[],[],[],[],[],[],[],[],[],[],[],[],[],[],[],[],[],[],[],[],[],[],[],[]],"campfire_choices":[{"data":"Apotheosis","floor":8.0,"key":"SMITH"},{"floor":15.0,"key":"REST"},{"floor":30.0,"key":"REST"},{"floor":32.0,"key":"REST"},{"floor":41.0,"key":"REST"},{"floor":44.0,"key":"REST"},{"floor":46.0,"key":"REST"},{"floor":49.0,"key":"RECALL"},{"floor":53.0,"key":"REST"}],"lesson_learned_per_floor":[[],[],[],[],[],[],[],[],[],[],[],[],[],[],[],[],[],[],[],[],[],[],[],[],[],[],[],[],[],[],[],[],[],[],[],[],[],[],[],[],[],[],[],[],[],[],[],[],[],[],[],[],[],[],[],[]],"neow_cost":"CURSE","improvable_cards":{},"seed_source_timestamp":5807575570603300,"shop_contents":[{"floor":2,"relics":["Mummified Hand","Mercury Hourglass","Frozen Eye"],"cards":["Beam Cell","Doom and Gloom","Conserve Battery","Turbo","Storm","Swift Strike","Secret Weapon"],"potions":["Ancient Potion","Regen Potion","PotionOfCapacity"]},{"floor":5,"relics":["Ice Cream","Gambling Chip","Orrery"],"cards":["Beam Cell","Rebound","Redo","Turbo","Static Discharge","Forethought","Secret Technique"],"potions":["Fire Potion","PotionOfCapacity","PotionOfCapacity"]},{"floor":21,"relics":["Molten Egg 2","CeramicFish"],"cards":["Compile Driver","Steam","Conserve Battery","Static Discharge","Forethought","Transmutation"],"potions":["DuplicationPotion","ColorlessPotion","Regen Potion"]},{"floor":28,"relics":["Lizard Tail","Question Card","Medical Kit"],"cards":["Rebound","Gash","BootSequence","Chaos","Creative AI","Metamorphosis"],"potions":["SmokeBomb","Explosive Potion","Dexterity Potion"]},{"floor":36,"relics":["Darkstone Periapt","Blood Vial","DollysMirror"],"cards":["Barrage","Beam Cell","White Noise","Conserve Battery","Storm","Dramatic Entrance","Metamorphosis"],"potions":["Fire Potion","Regen Potion","Fire Potion"]},{"floor":54,"relics":["Letter Opener","Bottled Tornado","Lee\u0027s Waffle"],"cards":["Rip and Tear","Melter","Reprogram","Loop","Finesse","Secret Weapon"],"potions":["LiquidBronze"]}],"circlet_count":0,"master_deck":["AscendersBane","Strike_B","Strike_B","Defend_B","Defend_B","Defend_B","Defend_B","Zap","Dualcast","Apotheosis+1","Ball Lightning","Sweeping Beam","Streamline","Go for the Eyes","Hologram","Rebound","Seek","Conserve Battery","Cold Snap","Beam Cell","Glacier","Skim+1","Discovery","Darkness","Darkness","Compile Driver","Fission","Capacitor","Glacier","Capacitor+1","Coolheaded","Chaos","Consume","Self Repair","Double Energy+1","Defragment","Coolheaded","Capacitor"],"special_seed":0,"potion_use_per_floor":[[],[],[],[],[],["Regen Potion"],[],[],[],[],["AttackPotion"],[],[],[],[],["LiquidBronze","AttackPotion"],[],["LiquidBronze"],[],[],[],[],["Fire Potion","SpeedPotion"],[],["Swift Potion"],[],[],[],["PowerPotion","Energy Potion"],[],[],[],["AttackPotion"],[],[],[],[],[],[],["Fruit Juice"],[],[],[],[],["BlessingOfTheForge"],[],[],["FairyPotion"],[],[],[],[],[],[],["Swift Potion"],["Ancient Potion","Dexterity Potion","DuplicationPotion"]],"relics":["Cracked Core","Dream Catcher","Potion Belt","Shuriken","Fusion Hammer","Nunchaku","Cauldron","Cables","Pantograph","Ornamental Fan","Bronze Scales","SacredBark","Anchor","Unceasing Top","Juzu Bracelet","Boot"],"potions_floor_usage":[56,56,56],"damage_taken":[{"damage":0.0,"enemies":"Cultist","floor":1.0,"turns":3.0},{"damage":8.0,"enemies":"Small Slimes","floor":3.0,"turns":3.0},{"damage":8.0,"enemies":"Lagavulin","floor":6.0,"turns":5.0},{"damage":2.0,"enemies":"Jaw Worm","floor":7.0,"turns":3.0},{"damage":4.0,"enemies":"Red Slaver","floor":10.0,"turns":3.0},{"damage":21.0,"enemies":"3 Sentries","floor":11.0,"turns":4.0},{"damage":0.0,"enemies":"2 Fungi Beasts","floor":12.0,"turns":2.0},{"damage":6.0,"enemies":"3 Louse","floor":13.0,"turns":3.0},{"damage":18.0,"enemies":"Large Slime","floor":14.0,"turns":5.0},{"damage":23.0,"enemies":"Hexaghost","floor":16.0,"turns":8.0},{"damage":0.0,"enemies":"3 Byrds","floor":18.0,"turns":3.0},{"damage":3.0,"enemies":"Spheric Guardian","floor":20.0,"turns":3.0},{"damage":10.0,"enemies":"Snake Plant","floor":22.0,"turns":4.0},{"damage":4.0,"enemies":"Gremlin Leader","floor":23.0,"turns":6.0},{"damage":9.0,"enemies":"Centurion and Healer","floor":24.0,"turns":10.0},{"damage":17.0,"enemies":"Book of Stabbing","floor":25.0,"turns":5.0},{"damage":6.0,"enemies":"Cultist and Chosen","floor":27.0,"turns":6.0},{"damage":0.0,"enemies":"Slavers","floor":29.0,"turns":3.0},{"damage":24.0,"enemies":"Gremlin Leader","floor":31.0,"turns":5.0},{"damage":36.0,"enemies":"Champ","floor":33.0,"turns":9.0},{"damage":0.0,"enemies":"3 Shapes","floor":35.0,"turns":4.0},{"damage":1.0,"enemies":"Orb Walker","floor":37.0,"turns":4.0},{"damage":16.0,"enemies":"Spire Growth","floor":39.0,"turns":5.0},{"damage":35.0,"enemies":"Nemesis","floor":40.0,"turns":9.0},{"damage":0.0,"enemies":"Sphere and 2 Shapes","floor":42.0,"turns":7.0},{"damage":49.0,"enemies":"Reptomancer","floor":45.0,"turns":11.0},{"damage":4.0,"enemies":"Giant Head","floor":47.0,"turns":8.0},{"damage":52.0,"enemies":"Writhing Mass","floor":48.0,"turns":8.0},{"damage":51.0,"enemies":"Awakened One","floor":50.0,"turns":22.0},{"damage":62.0,"enemies":"Donu and Deca","floor":51.0,"turns":13.0},{"damage":46.0,"enemies":"Shield and Spear","floor":55.0,"turns":7.0},{"damage":76,"enemies":"The Heart","floor":56,"turns":12}],"green_key_taken_log":11,"seed_played":"302314267567655098","neow_bonus_log":{"cardsObtained":["Writhe"],"cardsUpgraded":[],"cardsRemoved":[],"cardsTransformed":[],"relicsObtained":[],"maxHpGained":0,"goldGained":0,"damageTaken":0,"goldLost":0,"maxHpLost":0},"potions_obtained":[{"floor":3.0,"key":"Regen Potion"},{"floor":4.0,"key":"AttackPotion"},{"floor":10.0,"key":"LiquidBronze"},{"floor":11.0,"key":"AttackPotion"},{"floor":14.0,"key":"LiquidBronze"},{"floor":21.0,"key":"FairyPotion"},{"floor":21.0,"key":"Fire Potion"},{"floor":21.0,"key":"Swift Potion"},{"floor":21.0,"key":"SpeedPotion"},{"floor":23.0,"key":"Energy Potion"},{"floor":25.0,"key":"PowerPotion"},{"floor":29.0,"key":"Fruit Juice"},{"floor":31.0,"key":"AttackPotion"},{"floor":35.0,"key":"BlessingOfTheForge"},{"floor":40.0,"key":"Dexterity Potion"},{"floor":47.0,"key":"Ancient Potion"}],"is_trial":false,"path_per_floor":["M","$","M","?","$","E","M","R","T","M","E","M","M","M","R","B",null,"M","?","M","$","M","E","M","E","T","M","$","E","R","E","R","B",null,"M","$","M","?","M","E","R","M","T","R","E","R","E","M","R","B","B",null,"R","$","E","B"],"character_chosen":"DEFECT","basemod:card_modifiers":[null,null,null,null,null,null,null,null,null,null,null,null,null,null,null,null,null,null,null,null,null,null,null,null,null,null,null,null,null,null,null,null,null,null,null,null,null,null],"items_purchased":["Cold Snap","Cauldron","Discovery","Swift Potion","DuplicationPotion","Coolheaded"],"campfire_rested":7,"item_purchase_floors":[21,21,28,54,54,54],"current_hp_per_floor":[64,64,56,56,56,62,60,60,60,56,35,35,29,11,32,9,56,56,56,53,53,43,39,30,13,13,7,7,7,28,4,25,14,57,57,57,56,56,40,15,39,39,39,63,14,38,34,58,58,40,13,64,81,81,45,0],"gold":93,"neow_bonus":"RANDOM_COLORLESS_2","is_prod":false,"is_daily":false,"rewards_skipped":[{"floor":4,"relics":[],"potions":["SkillPotion"]},{"floor":21,"relics":[],"potions":["Energy Potion"]},{"floor":22,"relics":[],"potions":["Dexterity Potion"]},{"floor":23,"relics":["Bottled Flame"],"potions":[]}],"chose_seed":false,"campfire_upgraded":1,"win_rate":0,"floor_exit_playtime":[33,42,71,82,87,150,178,182,184,213,284,313,362,426,443,538,558,627,636,680,724,795,921,1059,1164,1167,1266,1279,1418,1425,1539,1547,1994,2024,2087,2108,2180,2185,2294,2494,2501,2704,2712,2723,2989,2995,3382,3562,3565,3992,4339,4350,4358,4374,4600],"timestamp":1700743850,"blue_key_relic_skipped_log":{"floor":43,"relicID":"DataDisk"},"path_taken":["M","$","M","?","?","E","M","R","T","M","E","M","M","?","R","BOSS","M","?","M","$","M","E","?","E","T","M","?","E","R","E","R","BOSS","M","$","M","?","M","E","R","M","T","R","E","R","E","M","R","BOSS","BOSS","R","$","E","BOSS"],"build_version":"2022-12-18","purchased_purges":3,"victory":false,"max_hp_per_floor":[71,71,71,71,71,71,71,71,71,71,71,71,71,71,71,71,71,71,71,71,71,71,71,71,71,71,71,71,71,71,71,71,71,71,71,71,71,71,71,81,81,81,81,81,81,81,81,81,81,81,81,81,81,81,81,81],"relic_stats":{"counters":[32,203],"Juzu Bracelet":0,"Boot":[2],"Cables":[125,26,66,31,2],"Cauldron":4,"Dream Catcher":7,"Nunchaku":[30],"Shuriken":[47],"Ornamental Fan":[108],"Pantograph":98,"Bronze Scales":[526],"obtain_stats":[{"Potion Belt":9,"SacredBark":34,"Juzu Bracelet":47,"Boot":55,"Cables":25,"Cauldron":21,"Dream Catcher":6,"Nunchaku":19,"Anchor":40,"Shuriken":11,"Ornamental Fan":29,"Pantograph":26,"Bronze Scales":31,"Fusion Hammer":17,"Cracked Core":0,"Unceasing Top":45},{"Potion Belt":4,"SacredBark":20,"Juzu Bracelet":27,"Boot":31,"Cables":16,"Cauldron":12,"Dream Catcher":3,"Nunchaku":11,"Anchor":24,"Shuriken":6,"Ornamental Fan":18,"Pantograph":16,"Bronze Scales":19,"Fusion Hammer":10,"Cracked Core":0,"Unceasing Top":26},{"Potion Belt":14,"SacredBark":93,"Juzu Bracelet":141,"Boot":191,"Cables":70,"Cauldron":45,"Dream Catcher":11,"Nunchaku":42,"Anchor":115,"Shuriken":21,"Ornamental Fan":79,"Pantograph":70,"Bronze Scales":84,"Fusion Hammer":39,"Cracked Core":0,"Unceasing Top":133}],"Unceasing Top":[7]},"card_choices":[{"not_picked":["Sadistic Nature","Secret Technique"],"picked":"Apotheosis","floor":0.0},{"not_picked":["Beam Cell","Steam"],"picked":"Ball Lightning","floor":1.0},{"not_picked":["Cold Snap","Turbo"],"picked":"Sweeping Beam","floor":3.0},{"not_picked":["Gash","Go for the Eyes","Storm"],"picked":"SKIP","floor":6.0},{"not_picked":["Force Field","BootSequence"],"picked":"Leap","floor":7.0},{"not_picked":["Cold Snap","Turbo"],"picked":"Streamline","floor":10.0},{"not_picked":["Hologram","Compile Driver","Consume"],"picked":"SKIP","floor":11.0},{"not_picked":["Lockon","Gash"],"picked":"Go for the Eyes","floor":12.0},{"not_picked":["All For One","Consume"],"picked":"Hologram","floor":13.0},{"not_picked":["Rebound","Steam Power","Sweeping Beam"],"picked":"SKIP","floor":14.0},{"not_picked":["Go for the Eyes","Steam"],"picked":"Rebound","floor":15.0},{"not_picked":["Echo Form","Thunder Strike"],"picked":"Seek","floor":16.0},{"not_picked":["Leap","Sweeping Beam+1","Ball Lightning"],"picked":"SKIP","floor":18.0},{"not_picked":["Hologram","Turbo"],"picked":"Conserve Battery","floor":20.0},{"not_picked":["Barrage","Streamline"],"picked":"Beam Cell","floor":22.0},{"not_picked":["Static Discharge","Consume"],"picked":"Glacier","floor":23.0},{"not_picked":["Fusion","Blizzard+1","Scrape"],"picked":"SKIP","floor":24.0},{"not_picked":["Steam+1","Compile Driver","Leap"],"picked":"SKIP","floor":25.0},{"not_picked":["Leap","Steam+1"],"picked":"Skim+1","floor":27.0},{"not_picked":["Sweeping Beam","Hologram"],"picked":"Darkness","floor":29.0},{"not_picked":["Sweeping Beam","Go for the Eyes"],"picked":"Darkness","floor":30.0},{"not_picked":["BootSequence","FTL"],"picked":"Compile Driver","floor":31.0},{"not_picked":["Thunder Strike","All For One"],"picked":"Fission","floor":33.0},{"not_picked":["Streamline","Ball Lightning"],"picked":"Capacitor","floor":35.0},{"not_picked":["Steam+1","Redo","Sweeping Beam"],"picked":"SKIP","floor":37.0},{"not_picked":["Gash","Streamline","FTL"],"picked":"SKIP","floor":39.0},{"not_picked":["Buffer","Fission"],"picked":"Glacier","floor":40.0},{"not_picked":["Rebound+1","Turbo"],"picked":"Capacitor+1","floor":41.0},{"not_picked":["Compile Driver+1","Cold Snap+1","Barrage+1"],"picked":"SKIP","floor":42.0},{"not_picked":["Compile Driver+1","Cold Snap+1","Barrage+1"],"picked":"SKIP","floor":42.0},{"not_picked":["Streamline","Glacier"],"picked":"Coolheaded","floor":44.0},{"not_picked":["Chill","Doom and Gloom"],"picked":"Chaos","floor":45.0},{"not_picked":["Skim","Buffer"],"picked":"Consume","floor":46.0},{"not_picked":["Go for the Eyes","Compile Driver"],"picked":"Self Repair","floor":47.0},{"not_picked":["Streamline","Auto Shields"],"picked":"Double Energy+1","floor":48.0},{"not_picked":["Recycle","Chill"],"picked":"Defragment","floor":53.0},{"not_picked":["Machine Learning","Beam Cell+1"],"picked":"Capacitor","floor":55.0}],"player_experience":2335106,"relics_obtained":[{"floor":6.0,"key":"Dream Catcher"},{"floor":9.0,"key":"Potion Belt"},{"floor":11.0,"key":"Shuriken"},{"floor":25.0,"key":"Cables"},{"floor":26.0,"key":"Pantograph"},{"floor":29.0,"key":"Ornamental Fan"},{"floor":31.0,"key":"Bronze Scales"},{"floor":40.0,"key":"Anchor"},{"floor":45.0,"key":"Unceasing Top"},{"floor":47.0,"key":"Juzu Bracelet"},{"floor":55.0,"key":"Boot"}],"event_choices":[{"damage_healed":0.0,"max_hp_gain":0.0,"max_hp_loss":0.0,"gold_gain":0.0,"event_name":"Lab","player_choice":"Got Potions","floor":4.0,"gold_loss":0.0,"damage_taken":0.0},{"cards_removed":["Leap"],"damage_healed":0.0,"max_hp_gain":0.0,"max_hp_loss":0.0,"gold_gain":0.0,"event_name":"WeMeetAgain","player_choice":"Gave Card","floor":19.0,"gold_loss":0.0,"damage_taken":0.0,"relics_obtained":["Nunchaku"]},{"damage_healed":0.0,"max_hp_gain":0.0,"max_hp_loss":0.0,"gold_gain":0.0,"event_name":"SecretPortal","player_choice":"Ignored","floor":38.0,"gold_loss":0.0,"damage_taken":0.0}],"is_beta":false,"boss_relics":[{"not_picked":["Runic Pyramid","Astrolabe"],"picked":"Fusion Hammer"},{"not_picked":["Snecko Eye","FrozenCore"],"picked":"SacredBark"}],"items_purged_floors":[2,21,36],"is_endless":false,"potions_floor_spawned":[3,10,11,14,22,23,25,29,31,35,40,47],"killed_by":"The Heart","ascension_level":20,"potion_discard_per_floor":[[],[],[],[],[],[],[],[],[],[],[],[],[],[],[],[],[],[],[],[],[],[],[],[],[],[],[],[],[],[],[],[],[],[],[],[],[],[],[],[],[],[],[],[],[],[],[],[],[],[],[],[],[],[],[],[]]}