{"neow_bonuses_skipped_log":["TRANSFORM_CARD","THREE_SMALL_POTIONS","BOSS_RELIC"],"neow_costs_skipped_log":["NONE","NONE","NONE"],"potions_obtained_entropic_brew":[[],[],[],[],[],[],[],[],[],[]],"gold_per_floor":[361,7,22,22,22,48,48,65,116,116],"floor_reached":10,"playtime":223,"items_purged":["Strike_B"],"score":132,"play_id":"c3aff574-f83c-4548-9e8b-d702f0687afa","local_time":"20231122120610","score_breakdown":["Floors Climbed (10): 50","Enemies Slain (3): 6","Exordium Elites Killed (1): 10","Bosses Slain (0): 0","Ascension (20): 66"],"is_ascension_mode":true,"potions_obtained_alchemize":[[],[],[],[],[],[],[],[],[],[]],"campfire_choices":[],"lesson_learned_per_floor":[[],[],[],[],[],[],[],[],[],[]],"neow_cost":"PERCENT_DAMAGE","improvable_cards":{},"seed_source_timestamp":5741264954681700,"shop_contents":[{"floor":2,"relics":["Ornamental Fan","Whetstone"],"cards":["Melter","Double Energy","Capacitor","Impatience","Magnetism"],"potions":["DistilledChaos","Block Potion","Dexterity Potion"]}],"circlet_count":0,"master_deck":["AscendersBane","Strike_B","Strike_B","Strike_B+1","Defend_B","Defend_B","Defend_B+1","Defend_B","Zap","Dualcast","Darkness","Doom and Gloom","Redo","Darkness","Compile Driver","Glacier"],"potion_use_per_floor":[[],[],[],[],[],["DuplicationPotion"],[],[],[],[]],"relics":["Cracked Core","Runic Capacitor","Bag of Preparation","Vajra"],"potions_floor_usage":[6],"damage_taken":[{"damage":1,"enemies":"Small Slimes","floor":1,"turns":3},{"damage":9,"enemies":"Jaw Worm","floor":3,"turns":4},{"damage":11,"enemies":"Gremlin Nob","floor":6,"turns":3},{"damage":2,"enemies":"2 Louse","floor":8,"turns":2},{"damage":3,"enemies":"Gremlin Gang","floor":10,"turns":2}],"seed_played":"-5573617679210571692","neow_bonus_log":{"cardsObtained":[],"cardsUpgraded":[],"cardsRemoved":[],"cardsTransformed":[],"relicsObtained":[],"maxHpGained":0,"goldGained":250,"damageTaken":18,"goldLost":0,"maxHpLost":0},"potions_obtained":[{"floor":1,"key":"DuplicationPotion"},{"floor":6,"key":"Weak Potion"}],"is_trial":false,"path_per_floor":["M","$","M","?","?","E","?","M","T","M"],"character_chosen":"DEFECT","basemod:card_modifiers":[null,null,null,null,null,null,null,null,null,null,null,null,null,null,null,null],"items_purchased":["Doom and Gloom","Runic Capacitor","Redo"],"campfire_rested":0,"item_purchase_floors":[2,2,2],"current_hp_per_floor":[45,45,36,15,15,4,4,2,2,0],"gold":116,"neow_bonus":"TWO_FIFTY_GOLD","is_prod":false,"is_daily":false,"rewards_skipped":[],"chose_seed":false,"campfire_upgraded":0,"win_rate":0,"floor_exit_playtime":[41,61,118,122,125,155,157,176,178],"timestamp":1700672770,"path_taken":["M","$","M","?","?","E","?","M","T","M"],"build_version":"2022-12-18","purchased_purges":1,"victory":false,"max_hp_per_floor":[71,71,71,71,71,71,71,71,71,71],"relic_stats":{"counters":[5,14],"Bag of Preparation":[4],"obtain_stats":[{"Vajra":9,"Runic Capacitor":2,"Bag of Preparation":6,"Cracked Core":0},{"Vajra":4,"Runic Capacitor":1,"Bag of Preparation":3,"Cracked Core":0},{"Vajra":12,"Runic Capacitor":3,"Bag of Preparation":10,"Cracked Core":0}]},"card_choices":[{"not_picked":["Steam","Rebound"],"picked":"Darkness","floor":1},{"not_picked":["Genetic Algorithm","Gash"],"picked":"Darkness","floor":3},{"not_picked":["Streamline","Storm"],"picked":"Compile Driver","floor":6},{"not_picked":["Sweeping Beam","Cold Snap"],"picked":"Glacier","floor":8}],"player_experience":2318238,"relics_obtained":[{"floor":6,"key":"Bag of Preparation"},{"floor":9,"key":"Vajra"}],"event_choices":[{"damage_healed":0,"gold_gain":0,"player_choice":"Entered Light","damage_taken":21,"max_hp_gain":0,"max_hp_loss":0,"event_name":"Shining Light","floor":4,"gold_loss":0,"cards_upgraded":["Strike_B","Defend_B"]},{"damage_healed":0,"gold_gain":0,"player_choice":"Ignored","damage_taken":0,"max_hp_gain":0,"max_hp_loss":0,"event_name":"Liars Game","floor":5,"gold_loss":0},{"damage_healed":0,"gold_gain":0,"player_choice":"Fled","damage_taken":0,"max_hp_gain":0,"max_hp_loss":0,"event_name":"Scrap Ooze","floor":7,"gold_loss":0}],"is_beta":false,"boss_relics":[],"items_purged_floors":[2],"is_endless":false,"potions_floor_spawned":[1,6],"killed_by":"Gremlin Gang","ascension_level":20,"potion_discard_per_floor":[[],[],[],[],[],[],[],[],[],[]]}