{"neow_bonuses_skipped_log":["HUNDRED_GOLD","TRANSFORM_TWO_CARDS","BOSS_RELIC"],"potions_obtained_entropic_brew":[[],[],[],[],[],[],[],[],[],[],[],[],[],[],[],[],[],[],[],[],[],[],[],[],[]],"neow_costs_skipped_log":["NONE","PERCENT_DAMAGE","NONE"],"gold_per_floor":[111,122,122,143,163,163,198,198,221,263,7,36,89,114,114,216,216,244,253,271,261,291,291,313,313],"floor_reached":25,"playtime":1297,"items_purged":[],"score":430,"play_id":"a9fc1d96-67b5-4095-8b5c-e507e8281186","local_time":"20231123053416","score_breakdown":["Floors Climbed (25): 125","Enemies Slain (10): 20","Exordium Elites Killed (2): 20","City Elites Killed (0): 0","Bosses Slain (1): 50","Ascension (20): 215"],"is_ascension_mode":true,"potions_obtained_alchemize":[[],[],[],[],[],[],[],[],[],[],[],[],[],[],[],[],[],[],[],[],[],[],[],[],[]],"campfire_choices":[{"data":"Doom and Gloom","floor":6,"key":"SMITH"},{"data":"Hologram","floor":8,"key":"SMITH"},{"data":"Apotheosis","floor":15,"key":"SMITH"},{"floor":23,"key":"REST"}],"lesson_learned_per_floor":[[],[],[],[],[],[],[],[],[],[],[],[],[],[],[],[],[],[],[],[],[],[],[],[],[]],"neow_cost":"NONE","improvable_cards":{"RitualDagger":[20]},"seed_source_timestamp":5803075637528600,"shop_contents":[{"floor":11,"relics":["Mercury Hourglass","Bronze Scales","Strange Spoon"],"cards":["Gash","FTL","Steam","Tempest","Capacitor","Mind Blast"],"potions":["Dexterity Potion","DistilledChaos"]}],"circlet_count":0,"master_deck":["AscendersBane","Strike_B","Defend_B","Defend_B","Defend_B","Defend_B","Zap","Dualcast","Streamline","Melter","Doom and Gloom+1","Hologram+1","Compile Driver","FTL","Leap","Apotheosis+1","Chaos","Hologram","Electrodynamics","Aggregate","RitualDagger","Sunder","Amplify","Undo","Recycle","Capacitor"],"potion_use_per_floor":[[],[],[],[],[],[],["EssenceOfSteel"],[],[],[],[],["Energy Potion"],[],[],[],["Regen Potion","PowerPotion"],[],[],[],[],[],[],[],[],["AttackPotion"]],"relics":["FrozenCore","Golden Idol","Boot","CeramicFish","Odd Mushroom","Juzu Bracelet"],"potions_floor_usage":[7,12,16,16,25],"damage_taken":[{"damage":0,"enemies":"Cultist","floor":1,"turns":2},{"damage":0,"enemies":"2 Louse","floor":2,"turns":1},{"damage":5,"enemies":"Small Slimes","floor":4,"turns":3},{"damage":3,"enemies":"3 Louse","floor":5,"turns":4},{"damage":16,"enemies":"3 Sentries","floor":7,"turns":5},{"damage":2,"enemies":"The Mushroom Lair","floor":10,"turns":3},{"damage":10,"enemies":"Gremlin Gang","floor":12,"turns":5},{"damage":11,"enemies":"Gremlin Nob","floor":13,"turns":3},{"damage":4,"enemies":"Looter","floor":14,"turns":3},{"damage":9,"enemies":"Hexaghost","floor":16,"turns":8},{"damage":3,"enemies":"Chosen","floor":18,"turns":6},{"damage":13,"enemies":"2 Thieves","floor":21,"turns":5},{"damage":15,"enemies":"Snake Plant","floor":22,"turns":6},{"damage":9,"enemies":"Snecko","floor":24,"turns":6},{"damage":29,"enemies":"Book of Stabbing","floor":25,"turns":4}],"seed_played":"-1366576530059087988","neow_bonus_log":{"cardsObtained":["Streamline"],"cardsUpgraded":[],"cardsRemoved":[],"cardsTransformed":["Strike_B"],"relicsObtained":[],"maxHpGained":0,"goldGained":0,"damageTaken":0,"goldLost":0,"maxHpLost":0},"potions_obtained":[{"floor":2,"key":"EssenceOfSteel"},{"floor":7,"key":"Energy Potion"},{"floor":13,"key":"Ancient Potion"},{"floor":14,"key":"Regen Potion"},{"floor":21,"key":"AttackPotion"}],"is_trial":false,"path_per_floor":["M","M","?","M","M","R","E","R","T","?","$","M","E","M","R","B",null,"M","?","?","M","M","R","M","E"],"character_chosen":"DEFECT","basemod:card_modifiers":[null,null,null,null,null,null,null,null,null,null,null,null,null,null,null,null,null,null,null,null,null,null,null,null,null,null],"items_purchased":["Apotheosis","PowerPotion"],"campfire_rested":1,"item_purchase_floors":[11,11],"current_hp_per_floor":[64,64,64,59,56,56,40,40,40,38,38,28,17,13,13,19,53,50,44,44,31,16,35,26,0],"gold":313,"neow_bonus":"TRANSFORM_CARD","is_prod":false,"is_daily":false,"rewards_skipped":[],"chose_seed":false,"campfire_upgraded":3,"win_rate":0,"floor_exit_playtime":[47,59,62,98,165,173,270,276,279,336,351,450,515,575,580,744,776,863,870,882,999,1122,1127,1231],"timestamp":1700735656,"path_taken":["M","M","?","M","M","R","E","R","T","?","$","M","E","M","R","BOSS","M","?","?","M","M","R","M","E"],"build_version":"2022-12-18","purchased_purges":0,"victory":false,"max_hp_per_floor":[71,71,64,64,64,64,64,64,64,64,64,64,64,64,64,64,64,64,64,64,64,64,64,64,64],"relic_stats":{"counters":[15,64],"Golden Idol":74,"CeramicFish":108,"Juzu Bracelet":0,"Boot":[5],"obtain_stats":[{"Golden Idol":3,"CeramicFish":9,"Juzu Bracelet":13,"Odd Mushroom":10,"Cracked Core":0,"Boot":7,"FrozenCore":17},{"Golden Idol":2,"CeramicFish":5,"Juzu Bracelet":8,"Odd Mushroom":6,"Cracked Core":0,"Boot":5,"FrozenCore":10},{"Golden Idol":3,"CeramicFish":15,"Juzu Bracelet":26,"Odd Mushroom":18,"Cracked Core":0,"Boot":15,"FrozenCore":37}],"FrozenCore":[12]},"card_choices":[{"not_picked":["Sweeping Beam","Gash"],"picked":"Melter","floor":1},{"not_picked":["Go for the Eyes","Self Repair"],"picked":"Doom and Gloom","floor":2},{"not_picked":["Streamline","Doom and Gloom"],"picked":"Hologram","floor":4},{"not_picked":["Force Field","Redo"],"picked":"Compile Driver","floor":5},{"not_picked":["Capacitor","Turbo"],"picked":"FTL","floor":7},{"not_picked":["Ball Lightning","Reprogram"],"picked":"Leap","floor":10},{"not_picked":["Gash","Lockon"],"picked":"Chaos","floor":12},{"not_picked":["Aggregate","Buffer"],"picked":"Hologram","floor":13},{"not_picked":["Barrage","Rip and Tear","Recycle"],"picked":"SKIP","floor":14},{"not_picked":["Barrage","Rip and Tear","Recycle"],"picked":"SKIP","floor":14},{"not_picked":["All For One","Rainbow"],"picked":"Electrodynamics","floor":16},{"not_picked":["Barrage","Chaos+1"],"picked":"Aggregate","floor":18},{"not_picked":["Recycle","Gash"],"picked":"Undo","floor":21},{"not_picked":["Ball Lightning","Leap+1"],"picked":"Recycle","floor":22},{"not_picked":["Loop","Gash"],"picked":"Capacitor","floor":24}],"player_experience":2330629,"relics_obtained":[{"floor":7,"key":"Boot"},{"floor":9,"key":"CeramicFish"},{"floor":10,"key":"Odd Mushroom"},{"floor":13,"key":"Juzu Bracelet"}],"event_choices":[{"damage_healed":0,"gold_gain":0,"player_choice":"Lose Max HP","damage_taken":0,"relics_obtained":["Golden Idol"],"max_hp_gain":0,"max_hp_loss":7,"event_name":"Golden Idol","floor":3,"gold_loss":0},{"damage_healed":0,"gold_gain":0,"player_choice":"Fought Mushrooms","damage_taken":0,"max_hp_gain":0,"max_hp_loss":0,"event_name":"Mushrooms","floor":10,"gold_loss":0},{"damage_healed":0,"gold_gain":0,"player_choice":"Joined the Cult","damage_taken":6,"max_hp_gain":0,"max_hp_loss":0,"event_name":"Nest","floor":19,"gold_loss":0,"cards_obtained":["RitualDagger"]},{"damage_healed":0,"gold_gain":0,"cards_transformed":["Strike_B","Strike_B"],"player_choice":"Became Test Subject","damage_taken":0,"max_hp_gain":0,"max_hp_loss":0,"event_name":"Drug Dealer","floor":20,"gold_loss":0,"cards_obtained":["Sunder","Amplify"]}],"is_beta":false,"boss_relics":[{"not_picked":["Calling Bell","Sozu"],"picked":"FrozenCore"}],"items_purged_floors":[],"is_endless":false,"potions_floor_spawned":[2,7,13,14,21],"killed_by":"Book of Stabbing","ascension_level":20,"potion_discard_per_floor":[[],[],[],[],[],[],[],[],[],[],[],[],[],["Ancient Potion"],[],[],[],[],[],[],[],[],[],[],[]]}