{"neow_bonuses_skipped_log":["RANDOM_COLORLESS","HUNDRED_GOLD","BOSS_RELIC"],"potions_obtained_entropic_brew":[[],[],[],[],[],[],[],[],[],[],[],[],[],[],[],[]],"neow_costs_skipped_log":["NONE","NONE","NONE"],"gold_per_floor":[11,11,34,47,62,62,62,93,93,18,59,83,96,57,57,57],"floor_reached":16,"playtime":446,"items_purged":["Pain"],"score":274,"play_id":"755c9c84-cc30-4141-b825-e97451e1dd91","local_time":"20231117174705","score_breakdown":["Floors Climbed (16): 80","Enemies Slain (6): 12","Exordium Elites Killed (2): 20","Bosses Slain (0): 0","Champion (1): 25","Ascension (20): 137"],"is_ascension_mode":true,"potions_obtained_alchemize":[[],[],[],[],[],[],[],[],[],[],[],[],[],[],[],[]],"campfire_choices":[{"data":"Sunder","floor":6,"key":"SMITH"},{"data":"Defragment","floor":15,"key":"SMITH"}],"lesson_learned_per_floor":[[],[],[],[],[],[],[],[],[],[],[],[],[],[],[],[]],"neow_cost":"NO_GOLD","improvable_cards":{"Genetic Algorithm":[5]},"seed_source_timestamp":5329504085275200,"shop_contents":[{"floor":10,"relics":["Ice Cream","Oddly Smooth Stone","Cauldron"],"cards":["Rebound","Sweeping Beam","Darkness","Hologram","Heatsinks","Blind","HandOfGreed"],"potions":["Explosive Potion","Fire Potion","AttackPotion"]},{"floor":14,"relics":["Pear","DataDisk","HandDrill"],"cards":["Barrage","Sweeping Beam","Aggregate","White Noise","Finesse","Secret Weapon"],"potions":["Explosive Potion","SmokeBomb","Energy Potion"]}],"circlet_count":0,"master_deck":["AscendersBane","Strike_B","Strike_B","Strike_B","Strike_B","Defend_B","Defend_B+1","Defend_B","Defend_B+1","Zap","Dualcast","Panache","Sunder+1","Compile Driver","Rainbow","Compile Driver","FTL","Machine Learning","Genetic Algorithm","FTL","Defragment+1"],"potion_use_per_floor":[[],[],[],[],[],[],[],[],[],[],["DuplicationPotion"],[],[],[],[],[]],"relics":["Cracked Core","Golden Idol","WarpedTongs","War Paint","Meat on the Bone"],"potions_floor_usage":[11],"damage_taken":[{"damage":1,"enemies":"Cultist","floor":1,"turns":3},{"damage":1,"enemies":"Small Slimes","floor":3,"turns":3},{"damage":0,"enemies":"2 Louse","floor":4,"turns":1},{"damage":0,"enemies":"2 Fungi Beasts","floor":5,"turns":2},{"damage":13,"enemies":"Lagavulin","floor":8,"turns":8},{"damage":0,"enemies":"Gremlin Nob","floor":11,"turns":2},{"damage":8,"enemies":"Blue Slaver","floor":12,"turns":3},{"damage":6,"enemies":"Exordium Thugs","floor":13,"turns":3},{"damage":37,"enemies":"Hexaghost","floor":16,"turns":9}],"seed_played":"-4436352228002039292","neow_bonus_log":{"cardsObtained":[],"cardsUpgraded":[],"cardsRemoved":[],"cardsTransformed":[],"relicsObtained":[],"maxHpGained":0,"goldGained":0,"damageTaken":0,"goldLost":99,"maxHpLost":0},"potions_obtained":[{"floor":3,"key":"DuplicationPotion"},{"floor":5,"key":"PotionOfCapacity"}],"is_trial":false,"path_per_floor":["M","?","M","M","M","R","?","E","T","$","E","M","M","$","R","B"],"character_chosen":"DEFECT","basemod:card_modifiers":[null,null,null,null,null,null,null,null,null,null,null,null,null,null,null,null,null,null,null,null,null],"items_purchased":["Defragment"],"campfire_rested":0,"item_purchase_floors":[14],"current_hp_per_floor":[63,63,62,62,62,62,62,49,49,49,49,41,35,35,35,0],"gold":57,"neow_bonus":"RANDOM_COLORLESS_2","is_prod":false,"is_daily":false,"rewards_skipped":[{"floor":8,"relics":[],"potions":["FearPotion"]}],"chose_seed":false,"campfire_upgraded":2,"win_rate":0,"floor_exit_playtime":[46,49,71,82,113,123,127,216,223,233,255,283,329,337,345],"timestamp":1700261225,"blue_key_relic_skipped_log":{"floor":9,"relicID":"Bottled Tornado"},"path_taken":["M","?","M","M","M","R","?","E","T","$","E","M","?","$","R","BOSS"],"build_version":"2022-12-18","purchased_purges":1,"victory":false,"max_hp_per_floor":[71,64,64,64,64,64,64,64,64,64,64,64,64,64,64,64],"relic_stats":{"counters":[9,34],"Golden Idol":33,"War Paint":["Defend_B","Defend_B"],"obtain_stats":[{"Golden Idol":2,"War Paint":8,"Cracked Core":0,"WarpedTongs":7,"Meat on the Bone":11},{"Golden Idol":1,"War Paint":5,"Cracked Core":0,"WarpedTongs":4,"Meat on the Bone":6},{"Golden Idol":3,"War Paint":17,"Cracked Core":0,"WarpedTongs":9,"Meat on the Bone":19}],"WarpedTongs":[25],"Meat on the Bone":0},"card_choices":[{"not_picked":["The Bomb","Violence"],"picked":"Panache","floor":0},{"not_picked":["Barrage","Defragment"],"picked":"Sunder","floor":1},{"not_picked":["Steam Power","Turbo"],"picked":"Compile Driver","floor":3},{"not_picked":["Sunder","Compile Driver"],"picked":"Rainbow","floor":4},{"not_picked":["Hologram","Coolheaded"],"picked":"Compile Driver","floor":5},{"not_picked":["Loop","Beam Cell"],"picked":"FTL","floor":8},{"not_picked":["Storm","Ball Lightning"],"picked":"Machine Learning","floor":11},{"not_picked":["Steam","Sweeping Beam"],"picked":"Genetic Algorithm","floor":12},{"not_picked":["Steam","Redo"],"picked":"FTL","floor":13}],"player_experience":2261367,"relics_obtained":[{"floor":8,"key":"War Paint"},{"floor":11,"key":"Meat on the Bone"}],"event_choices":[{"damage_healed":0,"gold_gain":0,"player_choice":"Lose Max HP","damage_taken":0,"relics_obtained":["Golden Idol"],"max_hp_gain":0,"max_hp_loss":7,"event_name":"Golden Idol","floor":2,"gold_loss":0},{"damage_healed":0,"gold_gain":0,"player_choice":"Rummage","damage_taken":0,"relics_obtained":["WarpedTongs"],"max_hp_gain":0,"max_hp_loss":0,"event_name":"Accursed Blacksmith","floor":7,"gold_loss":0,"cards_obtained":["Pain"]}],"is_beta":false,"boss_relics":[],"items_purged_floors":[10],"is_endless":false,"potions_floor_spawned":[3,5,8],"killed_by":"Hexaghost","ascension_level":20,"potion_discard_per_floor":[[],[],[],[],[],[],[],[],[],[],[],[],[],[],[],[]]}