{"neow_bonuses_skipped_log":["REMOVE_CARD","THREE_SMALL_POTIONS","BOSS_RELIC"],"potions_obtained_entropic_brew":[[],[],[],[],[],[],[],[],[],[],[],[],[],[],[],[]],"neow_costs_skipped_log":["NONE","NONE","NONE"],"gold_per_floor":[109,109,121,141,154,154,183,183,183,211,228,243,243,260,260,260],"floor_reached":16,"playtime":417,"items_purged":[],"score":228,"play_id":"3d165f3c-a7c1-436c-83b4-5debd64c89a7","local_time":"20231117170810","score_breakdown":["Floors Climbed (16): 80","Enemies Slain (7): 14","Exordium Elites Killed (2): 20","Bosses Slain (0): 0","Ascension (20): 114"],"is_ascension_mode":true,"potions_obtained_alchemize":[[],[],[],[],[],[],[],[],[],[],[],[],[],[],[],[]],"campfire_choices":[{"data":"Static Discharge","floor":6,"key":"SMITH"},{"floor":8,"key":"REST"},{"floor":13,"key":"REST"},{"data":"Creative AI","floor":15,"key":"SMITH"}],"lesson_learned_per_floor":[[],[],[],[],[],[],[],[],[],[],[],[],[],[],[],[]],"neow_cost":"TEN_PERCENT_HP_LOSS","improvable_cards":{},"seed_source_timestamp":5327198217562700,"shop_contents":[],"circlet_count":0,"master_deck":["AscendersBane","Strike_B","Strike_B","Strike_B","Defend_B","Defend_B","Defend_B","Zap","Dualcast","Rebound+1","Sweeping Beam+1","Static Discharge+1","Creative AI+1","FTL","Ball Lightning","Self Repair"],"potion_use_per_floor":[[],[],[],[],[],[],["DistilledChaos","ColorlessPotion"],[],[],["SpeedPotion"],[],[],[],[],[],["ColorlessPotion"]],"relics":["Cracked Core","NlothsMask","Whetstone","Unceasing Top"],"potions_floor_usage":[7,7,10,16],"damage_taken":[{"damage":0,"enemies":"Cultist","floor":1,"turns":3},{"damage":7,"enemies":"Jaw Worm","floor":3,"turns":2},{"damage":0,"enemies":"Small Slimes","floor":4,"turns":2},{"damage":7,"enemies":"3 Louse","floor":5,"turns":2},{"damage":14,"enemies":"3 Sentries","floor":7,"turns":6},{"damage":21,"enemies":"Gremlin Nob","floor":10,"turns":4},{"damage":13,"enemies":"Exordium Wildlife","floor":11,"turns":3},{"damage":9,"enemies":"Red Slaver","floor":12,"turns":3},{"damage":12,"enemies":"Large Slime","floor":14,"turns":3},{"damage":25,"enemies":"Slime Boss","floor":16,"turns":5}],"seed_played":"-5763893471623439219","neow_bonus_log":{"cardsObtained":[],"cardsUpgraded":[],"cardsRemoved":["Strike_B","Defend_B"],"cardsTransformed":[],"relicsObtained":[],"maxHpGained":0,"goldGained":0,"damageTaken":0,"goldLost":0,"maxHpLost":7},"potions_obtained":[{"floor":4,"key":"ColorlessPotion"},{"floor":5,"key":"DistilledChaos"},{"floor":7,"key":"SpeedPotion"},{"floor":12,"key":"ColorlessPotion"}],"is_trial":false,"path_per_floor":["M","?","M","M","M","R","E","R","T","E","M","M","R","M","R","B"],"character_chosen":"DEFECT","basemod:card_modifiers":[null,null,null,null,null,null,null,null,null,null,null,null,null,null,null,null],"items_purchased":[],"campfire_rested":2,"item_purchase_floors":[],"current_hp_per_floor":[64,64,57,57,50,50,36,55,55,34,21,12,31,19,19,0],"gold":260,"neow_bonus":"REMOVE_TWO","is_prod":false,"is_daily":false,"rewards_skipped":[],"chose_seed":false,"campfire_upgraded":2,"win_rate":0,"floor_exit_playtime":[45,50,67,90,122,128,207,215,216,256,282,313,319,346,352],"timestamp":1700258890,"path_taken":["M","?","M","M","?","R","E","R","T","E","M","M","R","M","R","BOSS"],"build_version":"2022-12-18","purchased_purges":0,"victory":false,"max_hp_per_floor":[64,64,64,64,64,64,64,64,64,64,64,64,64,64,64,64],"relic_stats":{"counters":[10,33],"Whetstone":["Sweeping Beam","Rebound"],"obtain_stats":[{"Whetstone":7,"Cracked Core":0,"Unceasing Top":10,"NlothsMask":2},{"Whetstone":5,"Cracked Core":0,"Unceasing Top":6,"NlothsMask":1},{"Whetstone":15,"Cracked Core":0,"Unceasing Top":19,"NlothsMask":3}],"Unceasing Top":[0]},"card_choices":[{"not_picked":["Stack","Conserve Battery"],"picked":"Rebound","floor":1},{"not_picked":["Coolheaded","Leap"],"picked":"Sweeping Beam","floor":3},{"not_picked":["Turbo","Barrage","Stack"],"picked":"SKIP","floor":4},{"not_picked":["Steam","Aggregate"],"picked":"Static Discharge","floor":5},{"not_picked":["Steam","Stack","Recycle"],"picked":"SKIP","floor":7},{"not_picked":["Static Discharge","Barrage"],"picked":"Creative AI","floor":10},{"not_picked":["Steam","Beam Cell"],"picked":"FTL","floor":11},{"not_picked":["Heatsinks","Conserve Battery"],"picked":"Ball Lightning","floor":12},{"not_picked":["Blizzard","Sweeping Beam"],"picked":"Self Repair","floor":14}],"player_experience":2259103,"relics_obtained":[{"floor":7,"key":"Whetstone"},{"floor":10,"key":"Unceasing Top"}],"event_choices":[{"damage_healed":0,"gold_gain":0,"player_choice":"Trade","damage_taken":0,"relics_obtained":["NlothsMask"],"max_hp_gain":0,"max_hp_loss":0,"event_name":"FaceTrader","floor":2,"gold_loss":0}],"is_beta":false,"boss_relics":[],"items_purged_floors":[],"is_endless":false,"potions_floor_spawned":[4,5,7,12],"killed_by":"Slime Boss","ascension_level":20,"potion_discard_per_floor":[[],[],[],[],[],[],[],[],[],[],[],[],[],[],[],[]]}