{"neow_bonuses_skipped_log":["THREE_CARDS","REMOVE_TWO","BOSS_RELIC"],"neow_costs_skipped_log":["NONE","NO_GOLD","NONE"],"potions_obtained_entropic_brew":[[],[],[],[],[],[],[],[],[],[],[],[],[],[],[],[],[],[],[],[],[],[],[],[],[],[],[]],"gold_per_floor":[109,384,394,101,111,144,144,173,224,224,250,264,4,17,17,96,96,106,2,15,15,27,27,60,60,84,84],"floor_reached":27,"playtime":1026,"items_purged":["Regret","Strike_B"],"score":502,"play_id":"2d3adf7d-178c-4058-8125-70296326779e","local_time":"20231122120219","score_breakdown":["Floors Climbed (27): 135","Enemies Slain (8): 16","Exordium Elites Killed (3): 30","City Elites Killed (1): 20","Bosses Slain (1): 50","Ascension (20): 251"],"is_ascension_mode":true,"potions_obtained_alchemize":[[],[],[],[],[],[],[],[],[],[],[],[],[],[],[],[],[],[],[],[],[],[],[],[],[],[],[]],"campfire_choices":[{"data":"Streamline","floor":7.0,"key":"SMITH"},{"floor":10.0,"key":"REST"},{"data":"1","floor":15.0,"key":"LIFT"},{"floor":23,"key":"REST"},{"data":"2","floor":25,"key":"LIFT"}],"lesson_learned_per_floor":[[],[],[],[],[],[],[],[],[],[],[],[],[],[],[],[],[],[],[],[],[],[],[],[],[],[],[]],"neow_cost":"NONE","improvable_cards":{},"seed_source_timestamp":5740219081864600,"shop_contents":[{"floor":4,"relics":["Bag of Marbles","StoneCalendar"],"cards":["Streamline","Blizzard","Fusion","Conserve Battery","Hello World","Deep Breath","Magnetism"],"potions":["Dexterity Potion","PowerPotion"]},{"floor":13,"relics":["Peace Pipe","Dead Branch"],"cards":["Melter+1","Blizzard+1","Redo","Bandage Up","Chrysalis"],"potions":["BlessingOfTheForge","SneckoOil","Energy Potion"]},{"floor":19,"relics":["Potion Belt","Ornamental Fan"],"cards":["Cold Snap+1","Sweeping Beam+1","Steam","Redo","Panacea","Violence"],"potions":["FocusPotion","FocusPotion","DuplicationPotion"]}],"circlet_count":0,"master_deck":["AscendersBane","Strike_B","Strike_B","Strike_B","Defend_B","Defend_B","Defend_B","Defend_B","Zap","Dualcast","Undo","Streamline+1","Defragment","Sweeping Beam+1","Rip and Tear+1","Rainbow","Coolheaded","Loop","Sweeping Beam+1","Echo Form","Go for the Eyes+1","Defragment","BootSequence","Defragment","Barrage+1"],"special_seed":0,"potion_use_per_floor":[[],[],[],[],[],["AttackPotion"],[],["Strength Potion"],[],[],["Dexterity Potion"],[],[],[],[],["LiquidMemories"],[],["GamblersBrew"],[],[],[],[],[],["SteroidPotion"],[],[],[]],"relics":["Cracked Core","Nunchaku","ClockworkSouvenir","Molten Egg 2","Omamori","Centennial Puzzle","Girya","Membership Card","Fusion Hammer","Lee\u0027s Waffle","Anchor"],"potions_floor_usage":[24],"damage_taken":[{"damage":7.0,"enemies":"Jaw Worm","floor":1.0,"turns":3.0},{"damage":3.0,"enemies":"Cultist","floor":3.0,"turns":3.0},{"damage":0.0,"enemies":"2 Louse","floor":5.0,"turns":4.0},{"damage":10.0,"enemies":"3 Sentries","floor":6.0,"turns":3.0},{"damage":27.0,"enemies":"Gremlin Nob","floor":8.0,"turns":4.0},{"damage":13.0,"enemies":"3 Sentries","floor":11.0,"turns":5.0},{"damage":4.0,"enemies":"Red Slaver","floor":12.0,"turns":2.0},{"damage":1.0,"enemies":"Looter","floor":14.0,"turns":4.0},{"damage":7.0,"enemies":"Slime Boss","floor":16.0,"turns":6.0},{"damage":25.0,"enemies":"3 Byrds","floor":18.0,"turns":4.0},{"damage":17.0,"enemies":"2 Thieves","floor":20.0,"turns":3.0},{"damage":14,"enemies":"Snake Plant","floor":22,"turns":4},{"damage":28,"enemies":"Slavers","floor":24,"turns":4},{"damage":21,"enemies":"Book of Stabbing","floor":27,"turns":2}],"seed_played":"2721566135297016805","neow_bonus_log":{"cardsObtained":[],"cardsUpgraded":[],"cardsRemoved":[],"cardsTransformed":[],"relicsObtained":["Nunchaku"],"maxHpGained":0,"goldGained":0,"damageTaken":0,"goldLost":0,"maxHpLost":0},"potions_obtained":[{"floor":1.0,"key":"GamblersBrew"},{"floor":6.0,"key":"Strength Potion"},{"floor":8.0,"key":"Dexterity Potion"},{"floor":12.0,"key":"LiquidMemories"},{"floor":20.0,"key":"SteroidPotion"}],"is_trial":false,"path_per_floor":["M","?","M","$","M","E","R","E","T","R","E","M","$","M","R","B",null,"M","$","M","?","M","R","E","R","T","E"],"character_chosen":"DEFECT","basemod:card_modifiers":[null,null,null,null,null,null,null,null,null,null,null,null,null,null,null,null,null,null,null,null,null,null,null,null,null],"items_purchased":["ClockworkSouvenir","AttackPotion","Membership Card","Coolheaded","Loop","Lee\u0027s Waffle","Defragment"],"campfire_rested":2,"item_purchase_floors":[4,4,13,13,13,19,19],"current_hp_per_floor":[57,57,54,54,54,44,44,17,17,38,25,21,21,20,20,13,57,32,78,61,39,25,49,21,21,21,0],"gold":84,"neow_bonus":"RANDOM_COMMON_RELIC","is_prod":false,"is_daily":false,"rewards_skipped":[],"chose_seed":false,"campfire_upgraded":1,"win_rate":0,"floor_exit_playtime":[50,58,92,120,173,236,241,281,283,286,347,373,489,568,572,656,675,762,784,843,853,907,912,992,997,1004],"timestamp":1700672539,"blue_key_relic_skipped_log":{"floor":26,"relicID":"Tiny Chest"},"path_taken":["M","?","M","$","M","E","R","E","T","R","E","?","?","M","R","BOSS","M","$","M","?","M","R","E","R","T","E"],"build_version":"2022-12-18","purchased_purges":2,"victory":false,"max_hp_per_floor":[71,71,71,71,71,71,71,71,71,71,71,71,71,71,71,71,71,71,78,78,83,83,83,83,83,83,83],"relic_stats":{"Girya":2,"Nunchaku":[8],"Centennial Puzzle":[27],"Lee\u0027s Waffle":46,"counters":[14,51],"Omamori":0,"Membership Card":199,"obtain_stats":[{"Girya":11,"Nunchaku":0,"Centennial Puzzle":9,"Lee\u0027s Waffle":19,"Anchor":24,"Molten Egg 2":6,"Fusion Hammer":17,"Omamori":8,"Membership Card":13,"Cracked Core":0,"ClockworkSouvenir":4},{"Girya":6,"Nunchaku":0,"Centennial Puzzle":5,"Lee\u0027s Waffle":10,"Anchor":13,"Molten Egg 2":4,"Fusion Hammer":9,"Omamori":5,"Membership Card":7,"Cracked Core":0,"ClockworkSouvenir":2},{"Girya":22,"Nunchaku":0,"Centennial Puzzle":17,"Lee\u0027s Waffle":38,"Anchor":49,"Molten Egg 2":13,"Fusion Hammer":34,"Omamori":17,"Membership Card":24,"Cracked Core":0,"ClockworkSouvenir":6}]},"card_choices":[{"not_picked":["Consume","Fusion"],"picked":"Undo","floor":1.0},{"not_picked":["Steam","Sweeping Beam"],"picked":"Streamline","floor":3.0},{"not_picked":["BootSequence","Barrage","Go for the Eyes"],"picked":"SKIP","floor":5.0},{"not_picked":["Coolheaded","Steam"],"picked":"Defragment","floor":6.0},{"not_picked":["Genetic Algorithm","Aggregate"],"picked":"Sweeping Beam+1","floor":8.0},{"not_picked":["Go for the Eyes+1","Compile Driver+1"],"picked":"Rip and Tear+1","floor":11.0},{"not_picked":["Conserve Battery","Genetic Algorithm"],"picked":"Rainbow","floor":12.0},{"not_picked":["Chill","Go for the Eyes+1"],"picked":"Sweeping Beam+1","floor":14.0},{"not_picked":["Amplify","Meteor Strike+1"],"picked":"Echo Form","floor":16.0},{"not_picked":["Coolheaded","Sweeping Beam+1"],"picked":"Go for the Eyes+1","floor":18.0},{"not_picked":["Chaos","Cold Snap+1"],"picked":"BootSequence","floor":20.0},{"not_picked":["Self Repair","Gash+1"],"picked":"Defragment","floor":22},{"not_picked":["Fission","Turbo"],"picked":"Barrage+1","floor":24}],"player_experience":2317212,"relics_obtained":[{"floor":6.0,"key":"Molten Egg 2"},{"floor":8.0,"key":"Omamori"},{"floor":9.0,"key":"Centennial Puzzle"},{"floor":11.0,"key":"Girya"},{"floor":24,"key":"Anchor"}],"event_choices":[{"damage_healed":0.0,"max_hp_gain":0.0,"max_hp_loss":0.0,"gold_gain":275.0,"event_name":"Golden Shrine","player_choice":"Desecrate","floor":2.0,"gold_loss":0.0,"damage_taken":0.0,"cards_obtained":["Regret"]},{"damage_healed":0,"gold_gain":0,"player_choice":"Shed Blood","damage_taken":27,"max_hp_gain":5,"max_hp_loss":0,"event_name":"Forgotten Altar","floor":21,"gold_loss":0}],"is_beta":false,"boss_relics":[{"not_picked":["Ectoplasm","Busted Crown"],"picked":"Fusion Hammer"}],"items_purged_floors":[4,13],"is_endless":false,"potions_floor_spawned":[1,6,8,12,20],"killed_by":"Book of Stabbing","ascension_level":20,"potion_discard_per_floor":[[],[],[],[],[],[],[],[],[],[],[],[],[],[],[],[],[],[],[],[],[],[],[],[],[],[],[]]}