{"neow_bonuses_skipped_log":["REMOVE_CARD","ONE_RARE_RELIC","BOSS_RELIC"],"potions_obtained_entropic_brew":[[],[],[],[],[],[],[],[],[],[],[],[],[],[],[],[]],"neow_costs_skipped_log":["NONE","PERCENT_DAMAGE","NONE"],"gold_per_floor":[211,68,86,96,111,142,142,142,167,184,215,215,241,251,251,251],"floor_reached":16,"playtime":674,"items_purged":[],"score":244,"play_id":"e2d2040c-e0ff-44aa-bb86-e944039d6dfd","local_time":"20231119163416","score_breakdown":["Floors Climbed (16): 80","Enemies Slain (6): 12","Exordium Elites Killed (3): 30","Bosses Slain (0): 0","Ascension (20): 122"],"is_ascension_mode":true,"potions_obtained_alchemize":[[],[],[],[],[],[],[],[],[],[],[],[],[],[],[],[]],"campfire_choices":[{"floor":7,"key":"REST"},{"floor":12,"key":"REST"},{"data":"Defragment","floor":15,"key":"SMITH"}],"lesson_learned_per_floor":[[],[],[],[],[],[],[],[],[],[],[],[],[],[],[],[]],"neow_cost":"NONE","improvable_cards":{},"seed_source_timestamp":5497704419970100,"shop_contents":[{"floor":2,"relics":["Strawberry","Pantograph","Medical Kit"],"cards":["Streamline","Go for the Eyes","Force Field","BootSequence","Impatience","Thinking Ahead"],"potions":["FearPotion","GamblersBrew"]}],"circlet_count":0,"master_deck":["AscendersBane","Strike_B","Strike_B","Strike_B","Strike_B","Defend_B","Defend_B","Defend_B+1","Defend_B","Zap+1","Dualcast","Coolheaded","Capacitor","Compile Driver","Consume","Compile Driver","Sweeping Beam","Rebound","Defragment+1","Seek","Fusion"],"potion_use_per_floor":[[],[],[],[],[],[],[],[],[],[],["FearPotion","SkillPotion"],[],["SteroidPotion"],[],[],[]],"relics":["Cracked Core","War Paint","Smiling Mask","Juzu Bracelet","Toy Ornithopter"],"potions_floor_usage":[11,11,13],"damage_taken":[{"damage":4,"enemies":"Jaw Worm","floor":1,"turns":3},{"damage":4,"enemies":"Cultist","floor":3,"turns":3},{"damage":11,"enemies":"2 Louse","floor":4,"turns":2},{"damage":9,"enemies":"2 Fungi Beasts","floor":5,"turns":3},{"damage":33,"enemies":"3 Sentries","floor":6,"turns":9},{"damage":4,"enemies":"Red Slaver","floor":10,"turns":4},{"damage":21,"enemies":"Lagavulin","floor":11,"turns":7},{"damage":11,"enemies":"Gremlin Nob","floor":13,"turns":3},{"damage":8,"enemies":"Blue Slaver","floor":14,"turns":3},{"damage":28,"enemies":"Hexaghost","floor":16,"turns":9}],"green_key_taken_log":11,"seed_played":"-548779336706955244","neow_bonus_log":{"cardsObtained":[],"cardsUpgraded":[],"cardsRemoved":[],"cardsTransformed":[],"relicsObtained":[],"maxHpGained":0,"goldGained":100,"damageTaken":0,"goldLost":0,"maxHpLost":0},"potions_obtained":[{"floor":1,"key":"PotionOfCapacity"},{"floor":10,"key":"SkillPotion"},{"floor":11,"key":"SteroidPotion"}],"is_trial":false,"path_per_floor":["M","$","M","M","M","E","R","?","T","M","E","R","E","M","R","B"],"character_chosen":"DEFECT","basemod:card_modifiers":[null,null,null,null,null,null,null,null,null,null,null,null,null,null,null,null,null,null,null,null,null],"items_purchased":["Capacitor","FearPotion"],"campfire_rested":2,"item_purchase_floors":[2,2],"current_hp_per_floor":[60,60,56,45,36,3,24,47,47,43,22,43,32,24,24,0],"gold":251,"neow_bonus":"HUNDRED_GOLD","is_prod":false,"is_daily":false,"rewards_skipped":[],"chose_seed":false,"campfire_upgraded":1,"win_rate":0,"floor_exit_playtime":[37,58,79,107,136,241,244,248,363,410,490,496,527,557,563],"timestamp":1700429656,"path_taken":["M","$","M","M","M","E","R","?","T","M","E","R","E","M","R","BOSS"],"build_version":"2022-12-18","purchased_purges":0,"victory":false,"max_hp_per_floor":[71,71,71,71,71,71,71,71,71,71,71,71,71,71,71,71],"relic_stats":{"counters":[10,46],"Juzu Bracelet":0,"War Paint":["Defend_B","Zap"],"Smiling Mask":0,"obtain_stats":[{"Juzu Bracelet":11,"War Paint":6,"Cracked Core":0,"Smiling Mask":9,"Toy Ornithopter":13},{"Juzu Bracelet":7,"War Paint":5,"Cracked Core":0,"Smiling Mask":5,"Toy Ornithopter":8},{"Juzu Bracelet":31,"War Paint":20,"Cracked Core":0,"Smiling Mask":20,"Toy Ornithopter":34}],"Toy Ornithopter":0},"card_choices":[{"not_picked":["Heatsinks","Leap"],"picked":"Coolheaded","floor":1},{"not_picked":["Gash","Force Field"],"picked":"Compile Driver","floor":3},{"not_picked":["Cold Snap","Darkness"],"picked":"Consume","floor":4},{"not_picked":["Stack","Gash"],"picked":"Compile Driver","floor":5},{"not_picked":["Turbo","Force Field"],"picked":"Sweeping Beam","floor":6},{"not_picked":["Chaos","Go for the Eyes"],"picked":"Rebound","floor":10},{"not_picked":["Leap","Conserve Battery"],"picked":"Defragment","floor":11},{"not_picked":["Beam Cell","Ball Lightning"],"picked":"Seek","floor":13},{"not_picked":["Steam Power","Leap"],"picked":"Fusion","floor":14}],"player_experience":2284082,"relics_obtained":[{"floor":6,"key":"War Paint"},{"floor":9,"key":"Smiling Mask"},{"floor":11,"key":"Juzu Bracelet"},{"floor":13,"key":"Toy Ornithopter"}],"event_choices":[{"damage_healed":23,"gold_gain":0,"player_choice":"Banana","damage_taken":0,"max_hp_gain":0,"max_hp_loss":0,"event_name":"Big Fish","floor":8,"gold_loss":0}],"is_beta":false,"boss_relics":[],"items_purged_floors":[],"is_endless":false,"potions_floor_spawned":[1,10,11],"killed_by":"Hexaghost","ascension_level":20,"potion_discard_per_floor":[[],[],[],[],[],[],[],[],[],["PotionOfCapacity"],[],[],[],[],[],[]]}