{"neow_bonuses_skipped_log":["TEN_PERCENT_HP_BONUS","TWENTY_PERCENT_HP_BONUS","BOSS_RELIC"],"potions_obtained_entropic_brew":[[],[],[],[],[],[],[],[],[],[],[],[],[],[],[],[],[],[],[],[],[],[],[],[],[],[],[]],"neow_costs_skipped_log":["NONE","PERCENT_DAMAGE","NONE"],"gold_per_floor":[118,136,61,61,78,78,105,105,105,121,121,121,132,166,166,243,243,257,276,158,158,172,172,204,221,274,274],"floor_reached":27,"playtime":1240,"items_purged":["Strike_B"],"score":536,"play_id":"d1a37e32-4407-4beb-b3e8-367d49481766","local_time":"20231118070715","score_breakdown":["Floors Climbed (27): 135","Enemies Slain (9): 18","Exordium Elites Killed (2): 20","City Elites Killed (1): 20","Bosses Slain (1): 50","Champion (1): 25","Ascension (20): 268"],"is_ascension_mode":true,"potions_obtained_alchemize":[[],[],[],[],[],[],[],[],[],[],[],[],[],[],[],[],[],[],[],[],[],[],[],[],[],[],[]],"campfire_choices":[{"data":"Rip and Tear","floor":6,"key":"SMITH"},{"data":"Streamline","floor":8,"key":"SMITH"},{"data":"Seek","floor":12,"key":"SMITH"},{"data":"Skim","floor":15,"key":"SMITH"},{"floor":23,"key":"REST"}],"lesson_learned_per_floor":[[],[],[],[],[],[],[],[],[],[],[],[],[],[],[],[],[],[],[],[],[],[],[],[],[],[],[]],"neow_cost":"NONE","improvable_cards":{"Genetic Algorithm":[25]},"seed_source_timestamp":5376719316638000,"shop_contents":[{"floor":20,"relics":["Eternal Feather","Turnip","HandDrill"],"cards":["Rip and Tear","Rebound","Genetic Algorithm","Tempest","Mind Blast","Apotheosis"],"potions":["FearPotion","SteroidPotion","FearPotion"]}],"circlet_count":0,"master_deck":["AscendersBane","Strike_B","Defend_B","Defend_B","Defend_B","Zap","Dualcast","Seek+1","Rip and Tear+1","Streamline+1","Glacier","Skim+1","Turbo","Genetic Algorithm","Echo Form","Cold Snap","Doom and Gloom","Capacitor","Coolheaded"],"potion_use_per_floor":[[],[],[],[],[],[],[],[],[],[],[],[],[],["EssenceOfSteel"],[],["Fire Potion"],[],[],[],[],[],["DuplicationPotion"],[],[],[],[],[]],"relics":["Cracked Core","Incense Burner","Art of War","Letter Opener","PreservedInsect","Runic Pyramid","The Courier","Akabeko"],"potions_floor_usage":[14,16,22],"damage_taken":[{"damage":1,"enemies":"Cultist","floor":1,"turns":3},{"damage":2,"enemies":"Jaw Worm","floor":2,"turns":2},{"damage":6,"enemies":"2 Louse","floor":5,"turns":3},{"damage":0,"enemies":"Gremlin Nob","floor":7,"turns":4},{"damage":14,"enemies":"Red Slaver","floor":10,"turns":2},{"damage":1,"enemies":"2 Fungi Beasts","floor":13,"turns":4},{"damage":8,"enemies":"Lagavulin","floor":14,"turns":5},{"damage":6,"enemies":"Slime Boss","floor":16,"turns":8},{"damage":31,"enemies":"3 Byrds","floor":18,"turns":8},{"damage":22,"enemies":"2 Thieves","floor":19,"turns":4},{"damage":2,"enemies":"Snake Plant","floor":22,"turns":6},{"damage":14,"enemies":"Book of Stabbing","floor":24,"turns":5},{"damage":2,"enemies":"Centurion and Healer","floor":25,"turns":10},{"damage":7,"enemies":"Masked Bandits","floor":27,"turns":3}],"seed_played":"-2789024163598252042","neow_bonus_log":{"cardsObtained":["Seek"],"cardsUpgraded":[],"cardsRemoved":[],"cardsTransformed":["Defend_B"],"relicsObtained":[],"maxHpGained":0,"goldGained":0,"damageTaken":0,"goldLost":0,"maxHpLost":0},"potions_obtained":[{"floor":1,"key":"Fire Potion"},{"floor":5,"key":"EssenceOfSteel"},{"floor":14,"key":"FocusPotion"},{"floor":18,"key":"DuplicationPotion"}],"is_trial":false,"path_per_floor":["M","M","?","?","M","R","E","R","T","M","?","R","M","E","R","B",null,"M","M","$","?","M","R","E","M","T","?"],"character_chosen":"DEFECT","basemod:card_modifiers":[null,null,null,null,null,null,null,null,null,null,null,null,null,null,null,null,null,null,null],"items_purchased":["Capacitor"],"campfire_rested":1,"item_purchase_floors":[20],"current_hp_per_floor":[63,61,61,50,44,44,44,44,44,30,30,30,29,21,21,15,57,26,4,4,4,2,23,9,7,7,0],"gold":274,"neow_bonus":"TRANSFORM_CARD","is_prod":false,"is_daily":false,"rewards_skipped":[{"floor":10,"relics":[],"potions":["GamblersBrew"]},{"floor":19,"relics":[],"potions":["Energy Potion"]}],"chose_seed":false,"campfire_upgraded":4,"win_rate":0,"floor_exit_playtime":[41,62,70,75,109,118,164,174,176,211,219,232,278,369,375,491,514,651,721,749,755,857,863,996,1150,1153],"timestamp":1700309235,"path_taken":["M","M","?","?","M","R","E","R","T","?","?","R","M","E","R","BOSS","M","M","$","?","?","R","E","M","T","?"],"build_version":"2022-12-18","purchased_purges":1,"victory":false,"max_hp_per_floor":[71,71,71,71,71,71,71,71,71,71,71,71,71,71,71,71,71,71,71,71,71,71,71,71,71,71,71],"relic_stats":{"counters":[14,67],"PreservedInsect":43,"The Courier":0,"Art of War":[17],"Letter Opener":[132],"obtain_stats":[{"PreservedInsect":14,"The Courier":24,"Incense Burner":4,"Art of War":7,"Letter Opener":9,"Cracked Core":0,"Akabeko":26,"Runic Pyramid":17},{"PreservedInsect":7,"The Courier":12,"Incense Burner":2,"Art of War":4,"Letter Opener":4,"Cracked Core":0,"Akabeko":13,"Runic Pyramid":8},{"PreservedInsect":23,"The Courier":54,"Incense Burner":5,"Art of War":12,"Letter Opener":12,"Cracked Core":0,"Akabeko":64,"Runic Pyramid":31}]},"card_choices":[{"not_picked":["BootSequence","Undo"],"picked":"Rip and Tear","floor":1},{"not_picked":["Steam Power","Gash"],"picked":"Streamline","floor":2},{"not_picked":["Double Energy","Ball Lightning"],"picked":"Glacier","floor":5},{"not_picked":["Auto Shields","Heatsinks"],"picked":"Skim","floor":7},{"not_picked":["Ball Lightning","Consume"],"picked":"Turbo","floor":10},{"not_picked":["Cold Snap","Gash"],"picked":"Genetic Algorithm","floor":13},{"not_picked":["Rainbow","Leap","Redo"],"picked":"SKIP","floor":14},{"not_picked":["Reboot","Multi-Cast"],"picked":"Echo Form","floor":16},{"not_picked":["Streamline","Genetic Algorithm"],"picked":"Cold Snap","floor":18},{"not_picked":["Sweeping Beam+1","Creative AI"],"picked":"Doom and Gloom","floor":19},{"not_picked":["Melter","Skim","Ball Lightning"],"picked":"SKIP","floor":22},{"not_picked":["Streamline+1","Leap","Ball Lightning"],"picked":"SKIP","floor":24},{"not_picked":["BootSequence+1","Amplify"],"picked":"Coolheaded","floor":25}],"player_experience":2274627,"relics_obtained":[{"floor":7,"key":"Art of War"},{"floor":9,"key":"Letter Opener"},{"floor":14,"key":"PreservedInsect"},{"floor":24,"key":"The Courier"},{"floor":26,"key":"Akabeko"}],"event_choices":[{"cards_removed":["Strike_B"],"damage_healed":0,"gold_gain":0,"player_choice":"Card Removal","damage_taken":0,"max_hp_gain":0,"max_hp_loss":0,"event_name":"The Cleric","floor":3,"gold_loss":75},{"damage_healed":0,"gold_gain":0,"player_choice":"Success","damage_taken":11,"relics_obtained":["Incense Burner"],"max_hp_gain":0,"max_hp_loss":0,"event_name":"Scrap Ooze","floor":4,"gold_loss":0},{"damage_healed":0,"gold_gain":0,"player_choice":"Searched \u00270\u0027 times","damage_taken":0,"max_hp_gain":0,"max_hp_loss":0,"event_name":"Dead Adventurer","floor":11,"gold_loss":0},{"cards_removed":["Strike_B"],"damage_healed":0,"gold_gain":0,"player_choice":"Purged","damage_taken":0,"max_hp_gain":0,"max_hp_loss":0,"event_name":"Purifier","floor":21,"gold_loss":0},{"damage_healed":0,"gold_gain":0,"player_choice":"Fought Bandits","damage_taken":0,"max_hp_gain":0,"max_hp_loss":0,"event_name":"Masked Bandits","floor":27,"gold_loss":0}],"is_beta":false,"boss_relics":[{"not_picked":["Empty Cage","Ectoplasm"],"picked":"Runic Pyramid"}],"items_purged_floors":[20],"is_endless":false,"potions_floor_spawned":[1,5,10,14,18,19],"killed_by":"Masked Bandits","ascension_level":20,"potion_discard_per_floor":[[],[],[],[],[],[],[],[],[],[],[],[],[],[],[],[],[],[],[],[],[],[],[],[],[],[],[]]}