{"neow_bonuses_skipped_log":["THREE_CARDS","RANDOM_COMMON_RELIC","BOSS_RELIC"],"potions_obtained_entropic_brew":[[],[],[],[],[],[],[],[],[],[],[],[],[],[],[],[],[],[],[],[],[],[],[],[],[],[],[]],"neow_costs_skipped_log":["NONE","NONE","NONE"],"gold_per_floor":[116,133,143,143,160,160,186,186,268,301,301,319,337,356,356,433,433,446,446,446,461,411,411,422,422,448,448],"floor_reached":27,"playtime":1316,"items_purged":[],"score":450,"play_id":"a3101d29-c187-4354-aea5-bbec870ac69e","local_time":"20231123055620","score_breakdown":["Floors Climbed (27): 135","Enemies Slain (10): 20","Exordium Elites Killed (2): 20","City Elites Killed (0): 0","Bosses Slain (1): 50","Ascension (20): 225"],"is_ascension_mode":true,"potions_obtained_alchemize":[[],[],[],[],[],[],[],[],[],[],[],[],[],[],[],[],[],[],[],[],[],[],[],[],[],[],[]],"campfire_choices":[{"data":"Biased Cognition","floor":6,"key":"SMITH"},{"data":"Hologram","floor":11,"key":"SMITH"},{"data":"Machine Learning","floor":15,"key":"SMITH"},{"data":"Fission","floor":23,"key":"SMITH"},{"data":"Buffer","floor":25,"key":"SMITH"}],"lesson_learned_per_floor":[[],[],[],[],[],[],[],[],[],[],[],[],[],[],[],[],[],[],[],[],[],[],[],[],[],[],[]],"neow_cost":"TEN_PERCENT_HP_LOSS","improvable_cards":{},"seed_source_timestamp":5804379797115300,"shop_contents":[],"circlet_count":0,"master_deck":["AscendersBane","Strike_B","Strike_B","Defend_B","Defend_B","Defend_B","Defend_B","Zap","Dualcast","Glacier","Ball Lightning","Ball Lightning","Machine Learning+1","Biased Cognition+1","Gash","Hologram+1","Doom and Gloom","Undo","Skim","Compile Driver","Fission+1","Double Energy","Coolheaded","Buffer+1"],"potion_use_per_floor":[[],[],[],[],[],[],["AttackPotion"],[],[],["Strength Potion"],[],[],[],["AttackPotion"],[],["DuplicationPotion","Fire Potion"],[],[],[],[],[],[],[],[],[],[],["ColorlessPotion"]],"relics":["Cracked Core","Torii","Prayer Wheel","Question Card","Blood Vial","Coffee Dripper","Potion Belt"],"potions_floor_usage":[7,10,14,16,16,27],"damage_taken":[{"damage":0,"enemies":"Cultist","floor":1,"turns":3},{"damage":2,"enemies":"2 Louse","floor":2,"turns":4},{"damage":7,"enemies":"Small Slimes","floor":3,"turns":3},{"damage":11,"enemies":"Exordium Thugs","floor":5,"turns":5},{"damage":12,"enemies":"3 Sentries","floor":7,"turns":7},{"damage":8,"enemies":"Gremlin Nob","floor":10,"turns":3},{"damage":0,"enemies":"2 Fungi Beasts","floor":12,"turns":4},{"damage":1,"enemies":"Large Slime","floor":13,"turns":4},{"damage":0,"enemies":"Blue Slaver","floor":14,"turns":2},{"damage":1,"enemies":"The Guardian","floor":16,"turns":12},{"damage":0,"enemies":"Chosen","floor":18,"turns":3},{"damage":0,"enemies":"Spheric Guardian","floor":21,"turns":3},{"damage":9,"enemies":"Snake Plant","floor":24,"turns":3},{"damage":45,"enemies":"Slavers","floor":27,"turns":8}],"seed_played":"6938737243267006606","neow_bonus_log":{"cardsObtained":[],"cardsUpgraded":[],"cardsRemoved":[],"cardsTransformed":[],"relicsObtained":["Torii"],"maxHpGained":0,"goldGained":0,"damageTaken":0,"goldLost":0,"maxHpLost":7},"potions_obtained":[{"floor":2,"key":"AttackPotion"},{"floor":5,"key":"Strength Potion"},{"floor":12,"key":"AttackPotion"},{"floor":13,"key":"Fire Potion"},{"floor":14,"key":"DuplicationPotion"},{"floor":21,"key":"CultistPotion"},{"floor":24,"key":"ColorlessPotion"}],"is_trial":false,"path_per_floor":["M","M","M","?","M","R","E","?","T","E","R","M","M","M","R","B",null,"M","?","?","M","?","R","M","R","T","E"],"character_chosen":"DEFECT","basemod:card_modifiers":[null,null,null,null,null,null,null,null,null,null,null,null,null,null,null,null,null,null,null,null,null,null,null,null],"items_purchased":[],"campfire_rested":0,"item_purchase_floors":[],"current_hp_per_floor":[64,62,55,55,44,44,32,32,32,24,24,26,27,29,29,30,56,58,41,41,43,43,43,36,36,36,0],"gold":448,"neow_bonus":"ONE_RARE_RELIC","is_prod":false,"is_daily":false,"rewards_skipped":[],"chose_seed":false,"campfire_upgraded":5,"win_rate":0,"floor_exit_playtime":[53,96,154,163,222,227,333,338,340,372,384,449,569,628,641,883,909,956,963,966,1031,1048,1054,1114,1121,1124],"timestamp":1700736980,"path_taken":["M","M","M","?","M","R","E","?","T","E","R","M","?","M","R","BOSS","M","?","?","M","?","R","?","R","T","E"],"build_version":"2022-12-18","purchased_purges":0,"victory":false,"max_hp_per_floor":[64,64,64,64,64,64,64,64,64,64,64,64,64,64,64,64,64,64,69,69,69,69,69,69,69,69,69],"relic_stats":{"Blood Vial":16,"Torii":26,"counters":[14,64],"Prayer Wheel":6,"Question Card":14,"obtain_stats":[{"Blood Vial":10,"Potion Belt":26,"Torii":0,"Prayer Wheel":7,"Coffee Dripper":17,"Cracked Core":0,"Question Card":9},{"Blood Vial":6,"Potion Belt":13,"Torii":0,"Prayer Wheel":5,"Coffee Dripper":10,"Cracked Core":0,"Question Card":5},{"Blood Vial":25,"Potion Belt":56,"Torii":0,"Prayer Wheel":22,"Coffee Dripper":47,"Cracked Core":0,"Question Card":22}]},"card_choices":[{"not_picked":["Ball Lightning","Streamline"],"picked":"Glacier","floor":1},{"not_picked":["Leap","Go for the Eyes"],"picked":"Ball Lightning","floor":2},{"not_picked":["Scrape","Redo"],"picked":"Ball Lightning","floor":3},{"not_picked":["Coolheaded","Hologram"],"picked":"Biased Cognition","floor":5},{"not_picked":["Stack","Gash","Machine Learning"],"picked":"SKIP","floor":7},{"not_picked":["Force Field","Aggregate","Redo"],"picked":"Hologram","floor":10},{"not_picked":["Coolheaded","Sweeping Beam","Beam Cell"],"picked":"Doom and Gloom","floor":12},{"not_picked":["Go for the Eyes","Steam","Streamline"],"picked":"Undo","floor":12},{"not_picked":["Hologram","Double Energy","Ball Lightning","Rebound"],"picked":"SKIP","floor":13},{"not_picked":["Sweeping Beam","Rainbow","Go for the Eyes","Ball Lightning"],"picked":"SKIP","floor":13},{"not_picked":["Force Field","Thunder Strike","Ball Lightning"],"picked":"Skim","floor":14},{"not_picked":["Hologram","Beam Cell","Rebound"],"picked":"Compile Driver","floor":14},{"not_picked":["Electrodynamics","Amplify","Machine Learning"],"picked":"Fission","floor":16},{"not_picked":["Barrage","Gash","Steam"],"picked":"Double Energy","floor":18},{"not_picked":["BootSequence","Steam","Rebound","Streamline"],"picked":"SKIP","floor":18},{"not_picked":["Sweeping Beam","White Noise","Cold Snap"],"picked":"Coolheaded","floor":21},{"not_picked":["Steam","Compile Driver","Go for the Eyes","Conserve Battery"],"picked":"SKIP","floor":21},{"not_picked":["Go for the Eyes","Melter","Loop"],"picked":"Buffer","floor":24},{"not_picked":["Tempest","Steam+1","Barrage","Gash"],"picked":"SKIP","floor":24}],"player_experience":2331926,"relics_obtained":[{"floor":7,"key":"Prayer Wheel"},{"floor":9,"key":"Question Card"},{"floor":10,"key":"Blood Vial"},{"floor":26,"key":"Potion Belt"}],"event_choices":[{"damage_healed":0,"gold_gain":0,"cards_transformed":["Strike_B"],"player_choice":"Change","damage_taken":0,"max_hp_gain":0,"max_hp_loss":0,"event_name":"Living Wall","floor":4,"gold_loss":0,"cards_obtained":["Machine Learning"]},{"damage_healed":0,"gold_gain":0,"cards_transformed":["Strike_B"],"player_choice":"Transformed","damage_taken":0,"max_hp_gain":0,"max_hp_loss":0,"event_name":"Transmorgrifier","floor":8,"gold_loss":0,"cards_obtained":["Gash"]},{"damage_healed":0,"gold_gain":0,"player_choice":"Shed Blood","damage_taken":22,"max_hp_gain":5,"max_hp_loss":0,"event_name":"Forgotten Altar","floor":19,"gold_loss":0},{"damage_healed":0,"gold_gain":0,"player_choice":"Ignored","damage_taken":0,"max_hp_gain":0,"max_hp_loss":0,"event_name":"The Mausoleum","floor":20,"gold_loss":0},{"damage_healed":0,"gold_gain":0,"player_choice":"Bet on Murderer","damage_taken":0,"max_hp_gain":0,"max_hp_loss":0,"event_name":"The Joust","floor":22,"gold_loss":50}],"is_beta":false,"boss_relics":[{"not_picked":["SacredBark","Philosopher\u0027s Stone"],"picked":"Coffee Dripper"}],"items_purged_floors":[],"is_endless":false,"potions_floor_spawned":[2,5,12,13,14,21,24],"killed_by":"Slavers","ascension_level":20,"potion_discard_per_floor":[[],[],[],[],[],[],[],[],[],[],[],[],[],[],[],[],[],[],[],[],[],[],[],[],[],[],[]]}