{"neow_bonuses_skipped_log":["RANDOM_COLORLESS","TEN_PERCENT_HP_BONUS","TWENTY_PERCENT_HP_BONUS"],"potions_obtained_entropic_brew":[[],[],[],[],[],[],[],[],[],[],[],[],[],[],[],[],[],[],[],[],[],[],[],[],[],[],[],[],[],[],[],[],[]],"neow_costs_skipped_log":["NONE","NONE","PERCENT_DAMAGE"],"gold_per_floor":[118,137,150,170,170,170,199,216,241,257,257,271,306,320,320,394,394,411,253,270,125,135,135,135,165,188,188,206,206,233,252,252,252],"floor_reached":33,"playtime":1864,"items_purged":["Beam Cell","Steam"],"score":602,"play_id":"58176582-9ce3-4ee5-a412-841fd5c47924","local_time":"20231123062732","score_breakdown":["Floors Climbed (33): 165","Enemies Slain (13): 26","Exordium Elites Killed (2): 20","City Elites Killed (2): 40","Bosses Slain (1): 50","Ascension (20): 301"],"is_ascension_mode":true,"potions_obtained_alchemize":[[],[],[],[],[],[],[],[],[],[],[],[],[],[],[],[],[],[],[],[],[],[],[],[],[],[],[],[],[],[],[],[],[]],"campfire_choices":[{"data":"Doom and Gloom","floor":6,"key":"SMITH"},{"data":"Zap","floor":11,"key":"SMITH"},{"data":"Redo","floor":15,"key":"SMITH"},{"data":"Fission","floor":23,"key":"SMITH"},{"data":"Fission","floor":29,"key":"SMITH"},{"data":"Multi-Cast","floor":32,"key":"SMITH"}],"lesson_learned_per_floor":[[],[],[],[],[],[],[],[],[],[],[],[],[],[],[],[],[],[],[],[],[],[],[],[],[],[],[],[],[],[],[],[],[]],"neow_cost":"NONE","improvable_cards":{},"seed_source_timestamp":5805703933559600,"shop_contents":[{"floor":19,"relics":["Tiny Chest","Eternal Feather","Cauldron"],"cards":["Compile Driver","Ball Lightning","Steam Power","Consume","Dark Shackles","Sadistic Nature"],"potions":["Dexterity Potion","SteroidPotion","FairyPotion"]},{"floor":21,"relics":["CaptainsWheel","Du-Vu Doll","DollysMirror"],"cards":["Go for the Eyes","Doom and Gloom","Recycle","Reboot","Enlightenment","Panache"],"potions":["Fire Potion","Dexterity Potion","ColorlessPotion"]}],"circlet_count":0,"master_deck":["AscendersBane","Zap+1","Dualcast","Doom and Gloom+1","Cold Snap","BootSequence","Cold Snap","Reboot","Skim","Redo+1","Compile Driver","Turbo","Fission+1","Core Surge","Static Discharge","Fission+1","Reinforced Body","Hello World","Ball Lightning","Leap+1","Self Repair","Hologram","Heatsinks","Self Repair","Multi-Cast+1","Undo+1"],"potion_use_per_floor":[[],[],[],["Fire Potion"],[],[],[],[],[],[],[],[],["SteroidPotion"],[],[],[],[],[],[],[],[],[],[],[],["Block Potion"],[],[],[],[],["SkillPotion"],[],[],["Energy Potion"]],"relics":["Runic Dome","Symbiotic Virus","Toy Ornithopter","Pen Nib","Pandora\u0027s Box","Juzu Bracelet","Oddly Smooth Stone","Lantern"],"potions_floor_usage":[4,13,25,30,33],"damage_taken":[{"damage":0,"enemies":"Cultist","floor":1,"turns":3},{"damage":3,"enemies":"Small Slimes","floor":2,"turns":3},{"damage":9,"enemies":"Jaw Worm","floor":3,"turns":4},{"damage":0,"enemies":"Looter","floor":4,"turns":4},{"damage":11,"enemies":"Lagavulin","floor":7,"turns":5},{"damage":8,"enemies":"Gremlin Gang","floor":8,"turns":4},{"damage":0,"enemies":"Exordium Wildlife","floor":10,"turns":2},{"damage":0,"enemies":"Looter","floor":12,"turns":2},{"damage":9,"enemies":"Gremlin Nob","floor":13,"turns":3},{"damage":0,"enemies":"Exordium Thugs","floor":14,"turns":3},{"damage":15,"enemies":"The Guardian","floor":16,"turns":7},{"damage":6,"enemies":"Shell Parasite","floor":18,"turns":3},{"damage":11,"enemies":"3 Byrds","floor":20,"turns":5},{"damage":16,"enemies":"Centurion and Healer","floor":22,"turns":6},{"damage":8,"enemies":"Gremlin Leader","floor":25,"turns":6},{"damage":5,"enemies":"Snecko","floor":28,"turns":6},{"damage":10,"enemies":"Slavers","floor":30,"turns":4},{"damage":6,"enemies":"Snake Plant","floor":31,"turns":5},{"damage":80,"enemies":"Collector","floor":33,"turns":9}],"seed_played":"8849667280820623690","neow_bonus_log":{"cardsObtained":[],"cardsUpgraded":[],"cardsRemoved":[],"cardsTransformed":[],"relicsObtained":["Runic Dome"],"maxHpGained":0,"goldGained":0,"damageTaken":0,"goldLost":0,"maxHpLost":0},"potions_obtained":[{"floor":1,"key":"PowerPotion"},{"floor":2,"key":"Fire Potion"},{"floor":3,"key":"SteroidPotion"},{"floor":13,"key":"Energy Potion"},{"floor":14,"key":"Swift Potion"},{"floor":16,"key":"Block Potion"},{"floor":28,"key":"SkillPotion"},{"floor":30,"key":"Dexterity Potion"}],"is_trial":false,"path_per_floor":["M","M","M","M","?","R","E","M","T","M","R","M","E","M","R","B",null,"M","$","M","$","M","R","?","E","T","?","M","R","E","M","R","B"],"character_chosen":"DEFECT","basemod:card_modifiers":[null,null,null,null,null,null,null,null,null,null,null,null,null,null,null,null,null,null,null,null,null,null,null,null,null,null],"items_purchased":["Self Repair","Heatsinks"],"campfire_rested":0,"item_purchase_floors":[19,21],"current_hp_per_floor":[64,61,52,52,52,52,41,33,33,33,33,33,29,29,29,14,57,51,51,47,47,38,38,38,42,42,42,51,51,53,61,61,0],"gold":252,"neow_bonus":"BOSS_RELIC","is_prod":false,"is_daily":false,"rewards_skipped":[],"chose_seed":false,"campfire_upgraded":6,"win_rate":0,"floor_exit_playtime":[46,74,121,168,187,193,249,297,299,334,346,376,416,465,475,603,624,671,700,801,875,1055,1060,1067,1206,1212,1231,1348,1354,1496,1607,1618],"timestamp":1700738852,"path_taken":["M","?","M","M","?","R","E","M","T","M","R","M","E","M","R","BOSS","M","$","?","$","M","R","?","E","T","?","M","R","E","M","R","BOSS"],"build_version":"2022-12-18","purchased_purges":2,"victory":false,"max_hp_per_floor":[71,71,71,71,71,71,71,71,71,71,71,71,71,71,71,71,71,71,71,71,71,71,71,71,71,71,71,71,71,71,71,71,71],"relic_stats":{"counters":[19,84],"Pandora\u0027s Box":["Core Surge","Static Discharge","Fission","Beam Cell","Steam","Reinforced Body","Hello World","Ball Lightning"],"Pen Nib":[10],"Juzu Bracelet":0,"obtain_stats":[{"Runic Dome":0,"Lantern":30,"Oddly Smooth Stone":26,"Pandora\u0027s Box":17,"Pen Nib":13,"Juzu Bracelet":25,"Cracked Core":0,"Symbiotic Virus":7,"Toy Ornithopter":9},{"Runic Dome":0,"Lantern":17,"Oddly Smooth Stone":15,"Pandora\u0027s Box":11,"Pen Nib":9,"Juzu Bracelet":15,"Cracked Core":0,"Symbiotic Virus":5,"Toy Ornithopter":6},{"Runic Dome":0,"Lantern":70,"Oddly Smooth Stone":60,"Pandora\u0027s Box":40,"Pen Nib":30,"Juzu Bracelet":60,"Cracked Core":0,"Symbiotic Virus":19,"Toy Ornithopter":23}],"Toy Ornithopter":20},"card_choices":[{"not_picked":["Go for the Eyes","Cold Snap"],"picked":"Doom and Gloom","floor":1},{"not_picked":["Beam Cell","Hologram"],"picked":"Cold Snap","floor":2},{"not_picked":["Scrape","Stack"],"picked":"BootSequence","floor":3},{"not_picked":["Chaos","Leap"],"picked":"Cold Snap","floor":4},{"not_picked":["Force Field","Sweeping Beam","Chaos"],"picked":"SKIP","floor":7},{"not_picked":["Gash","Go for the Eyes"],"picked":"Skim","floor":8},{"not_picked":["Stack","Beam Cell","Turbo"],"picked":"SKIP","floor":10},{"not_picked":["Machine Learning","Sweeping Beam"],"picked":"Redo","floor":12},{"not_picked":["Coolheaded","Steam Power"],"picked":"Compile Driver","floor":13},{"not_picked":["BootSequence","Compile Driver"],"picked":"Turbo","floor":14},{"not_picked":["Hyperbeam","Machine Learning"],"picked":"Fission","floor":16},{"not_picked":["Steam","BootSequence"],"picked":"Leap+1","floor":18},{"not_picked":["Gash","Stack"],"picked":"Hologram","floor":20},{"not_picked":["Steam+1","Hologram","Recycle"],"picked":"SKIP","floor":22},{"not_picked":["Melter","Core Surge","Barrage"],"picked":"SKIP","floor":25},{"not_picked":["Steam Power","Steam","Auto Shields"],"picked":"SKIP","floor":28},{"not_picked":["Blizzard","Reprogram"],"picked":"Multi-Cast","floor":30},{"not_picked":["Beam Cell","Force Field"],"picked":"Undo+1","floor":31}],"player_experience":2333242,"relics_obtained":[{"floor":7,"key":"Symbiotic Virus"},{"floor":9,"key":"Toy Ornithopter"},{"floor":13,"key":"Pen Nib"},{"floor":25,"key":"Juzu Bracelet"},{"floor":26,"key":"Oddly Smooth Stone"},{"floor":30,"key":"Lantern"}],"event_choices":[{"damage_healed":0,"gold_gain":0,"player_choice":"1 cards matched","damage_taken":0,"max_hp_gain":0,"max_hp_loss":0,"event_name":"Match and Keep!","floor":5,"gold_loss":0,"cards_obtained":["Reboot"]},{"damage_healed":0,"gold_gain":0,"player_choice":"Ignored","damage_taken":0,"max_hp_gain":0,"max_hp_loss":0,"event_name":"The Mausoleum","floor":24,"gold_loss":0},{"damage_healed":0,"gold_gain":0,"player_choice":"1 cards matched","damage_taken":0,"max_hp_gain":0,"max_hp_loss":0,"event_name":"Match and Keep!","floor":27,"gold_loss":0,"cards_obtained":["Self Repair"]}],"is_beta":false,"boss_relics":[{"not_picked":["Empty Cage","Ectoplasm"],"picked":"Pandora\u0027s Box"}],"items_purged_floors":[19,21],"is_endless":false,"potions_floor_spawned":[1,2,3,13,14,16,28,30],"killed_by":"Collector","ascension_level":20,"potion_discard_per_floor":[[],[],["PowerPotion"],[],[],[],[],[],[],[],[],[],[],[],[],["Swift Potion"],[],[],[],[],[],[],[],[],[],[],[],[],[],[],[],[],[]]}