{"neow_bonuses_skipped_log":["ONE_RANDOM_RARE_CARD","REMOVE_TWO","BOSS_RELIC"],"potions_obtained_entropic_brew":[[],[],[],[],[],[],[],[],[],[],[],[],[],[],[],[]],"neow_costs_skipped_log":["NONE","PERCENT_DAMAGE","NONE"],"gold_per_floor":[217,59,71,71,71,71,106,121,148,158,187,187,187,220,220,220],"floor_reached":16,"playtime":467,"items_purged":[],"score":236,"play_id":"f46dc0e7-0c02-4aa8-9e73-20d19c5864a4","local_time":"20231118111706","score_breakdown":["Floors Climbed (16): 80","Enemies Slain (4): 8","Exordium Elites Killed (3): 30","Bosses Slain (0): 0","Ascension (20): 118"],"is_ascension_mode":true,"potions_obtained_alchemize":[[],[],[],[],[],[],[],[],[],[],[],[],[],[],[],[]],"campfire_choices":[{"data":"Lockon","floor":6,"key":"SMITH"},{"data":"Darkness","floor":12,"key":"SMITH"},{"data":"Coolheaded","floor":15,"key":"SMITH"}],"lesson_learned_per_floor":[[],[],[],[],[],[],[],[],[],[],[],[],[],[],[],[]],"neow_cost":"NONE","improvable_cards":{},"seed_source_timestamp":5392468380062900,"shop_contents":[{"floor":2,"relics":["StrikeDummy","Question Card","Lee\u0027s Waffle"],"cards":["Go for the Eyes","Turbo","Stack","Loop","Deep Breath","Magnetism"],"potions":["ColorlessPotion","PotionOfCapacity"]}],"circlet_count":0,"master_deck":["AscendersBane","Strike_B","Strike_B","Strike_B","Defend_B","Defend_B+1","Defend_B+1","Defend_B","Zap","Dualcast","Lockon+1","Cold Snap","Beam Cell+1","Coolheaded+1","Conserve Battery","Darkness+1","Capacitor","Coolheaded+1"],"special_seed":0,"potion_use_per_floor":[[],[],["Fire Potion"],[],[],[],["EssenceOfDarkness"],[],[],[],["SkillPotion"],[],[],["SkillPotion"],[],[]],"relics":["Cracked Core","War Paint","Boot","Juzu Bracelet","FossilizedHelix"],"potions_floor_usage":[3,7,11,14],"damage_taken":[{"damage":4.0,"enemies":"Jaw Worm","floor":1.0,"turns":4.0},{"damage":4,"enemies":"Small Slimes","floor":3,"turns":2},{"damage":8,"enemies":"Lagavulin","floor":7,"turns":5},{"damage":0,"enemies":"2 Louse","floor":8,"turns":2},{"damage":0,"enemies":"2 Fungi Beasts","floor":10,"turns":4},{"damage":7,"enemies":"Gremlin Nob","floor":11,"turns":3},{"damage":8,"enemies":"3 Sentries","floor":14,"turns":10},{"damage":30,"enemies":"Hexaghost","floor":16,"turns":9}],"seed_played":"-7521203957251591745","neow_bonus_log":{"cardsObtained":[],"cardsUpgraded":[],"cardsRemoved":[],"cardsTransformed":[],"relicsObtained":[],"maxHpGained":0,"goldGained":100,"damageTaken":0,"goldLost":0,"maxHpLost":0},"potions_obtained":[{"floor":1,"key":"Fire Potion"},{"floor":7,"key":"SkillPotion"},{"floor":8,"key":"SkillPotion"}],"is_trial":false,"path_per_floor":["M","$","M","?","?","R","E","M","T","M","E","R","?","E","R","B"],"character_chosen":"DEFECT","basemod:card_modifiers":[null,null,null,null,null,null,null,null,null,null,null,null,null,null,null,null,null,null],"items_purchased":["Cold Snap","EssenceOfDarkness"],"campfire_rested":0,"item_purchase_floors":[2,2],"current_hp_per_floor":[60,60,56,35,58,58,50,50,50,50,43,43,36,28,28,0],"gold":220,"neow_bonus":"HUNDRED_GOLD","is_prod":false,"is_daily":false,"rewards_skipped":[],"chose_seed":false,"campfire_upgraded":3,"win_rate":0,"floor_exit_playtime":[38,48,74,77,81,87,122,154,157,206,247,253,259,371,379],"timestamp":1700324226,"path_taken":["M","$","M","?","?","R","E","M","T","M","E","R","?","E","R","BOSS"],"build_version":"2022-12-18","purchased_purges":0,"victory":false,"max_hp_per_floor":[71,71,71,71,71,71,71,71,71,71,71,71,71,71,71,71],"relic_stats":{"counters":[8,39],"Juzu Bracelet":0,"War Paint":["Defend_B","Coolheaded"],"Boot":[7],"obtain_stats":[{"Juzu Bracelet":11,"War Paint":7,"Cracked Core":0,"Boot":9,"FossilizedHelix":14},{"Juzu Bracelet":6,"War Paint":3,"Cracked Core":0,"Boot":4,"FossilizedHelix":7},{"Juzu Bracelet":20,"War Paint":11,"Cracked Core":0,"Boot":13,"FossilizedHelix":30}],"FossilizedHelix":[3]},"card_choices":[{"not_picked":["Conserve Battery","Rebound"],"picked":"Lockon","floor":1},{"not_picked":["Fusion","Genetic Algorithm"],"picked":"Beam Cell","floor":3},{"not_picked":["Hologram","Rebound"],"picked":"Coolheaded","floor":7},{"not_picked":["Steam","Sweeping Beam"],"picked":"Conserve Battery","floor":8},{"not_picked":["Redo","Double Energy"],"picked":"Darkness","floor":10},{"not_picked":["Melter","Rebound"],"picked":"Capacitor","floor":11},{"not_picked":["Skim","Beam Cell"],"picked":"Coolheaded","floor":14}],"player_experience":2282631,"relics_obtained":[{"floor":7,"key":"War Paint"},{"floor":9,"key":"Boot"},{"floor":11,"key":"Juzu Bracelet"},{"floor":14,"key":"FossilizedHelix"}],"event_choices":[{"damage_healed":0,"gold_gain":0,"player_choice":"Entered Light","damage_taken":21,"max_hp_gain":0,"max_hp_loss":0,"event_name":"Shining Light","floor":4,"gold_loss":0,"cards_upgraded":["Beam Cell","Defend_B"]},{"damage_healed":23,"gold_gain":0,"player_choice":"Banana","damage_taken":0,"max_hp_gain":0,"max_hp_loss":0,"event_name":"Big Fish","floor":5,"gold_loss":0},{"cards_removed":["Strike_B"],"damage_healed":0,"gold_gain":0,"player_choice":"Card Removal","damage_taken":7,"max_hp_gain":0,"max_hp_loss":0,"event_name":"Golden Wing","floor":13,"gold_loss":0}],"is_beta":false,"boss_relics":[],"items_purged_floors":[],"is_endless":false,"potions_floor_spawned":[1,7,8],"killed_by":"Hexaghost","ascension_level":20,"potion_discard_per_floor":[[],[],[],[],[],[],[],[],[],[],[],[],[],[],[],[]]}