{"neow_bonuses_skipped_log":["THREE_SMALL_POTIONS","REMOVE_TWO","BOSS_RELIC"],"potions_obtained_entropic_brew":[[],[],[],[],[],[],[],[],[],[],[],[],[],[],[],[],[],[],[],[],[],[]],"neow_costs_skipped_log":["NONE","PERCENT_DAMAGE","NONE"],"gold_per_floor":[112,122,42,61,61,91,109,259,259,291,291,306,340,351,351,425,425,439,439,364,376,376],"floor_reached":22,"playtime":865,"items_purged":["Defend_B"],"score":412,"play_id":"db8daccf-2ec8-40e9-a298-5b4a8b7aa424","local_time":"20231118110857","score_breakdown":["Floors Climbed (22): 110","Enemies Slain (8): 16","Exordium Elites Killed (3): 30","City Elites Killed (0): 0","Bosses Slain (1): 50","Ascension (20): 206"],"is_ascension_mode":true,"potions_obtained_alchemize":[[],[],[],[],[],[],[],[],[],[],[],[],[],[],[],[],[],[],[],[],[],[]],"campfire_choices":[{"floor":11,"key":"REST"},{"data":"Defragment","floor":15,"key":"SMITH"}],"lesson_learned_per_floor":[[],[],[],[],[],[],[],[],[],[],[],[],[],[],[],[],[],[],[],[],[],[]],"neow_cost":"NONE","improvable_cards":{},"seed_source_timestamp":5391586379320300,"shop_contents":[{"floor":3,"relics":["Bag of Marbles","Pear","DollysMirror"],"cards":["Blizzard","Hologram","Steam","Storm","Blind","Mayhem"],"potions":["Swift Potion","LiquidMemories","LiquidMemories"]},{"floor":20,"relics":["Bottled Flame","Kunai","Sling"],"cards":["Ball Lightning","Doom and Gloom","Turbo","Auto Shields","Creative AI","Deep Breath","HandOfGreed"],"potions":["DuplicationPotion","Swift Potion","Dexterity Potion"]}],"circlet_count":0,"master_deck":["AscendersBane","Defend_B","Defend_B","Defend_B","Zap","Dualcast","Hello World","Tempest","Glacier","Doom and Gloom+1","Turbo","Defragment+1","Defragment","Storm","Hologram","Echo Form","Self Repair+1","Coolheaded+1","Defragment+1","Coolheaded","BootSequence"],"special_seed":0,"potion_use_per_floor":[[],[],[],[],[],[],[],[],[],["FocusPotion","Fruit Juice"],[],[],[],[],[],[],[],["Block Potion"],[],[],[],[]],"relics":["Cracked Core","Omamori","Mercury Hourglass","Question Card","Incense Burner","Astrolabe"],"potions_floor_usage":[10,10,18],"damage_taken":[{"damage":0.0,"enemies":"2 Louse","floor":1.0,"turns":4.0},{"damage":14.0,"enemies":"Jaw Worm","floor":2.0,"turns":3.0},{"damage":7.0,"enemies":"Small Slimes","floor":4.0,"turns":3.0},{"damage":17,"enemies":"Lagavulin","floor":6,"turns":5},{"damage":0,"enemies":"Looter","floor":7,"turns":3},{"damage":14,"enemies":"Gremlin Nob","floor":10,"turns":3},{"damage":6,"enemies":"3 Louse","floor":12,"turns":2},{"damage":15,"enemies":"3 Sentries","floor":13,"turns":6},{"damage":0,"enemies":"Exordium Thugs","floor":14,"turns":4},{"damage":10,"enemies":"Hexaghost","floor":16,"turns":10},{"damage":13,"enemies":"2 Thieves","floor":18,"turns":4},{"damage":30,"enemies":"3 Byrds","floor":21,"turns":4},{"damage":16,"enemies":"Cultist and Chosen","floor":22,"turns":3}],"seed_played":"-2467499714857839254","neow_bonus_log":{"cardsObtained":["Hello World"],"cardsUpgraded":[],"cardsRemoved":[],"cardsTransformed":["Strike_B"],"relicsObtained":[],"maxHpGained":0,"goldGained":0,"damageTaken":0,"goldLost":0,"maxHpLost":0},"potions_obtained":[{"floor":2.0,"key":"Strength Potion"},{"floor":6,"key":"FocusPotion"},{"floor":7,"key":"Fruit Juice"},{"floor":12,"key":"FocusPotion"},{"floor":13,"key":"Block Potion"}],"is_trial":false,"path_per_floor":["M","M","$","M","?","E","M","?","T","E","R","M","E","M","R","B",null,"M","?","$","M","M"],"character_chosen":"DEFECT","basemod:card_modifiers":[null,null,null,null,null,null,null,null,null,null,null,null,null,null,null,null,null,null,null,null,null],"items_purchased":["Doom and Gloom"],"campfire_rested":1,"item_purchase_floors":[3],"current_hp_per_floor":[64,50,50,43,43,26,26,26,26,17,39,33,18,18,18,8,59,56,34,34,14,0],"gold":376,"neow_bonus":"TRANSFORM_CARD","is_prod":false,"is_daily":false,"rewards_skipped":[],"chose_seed":false,"campfire_upgraded":1,"win_rate":0,"floor_exit_playtime":[38,71,80,110,128,179,223,229,232,270,273,299,369,523,528,655,678,746,749,781,838],"timestamp":1700323737,"path_taken":["M","M","$","M","?","E","M","?","T","E","R","M","E","M","R","BOSS","M","?","$","M","M"],"build_version":"2022-12-18","purchased_purges":1,"victory":false,"max_hp_per_floor":[71,71,71,71,71,71,71,71,71,76,76,76,76,76,76,76,76,76,81,81,81,81],"relic_stats":{"counters":[13,53],"Astrolabe":["Self Repair","Coolheaded","Defragment"],"Omamori":1,"Question Card":6,"obtain_stats":[{"Astrolabe":17,"Omamori":6,"Incense Burner":13,"Cracked Core":0,"Question Card":10,"Mercury Hourglass":9},{"Astrolabe":10,"Omamori":4,"Incense Burner":8,"Cracked Core":0,"Question Card":6,"Mercury Hourglass":5},{"Astrolabe":43,"Omamori":15,"Incense Burner":29,"Cracked Core":0,"Question Card":21,"Mercury Hourglass":18}],"Mercury Hourglass":[177]},"card_choices":[{"not_picked":["Compile Driver","Steam"],"picked":"Tempest","floor":1.0},{"not_picked":["Gash","Scrape"],"picked":"Glacier","floor":2.0},{"not_picked":["Tempest","Beam Cell"],"picked":"Turbo","floor":4},{"not_picked":["Heatsinks","Reprogram"],"picked":"Defragment","floor":6},{"not_picked":["Leap","Scrape","FTL"],"picked":"SKIP","floor":7},{"not_picked":["Blizzard","Reprogram","Turbo"],"picked":"SKIP","floor":10},{"not_picked":["Cold Snap","Turbo","Compile Driver"],"picked":"Defragment","floor":12},{"not_picked":["Barrage","Conserve Battery","Rebound"],"picked":"Storm","floor":13},{"not_picked":["Steam Power","Force Field","Streamline"],"picked":"Hologram","floor":14},{"not_picked":["Multi-Cast","Biased Cognition","Hyperbeam"],"picked":"Echo Form","floor":16},{"not_picked":["Go for the Eyes","Turbo","Compile Driver"],"picked":"Coolheaded","floor":18},{"not_picked":["Steam Power","Steam","Rebound"],"picked":"BootSequence","floor":21}],"player_experience":2281766,"relics_obtained":[{"floor":6,"key":"Omamori"},{"floor":9,"key":"Mercury Hourglass"},{"floor":10,"key":"Question Card"},{"floor":13,"key":"Incense Burner"}],"event_choices":[{"damage_healed":0,"gold_gain":0,"player_choice":"Grow","damage_taken":0,"max_hp_gain":0,"max_hp_loss":0,"event_name":"Living Wall","floor":5,"gold_loss":0,"cards_upgraded":["Doom and Gloom"]},{"damage_healed":0,"gold_gain":150,"player_choice":"AGREE","damage_taken":0,"max_hp_gain":0,"max_hp_loss":0,"event_name":"Liars Game","floor":8,"gold_loss":0,"cards_obtained":["Doubt"]},{"damage_healed":0,"gold_gain":0,"player_choice":"Shed Blood","damage_taken":27,"max_hp_gain":5,"max_hp_loss":0,"event_name":"Forgotten Altar","floor":19,"gold_loss":0}],"is_beta":false,"boss_relics":[{"not_picked":["FrozenCore","Ectoplasm"],"picked":"Astrolabe"}],"items_purged_floors":[20],"is_endless":false,"potions_floor_spawned":[2,6,7,12,13],"killed_by":"Cultist and Chosen","ascension_level":20,"potion_discard_per_floor":[[],[],[],[],[],[],["Strength Potion"],[],[],[],[],[],[],[],[],[],[],[],[],[],[],[]]}