{"neow_bonuses_skipped_log":["TRANSFORM_CARD","THREE_SMALL_POTIONS","BOSS_RELIC"],"neow_costs_skipped_log":["NONE","NONE","NONE"],"potions_obtained_entropic_brew":[[],[],[],[],[],[],[],[],[],[],[],[],[],[]],"gold_per_floor":[117,136,79,96,112,112,112,112,112,132,163,163,193,193],"floor_reached":14,"playtime":335,"items_purged":[],"score":200,"play_id":"db94d6a2-53f8-437d-b2b5-415222695ffb","local_time":"20231127171029","score_breakdown":["Floors Climbed (14): 70","Enemies Slain (5): 10","Exordium Elites Killed (2): 20","Bosses Slain (0): 0","Ascension (20): 100"],"is_ascension_mode":true,"potions_obtained_alchemize":[[],[],[],[],[],[],[],[],[],[],[],[],[],[]],"campfire_choices":[{"data":"Barrage","floor":6,"key":"SMITH"},{"data":"Ball Lightning","floor":8,"key":"SMITH"}],"lesson_learned_per_floor":[[],[],[],[],[],[],[],[],[],[],[],[],[],[]],"neow_cost":"TEN_PERCENT_HP_LOSS","improvable_cards":{},"seed_source_timestamp":190167069288100,"shop_contents":[{"floor":3,"relics":["Sundial","CeramicFish","Lee\u0027s Waffle"],"cards":["Beam Cell","Melter","Conserve Battery","Redo","Heatsinks","Dark Shackles","The Bomb"],"potions":["GamblersBrew","Ancient Potion"]}],"circlet_count":0,"master_deck":["AscendersBane","Strike_B","Strike_B","Defend_B","Defend_B","Defend_B","Zap","Dualcast","Cold Snap","Barrage+1","Ball Lightning+1","Capacitor","Lockon","Biased Cognition"],"potion_use_per_floor":[[],[],[],[],[],[],[],[],[],[],["BlessingOfTheForge"],[],[],[]],"relics":["Cracked Core","Turnip","Ancient Tea Set"],"potions_floor_usage":[11],"damage_taken":[{"damage":0,"enemies":"Cultist","floor":1,"turns":3},{"damage":0,"enemies":"Jaw Worm","floor":2,"turns":3},{"damage":0,"enemies":"Small Slimes","floor":4,"turns":2},{"damage":2,"enemies":"2 Fungi Beasts","floor":5,"turns":3},{"damage":3,"enemies":"3 Louse","floor":10,"turns":2},{"damage":22,"enemies":"Lagavulin","floor":11,"turns":5},{"damage":32,"enemies":"3 Sentries","floor":13,"turns":7},{"damage":7,"enemies":"Exordium Wildlife","floor":14,"turns":1}],"seed_played":"4711506054060218568","neow_bonus_log":{"cardsObtained":[],"cardsUpgraded":[],"cardsRemoved":["Defend_B","Strike_B"],"cardsTransformed":[],"relicsObtained":[],"maxHpGained":0,"goldGained":0,"damageTaken":0,"goldLost":0,"maxHpLost":7},"potions_obtained":[{"floor":4,"key":"FearPotion"},{"floor":13,"key":"FocusPotion"}],"is_trial":false,"path_per_floor":["M","M","$","M","M","R","?","R","T","M","E","?","E","M"],"character_chosen":"DEFECT","basemod:card_modifiers":[null,null,null,null,null,null,null,null,null,null,null,null,null,null],"items_purchased":["BlessingOfTheForge"],"campfire_rested":0,"item_purchase_floors":[3],"current_hp_per_floor":[64,64,64,64,62,62,67,67,67,64,42,35,3,0],"gold":193,"neow_bonus":"REMOVE_TWO","is_prod":false,"is_daily":false,"rewards_skipped":[{"floor":5,"relics":[],"potions":["FearPotion"]}],"chose_seed":false,"campfire_upgraded":2,"win_rate":0,"floor_exit_playtime":[47,73,87,106,135,143,146,152,158,178,242,252,318],"timestamp":1701123029,"blue_key_relic_skipped_log":{"floor":9,"relicID":"Bottled Flame"},"path_taken":["M","M","?","M","?","R","?","R","T","M","E","?","E","M"],"build_version":"2022-12-18","purchased_purges":0,"victory":false,"max_hp_per_floor":[64,64,64,64,64,64,69,69,69,69,69,69,69,69],"relic_stats":{"counters":[8,26],"Turnip":[0],"Ancient Tea Set":[0],"obtain_stats":[{"Turnip":11,"Cracked Core":0,"Ancient Tea Set":13},{"Turnip":6,"Cracked Core":0,"Ancient Tea Set":7},{"Turnip":18,"Cracked Core":0,"Ancient Tea Set":25}]},"card_choices":[{"not_picked":["Rebound","Hologram"],"picked":"Cold Snap","floor":1},{"not_picked":["Coolheaded","Aggregate"],"picked":"Barrage","floor":2},{"not_picked":["Conserve Battery","Hologram"],"picked":"Ball Lightning","floor":4},{"not_picked":["Beam Cell","Barrage"],"picked":"Capacitor","floor":5},{"not_picked":["Hello World","Leap"],"picked":"Lockon","floor":10},{"not_picked":["Blizzard","Scrape","Loop"],"picked":"SKIP","floor":11},{"not_picked":["Sweeping Beam","Melter"],"picked":"Biased Cognition","floor":13}],"player_experience":2366188,"relics_obtained":[{"floor":11,"key":"Turnip"},{"floor":13,"key":"Ancient Tea Set"}],"event_choices":[{"damage_healed":0,"gold_gain":0,"player_choice":"Donut","damage_taken":0,"max_hp_gain":5,"max_hp_loss":0,"event_name":"Big Fish","floor":7,"gold_loss":0},{"cards_removed":["Strike_B"],"damage_healed":0,"gold_gain":0,"player_choice":"Card Removal","damage_taken":7,"max_hp_gain":0,"max_hp_loss":0,"event_name":"Golden Wing","floor":12,"gold_loss":0}],"is_beta":false,"boss_relics":[],"items_purged_floors":[],"is_endless":false,"potions_floor_spawned":[4,5,13],"killed_by":"Exordium Wildlife","ascension_level":20,"potion_discard_per_floor":[[],[],[],[],[],[],[],[],[],[],[],[],[],[]]}