{"neow_bonuses_skipped_log":["THREE_SMALL_POTIONS","TWO_FIFTY_GOLD","BOSS_RELIC"],"potions_obtained_entropic_brew":[[],[],[],[],[],[],[],[],[],[],[],[],[],[],[],[],[],[],[],[],[],[],[],[]],"neow_costs_skipped_log":["NONE","CURSE","NONE"],"gold_per_floor":[110,110,110,126,139,164,164,181,205,205,41,55,55,80,80,158,158,168,168,168,93,4,4,4],"floor_reached":24,"playtime":789,"items_purged":[],"score":429,"play_id":"587989ea-38ae-4c2a-a27b-fc1c27073a57","local_time":"20231127133919","score_breakdown":["Floors Climbed (24): 120","Enemies Slain (6): 12","Exordium Elites Killed (2): 20","City Elites Killed (0): 0","Bosses Slain (1): 50","Collector (1): 25","Ascension (20): 202"],"is_ascension_mode":true,"potions_obtained_alchemize":[[],[],[],[],[],[],[],[],[],[],[],[],[],[],[],[],[],[],[],[],[],[],[],[]],"campfire_choices":[{"data":"Barrage","floor":7,"key":"SMITH"},{"data":"Rainbow","floor":13,"key":"SMITH"},{"data":"White Noise","floor":15,"key":"SMITH"},{"data":"Creative AI","floor":23,"key":"SMITH"}],"lesson_learned_per_floor":[[],[],[],[],[],[],[],[],[],[],[],[],[],[],[],[],[],[],[],[],[],[],[],[]],"neow_cost":"NONE","improvable_cards":{},"seed_source_timestamp":177031675779900,"shop_contents":[{"floor":11,"relics":["Ancient Tea Set","Omamori"],"cards":["Ball Lightning","FTL","Coolheaded","Auto Shields","Loop","Good Instincts","Transmutation"],"potions":["EntropicBrew","GamblersBrew","GamblersBrew"]},{"floor":22,"relics":["Boot","Matryoshka","Medical Kit"],"cards":["Sweeping Beam","Core Surge","Recycle","Heatsinks","Madness","The Bomb"],"potions":["PowerPotion","EssenceOfSteel","BlessingOfTheForge"]}],"circlet_count":0,"master_deck":["AscendersBane","Defend_B","Defend_B","Defend_B","Defend_B","Zap","Dualcast","Rainbow+1","White Noise+1","Lockon","Barrage+1","Cold Snap","BootSequence","Seek","Glacier","Compile Driver","Self Repair","Doom and Gloom","Creative AI+1","Bite","Bite","Bite","Bite","Skim"],"special_seed":0,"potion_use_per_floor":[[],[],[],[],[],["BlessingOfTheForge"],[],[],[],[],[],[],[],[],[],[],[],[],[],[],[],[],[],["GamblersBrew"]],"relics":["Cracked Core","Strawberry","Lantern","Bag of Marbles","Orrery","Gremlin Horn","Inserter"],"potions_floor_usage":[6,24],"damage_taken":[{"damage":0.0,"enemies":"Cultist","floor":1.0,"turns":3.0},{"damage":5.0,"enemies":"Small Slimes","floor":4.0,"turns":3.0},{"damage":7.0,"enemies":"Jaw Worm","floor":5.0,"turns":3.0},{"damage":8,"enemies":"Gremlin Nob","floor":6,"turns":3},{"damage":4,"enemies":"Looter","floor":8,"turns":3},{"damage":0,"enemies":"3 Louse","floor":12,"turns":14},{"damage":18,"enemies":"3 Sentries","floor":14,"turns":7},{"damage":11,"enemies":"Hexaghost","floor":16,"turns":9},{"damage":10,"enemies":"Spheric Guardian","floor":18,"turns":6},{"damage":51,"enemies":"Slavers","floor":24,"turns":3}],"green_key_taken_log":6,"seed_played":"1832578592294673253","neow_bonus_log":{"cardsObtained":["Rainbow"],"cardsUpgraded":[],"cardsRemoved":[],"cardsTransformed":[],"relicsObtained":[],"maxHpGained":0,"goldGained":0,"damageTaken":0,"goldLost":0,"maxHpLost":0},"potions_obtained":[{"floor":1.0,"key":"LiquidMemories"},{"floor":4.0,"key":"GamblersBrew"},{"floor":5.0,"key":"BlessingOfTheForge"}],"is_trial":false,"path_per_floor":["M","?","?","M","M","E","R","M","T","?","$","M","R","E","R","B",null,"M","?","?","?","$","R","E"],"character_chosen":"DEFECT","basemod:card_modifiers":[null,null,null,null,null,null,null,null,null,null,null,null,null,null,null,null,null,null,null,null,null,null,null,null],"items_purchased":["Orrery","Skim"],"campfire_rested":0,"item_purchase_floors":[11,22],"current_hp_per_floor":[64,64,57,52,45,44,44,40,40,35,35,49,49,38,38,34,67,64,54,40,40,40,40,0],"gold":4,"neow_bonus":"ONE_RANDOM_RARE_CARD","is_prod":false,"is_daily":false,"rewards_skipped":[],"chose_seed":false,"campfire_upgraded":4,"win_rate":0,"floor_exit_playtime":[37,41,46,73,114,148,158,187,189,194,240,357,374,466,473,575,593,663,676,681,688,719,724],"timestamp":1701110359,"path_taken":["M","?","?","M","M","E","R","M","T","?","$","M","R","E","R","BOSS","M","?","?","?","?","R","E"],"build_version":"2022-12-18","purchased_purges":0,"victory":false,"max_hp_per_floor":[71,71,71,71,71,78,78,78,78,78,78,78,78,78,78,78,78,78,54,59,59,59,59,59],"relic_stats":{"Inserter":[4],"Gremlin Horn":[0,0],"counters":[10,54],"obtain_stats":[{"Lantern":9,"Inserter":17,"Gremlin Horn":14,"Strawberry":6,"Orrery":11,"Bag of Marbles":10,"Cracked Core":0},{"Lantern":5,"Inserter":8,"Gremlin Horn":7,"Strawberry":4,"Orrery":5,"Bag of Marbles":5,"Cracked Core":0},{"Lantern":15,"Inserter":45,"Gremlin Horn":36,"Strawberry":12,"Orrery":15,"Bag of Marbles":15,"Cracked Core":0}]},"card_choices":[{"not_picked":["Coolheaded","Sweeping Beam"],"picked":"White Noise","floor":1.0},{"not_picked":["FTL","Steam Power"],"picked":"Lockon","floor":4.0},{"not_picked":["Turbo","Hologram"],"picked":"Barrage","floor":5.0},{"not_picked":["Stack","Redo"],"picked":"Cold Snap","floor":6},{"not_picked":["Scrape","Hello World"],"picked":"BootSequence","floor":8},{"not_picked":["Beam Cell","Heatsinks"],"picked":"Seek","floor":11},{"not_picked":["Gash","Core Surge"],"picked":"Glacier","floor":11},{"not_picked":["Rebound","Hologram"],"picked":"Compile Driver","floor":11},{"not_picked":["Reboot","Aggregate"],"picked":"Self Repair","floor":11},{"not_picked":["Fusion","Loop","Tempest"],"picked":"SKIP","floor":11},{"not_picked":["Melter","Tempest"],"picked":"Doom and Gloom","floor":12},{"not_picked":["Ball Lightning","Melter","Streamline"],"picked":"SKIP","floor":14},{"not_picked":["Multi-Cast","Reboot"],"picked":"Creative AI","floor":16},{"not_picked":["Leap+1","Cold Snap","Barrage+1"],"picked":"SKIP","floor":18}],"player_experience":2355693,"relics_obtained":[{"floor":6,"key":"Strawberry"},{"floor":9,"key":"Lantern"},{"floor":14,"key":"Gremlin Horn"}],"event_choices":[{"damage_healed":0.0,"max_hp_gain":0.0,"max_hp_loss":0.0,"gold_gain":0.0,"event_name":"Liars Game","player_choice":"Ignored","floor":2.0,"gold_loss":0.0,"damage_taken":0.0},{"cards_removed":["Strike_B"],"damage_healed":0.0,"max_hp_gain":0.0,"max_hp_loss":0.0,"gold_gain":0.0,"event_name":"Golden Wing","player_choice":"Card Removal","floor":3.0,"gold_loss":0.0,"damage_taken":7.0},{"damage_healed":0,"gold_gain":0,"player_choice":"Success","damage_taken":5,"relics_obtained":["Bag of Marbles"],"max_hp_gain":0,"max_hp_loss":0,"event_name":"Scrap Ooze","floor":10,"gold_loss":0},{"damage_healed":0,"gold_gain":0,"player_choice":"Became a vampire","damage_taken":0,"max_hp_gain":0,"max_hp_loss":24,"event_name":"Vampires","floor":19,"gold_loss":0,"cards_obtained":["Bite","Bite","Bite","Bite","Bite"]},{"damage_healed":0,"gold_gain":0,"player_choice":"Shed Blood","damage_taken":19,"max_hp_gain":5,"max_hp_loss":0,"event_name":"Forgotten Altar","floor":20,"gold_loss":0},{"cards_removed":["Bite"],"damage_healed":0,"gold_gain":0,"player_choice":"Gave Gold","damage_taken":0,"max_hp_gain":0,"max_hp_loss":0,"event_name":"Beggar","floor":21,"gold_loss":75}],"is_beta":false,"boss_relics":[{"not_picked":["FrozenCore","SacredBark"],"picked":"Inserter"}],"items_purged_floors":[],"is_endless":false,"potions_floor_spawned":[1,4,5],"killed_by":"Slavers","ascension_level":20,"potion_discard_per_floor":[[],[],[],[],["LiquidMemories"],[],[],[],[],[],[],[],[],[],[],[],[],[],[],[],[],[],[],[]]}