{"neow_bonuses_skipped_log":["RANDOM_COLORLESS","THREE_SMALL_POTIONS","BOSS_RELIC"],"potions_obtained_entropic_brew":[[],[],[],[],[],[],[],[],[],[],[],[],[],[],[],[],[],[],[],[],[],[],[],[],[],[],[],[],[],[],[],[],[],[],[],[],[],[],[],[],[],[],[],[]],"neow_costs_skipped_log":["NONE","NONE","NONE"],"gold_per_floor":[118,135,147,166,179,206,206,223,249,249,577,577,502,132,132,203,203,217,237,237,83,100,100,133,44,70,70,99,113,132,145,145,217,217,227,277,291,4,16,16,28,44,44,44],"floor_reached":44,"playtime":2572,"items_purged":["Defend_B","Streamline","Leap"],"score":1078,"play_id":"c0378f44-a7f6-4482-b077-6af9e7e3b41d","local_time":"20231127132542","score_breakdown":["Floors Climbed (44): 220","Enemies Slain (17): 34","Exordium Elites Killed (2): 20","City Elites Killed (2): 40","Beyond Elites Killed (0): 0","Bosses Slain (2): 150","Champion (2): 50","C-c-c-combo: 25","Ascension (20): 539"],"is_ascension_mode":true,"potions_obtained_alchemize":[[],[],[],[],[],[],[],[],[],[],[],[],[],[],[],[],[],[],[],[],[],[],[],[],[],[],[],[],[],[],[],[],[],[],[],[],[],[],[],[],[],[],[],[]],"campfire_choices":[{"floor":7,"key":"REST"},{"floor":10,"key":"REST"},{"data":"Defragment","floor":15,"key":"SMITH"},{"data":"Chill","floor":23,"key":"SMITH"},{"floor":32,"key":"REST"},{"data":"Biased Cognition","floor":40,"key":"SMITH"}],"lesson_learned_per_floor":[[],[],[],[],[],[],[],[],[],[],[],[],[],[],[],[],[],[],[],[],[],[],[],[],[],[],[],[],[],[],[],[],[],[],[],[],[],[],[],[],[],[],[],[]],"neow_cost":"PERCENT_DAMAGE","improvable_cards":{},"seed_source_timestamp":174444080052200,"shop_contents":[{"floor":14,"relics":["Regal Pillow","Eternal Feather"],"cards":["Go for the Eyes","Meteor Strike","Steam","Recycle","Enlightenment","Magnetism"],"potions":["Dexterity Potion","PotionOfCapacity"]},{"floor":21,"relics":["Orichalcum","Thread and Needle","Medical Kit"],"cards":["Scrape","Lockon","Leap","Steam","Static Discharge","Dark Shackles","Secret Technique"],"potions":["FearPotion","BlessingOfTheForge"]},{"floor":25,"relics":["Vajra","Question Card","Toolbox"],"cards":["Streamline","Blizzard","Hologram","Machine Learning","Trip","Apotheosis"],"potions":["FocusPotion","LiquidMemories","GamblersBrew"]},{"floor":38,"relics":["Lizard Tail","Singing Bowl"],"cards":["Go for the Eyes","Rip and Tear","Hologram","Recycle","Capacitor","Forethought","Mayhem"],"potions":["SneckoOil","PotionOfCapacity","PowerPotion"]}],"circlet_count":0,"master_deck":["AscendersBane","Zap+1","Dualcast","Gash","Cold Snap","Hologram","Sunder","Defragment+1","Ball Lightning","Reinforced Body","Hello World","Reboot+1","Darkness","Streamline","Self Repair","Hologram","Electrodynamics","Recycle+1","Coolheaded+1","Chill+1","Heatsinks","Aggregate","Fission","White Noise+1","Biased Cognition+1","Redo+1","Turbo"],"potion_use_per_floor":[[],[],[],["BlessingOfTheForge"],[],["AttackPotion"],[],[],[],[],["PowerPotion"],[],[],[],[],[],[],[],["SkillPotion"],[],[],[],[],["BlessingOfTheForge"],[],[],[],[],["SpeedPotion"],[],["Fruit Juice"],[],[],[],[],[],[],[],[],[],["FairyPotion"],[],[],["AttackPotion"]],"relics":["Cracked Core","FossilizedHelix","War Paint","Blood Vial","Old Coin","Lantern","Frozen Eye","Pandora\u0027s Box","Dream Catcher","Bottled Lightning","Runic Pyramid","ClockworkSouvenir","InkBottle"],"potions_floor_usage":[4,6,11,19,24,29,31,44],"damage_taken":[{"damage":1,"enemies":"2 Louse","floor":1,"turns":4},{"damage":0,"enemies":"Jaw Worm","floor":2,"turns":3},{"damage":0,"enemies":"Cultist","floor":3,"turns":3},{"damage":3,"enemies":"Exordium Thugs","floor":4,"turns":5},{"damage":10,"enemies":"3 Louse","floor":5,"turns":4},{"damage":28,"enemies":"Lagavulin","floor":6,"turns":9},{"damage":7,"enemies":"Large Slime","floor":8,"turns":6},{"damage":0,"enemies":"3 Sentries","floor":11,"turns":2},{"damage":21,"enemies":"Hexaghost","floor":16,"turns":11},{"damage":3,"enemies":"Shell Parasite","floor":18,"turns":7},{"damage":32,"enemies":"3 Byrds","floor":19,"turns":4},{"damage":11,"enemies":"Centurion and Healer","floor":22,"turns":5},{"damage":0,"enemies":"Slavers","floor":24,"turns":3},{"damage":42,"enemies":"Book of Stabbing","floor":28,"turns":7},{"damage":10,"enemies":"Snecko","floor":29,"turns":6},{"damage":0,"enemies":"Snake Plant","floor":30,"turns":5},{"damage":1,"enemies":"Shelled Parasite and Fungi","floor":31,"turns":4},{"damage":15,"enemies":"Champ","floor":33,"turns":14},{"damage":0,"enemies":"3 Darklings","floor":35,"turns":4},{"damage":16,"enemies":"Orb Walker","floor":37,"turns":5},{"damage":0,"enemies":"3 Darklings","floor":39,"turns":2},{"damage":98,"enemies":"Writhing Mass","floor":41,"turns":6},{"damage":0,"enemies":"4 Shapes","floor":42,"turns":6},{"damage":21,"enemies":"Reptomancer","floor":44,"turns":2}],"seed_played":"-7310117141346943355","neow_bonus_log":{"cardsObtained":[],"cardsUpgraded":[],"cardsRemoved":[],"cardsTransformed":[],"relicsObtained":["FossilizedHelix"],"maxHpGained":0,"goldGained":0,"damageTaken":18,"goldLost":0,"maxHpLost":0},"potions_obtained":[{"floor":1,"key":"BlessingOfTheForge"},{"floor":2,"key":"AttackPotion"},{"floor":6,"key":"PowerPotion"},{"floor":8,"key":"SmokeBomb"},{"floor":16,"key":"Fruit Juice"},{"floor":28,"key":"SpeedPotion"},{"floor":29,"key":"ColorlessPotion"},{"floor":31,"key":"FairyPotion"},{"floor":33,"key":"DuplicationPotion"},{"floor":41,"key":"Strength Potion"},{"floor":42,"key":"AttackPotion"}],"is_trial":false,"path_per_floor":["M","M","M","M","M","E","R","M","T","R","E","?","?","$","R","B",null,"M","M","?","$","M","R","E","$","T","?","E","M","M","M","R","B",null,"M","?","M","$","M","R","M","M","T","E"],"character_chosen":"DEFECT","basemod:card_modifiers":[null,null,null,null,null,null,null,null,null,null,null,null,null,null,null,null,null,null,null,null,null,null,null,null,null,null,null],"items_purchased":["Hello World","SkillPotion","Frozen Eye","BlessingOfTheForge","Aggregate","ClockworkSouvenir"],"campfire_rested":3,"item_purchase_floors":[14,14,14,21,25,38],"current_hp_per_floor":[45,45,45,42,32,4,25,18,18,39,41,41,41,41,41,22,59,65,42,42,42,40,40,49,49,49,49,9,8,17,30,52,46,69,76,76,67,67,76,76,10,19,19,0],"gold":44,"neow_bonus":"ONE_RARE_RELIC","is_prod":false,"is_daily":false,"rewards_skipped":[],"chose_seed":false,"campfire_upgraded":3,"win_rate":0,"floor_exit_playtime":[57,79,102,165,208,295,298,364,366,372,404,411,416,460,465,579,593,688,766,787,801,897,906,1017,1023,1028,1042,1186,1281,1382,1478,1484,1776,1791,1963,1966,2062,2086,2163,2169,2353,2472,2475],"timestamp":1701109542,"blue_key_relic_skipped_log":{"floor":26,"relicID":"Strawberry"},"path_taken":["M","M","M","M","M","E","R","M","T","R","E","?","?","?","R","BOSS","M","M","?","?","M","R","E","$","T","?","E","M","?","M","R","BOSS","M","?","?","$","M","R","M","M","T","E"],"build_version":"2022-12-18","purchased_purges":3,"victory":false,"max_hp_per_floor":[71,71,71,71,71,71,71,71,71,71,71,71,71,71,71,71,71,71,71,71,71,71,71,71,71,71,71,71,71,71,76,76,76,76,76,76,76,76,76,76,76,76,76,76],"relic_stats":{"Blood Vial":30,"Frozen Eye":6.33097,"Dream Catcher":1,"counters":[24,127],"Pandora\u0027s Box":["Darkness","Streamline","Streamline","Self Repair","Hologram","Electrodynamics"],"Bottled Lightning":"Fission","War Paint":["Defend_B","Zap"],"obtain_stats":[{"Lantern":12,"War Paint":6,"Old Coin":11,"ClockworkSouvenir":38,"Blood Vial":9,"Frozen Eye":14,"Dream Catcher":24,"Pandora\u0027s Box":17,"Bottled Lightning":28,"Cracked Core":0,"FossilizedHelix":0,"InkBottle":43,"Runic Pyramid":34},{"Lantern":8,"War Paint":6,"Old Coin":8,"ClockworkSouvenir":20,"Blood Vial":7,"Frozen Eye":8,"Dream Catcher":13,"Pandora\u0027s Box":9,"Bottled Lightning":14,"Cracked Core":0,"FossilizedHelix":0,"InkBottle":23,"Runic Pyramid":18},{"Lantern":36,"War Paint":28,"Old Coin":36,"ClockworkSouvenir":111,"Blood Vial":34,"Frozen Eye":36,"Dream Catcher":66,"Pandora\u0027s Box":47,"Bottled Lightning":73,"Cracked Core":0,"FossilizedHelix":0,"InkBottle":125,"Runic Pyramid":102}],"FossilizedHelix":[169],"InkBottle":[1]},"card_choices":[{"not_picked":["Rebound","Redo"],"picked":"Gash","floor":1},{"not_picked":["Beam Cell","Leap"],"picked":"Cold Snap","floor":2},{"not_picked":["Go for the Eyes","Turbo"],"picked":"Hologram","floor":3},{"not_picked":["Barrage","Redo"],"picked":"Leap","floor":4},{"not_picked":["Genetic Algorithm","Reinforced Body"],"picked":"Sunder","floor":5},{"not_picked":["Reinforced Body","Chaos"],"picked":"Defragment","floor":6},{"not_picked":["Streamline","Hologram"],"picked":"Ball Lightning","floor":8},{"not_picked":["Stack","Force Field"],"picked":"Reinforced Body","floor":11},{"not_picked":["Amplify","Meteor Strike"],"picked":"Reboot","floor":16},{"not_picked":["Rebound","Storm"],"picked":"Recycle+1","floor":18},{"not_picked":["Streamline","Scrape"],"picked":"Coolheaded+1","floor":19},{"not_picked":["Coolheaded","Conserve Battery","Cold Snap","Redo","Lockon","Blizzard","Storm","Go for the Eyes","All For One","Barrage","Ball Lightning","Hello World","Stack","Force Field","Steam","Hologram","Self Repair","White Noise","Undo"],"picked":"Chill","floor":20},{"not_picked":["Sweeping Beam","Cold Snap","Tempest+1"],"picked":"SKIP","floor":22},{"not_picked":["Steam","Gash+1"],"picked":"Heatsinks","floor":24},{"not_picked":["Beam Cell","Melter"],"picked":"Fission","floor":28},{"not_picked":["Steam","Stack","Redo"],"picked":"SKIP","floor":29},{"not_picked":["Redo","Barrage","Gash"],"picked":"SKIP","floor":30},{"not_picked":["Lockon","Steam","Barrage"],"picked":"SKIP","floor":31},{"not_picked":["Stack","Streamline"],"picked":"White Noise+1","floor":32},{"not_picked":["Fission","Thunder Strike"],"picked":"Biased Cognition","floor":33},{"not_picked":["Streamline","Hologram+1"],"picked":"Redo+1","floor":35},{"not_picked":["Cold Snap+1","Rebound"],"picked":"Turbo","floor":37},{"not_picked":["Tempest","Conserve Battery","Turbo"],"picked":"SKIP","floor":39},{"not_picked":["Reinforced Body","Streamline","Rebound"],"picked":"SKIP","floor":41},{"not_picked":["Cold Snap","Streamline","Blizzard+1"],"picked":"SKIP","floor":42}],"player_experience":2353121,"relics_obtained":[{"floor":6,"key":"War Paint"},{"floor":9,"key":"Blood Vial"},{"floor":11,"key":"Old Coin"},{"floor":24,"key":"Dream Catcher"},{"floor":28,"key":"Bottled Lightning"},{"floor":43,"key":"InkBottle"}],"event_choices":[{"damage_healed":0,"gold_gain":0,"player_choice":"Searched \u00272\u0027 times","damage_taken":0,"relics_obtained":["Lantern"],"max_hp_gain":0,"max_hp_loss":0,"event_name":"Dead Adventurer","floor":12,"gold_loss":0},{"cards_removed":["Strike_B"],"damage_healed":0,"gold_gain":0,"player_choice":"Card Removal","damage_taken":0,"max_hp_gain":0,"max_hp_loss":0,"event_name":"The Cleric","floor":13,"gold_loss":75},{"damage_healed":0,"gold_gain":0,"player_choice":"Read","damage_taken":0,"max_hp_gain":0,"max_hp_loss":0,"event_name":"The Library","floor":20,"gold_loss":0,"cards_obtained":["Chill"]},{"damage_healed":0,"gold_gain":0,"player_choice":"Forge","damage_taken":0,"max_hp_gain":0,"max_hp_loss":0,"event_name":"Accursed Blacksmith","floor":27,"gold_loss":0,"cards_upgraded":["Reboot"]},{"damage_healed":0,"gold_gain":50,"player_choice":"Pray","damage_taken":0,"max_hp_gain":0,"max_hp_loss":0,"event_name":"Golden Shrine","floor":36,"gold_loss":0}],"is_beta":false,"boss_relics":[{"not_picked":["Calling Bell","Tiny House"],"picked":"Pandora\u0027s Box"},{"not_picked":["Inserter","Philosopher\u0027s Stone"],"picked":"Runic Pyramid"}],"items_purged_floors":[14,21,38],"is_endless":false,"potions_floor_spawned":[1,2,6,8,16,28,29,31,33,41,42],"killed_by":"Reptomancer","ascension_level":20,"potion_discard_per_floor":[[],[],[],[],[],[],[],[],[],[],[],[],[],[],[],["SmokeBomb"],[],[],[],[],[],[],[],[],[],[],[],[],[],[],[],[],["ColorlessPotion"],[],[],[],[],[],[],[],[],["Strength Potion"],[],[]]}