{"neow_bonuses_skipped_log":["THREE_CARDS","TEN_PERCENT_HP_BONUS","BOSS_RELIC"],"neow_costs_skipped_log":["NONE","NONE","NONE"],"potions_obtained_entropic_brew":[[],[],[],[],[],[],[],[]],"gold_per_floor":[110,124,135,155,166,166,201,201],"floor_reached":8,"playtime":189,"items_purged":[],"score":120,"play_id":"b5a04e3a-75a2-456c-bf29-294eb215b1dc","local_time":"20231127153749","score_breakdown":["Floors Climbed (8): 40","Enemies Slain (5): 10","Exordium Elites Killed (1): 10","Bosses Slain (0): 0","Ascension (20): 60"],"is_ascension_mode":true,"potions_obtained_alchemize":[[],[],[],[],[],[],[],[]],"campfire_choices":[{"data":"Hyperbeam","floor":6,"key":"SMITH"}],"lesson_learned_per_floor":[[],[],[],[],[],[],[],[]],"neow_cost":"PERCENT_DAMAGE","improvable_cards":{"Genetic Algorithm":[9]},"seed_source_timestamp":184752772212900,"shop_contents":[],"circlet_count":0,"master_deck":["AscendersBane","Strike_B","Strike_B","Strike_B","Defend_B","Defend_B","Defend_B","Zap","Dualcast","Hyperbeam+1","Cold Snap","Compile Driver","Genetic Algorithm","Ball Lightning","Barrage","Self Repair"],"potion_use_per_floor":[[],[],[],[],[],[],[],[]],"relics":["Cracked Core","Bag of Marbles"],"potions_floor_usage":[],"damage_taken":[{"damage":0,"enemies":"Cultist","floor":1,"turns":2},{"damage":2,"enemies":"Jaw Worm","floor":2,"turns":3},{"damage":6,"enemies":"2 Louse","floor":3,"turns":3},{"damage":2,"enemies":"2 Fungi Beasts","floor":4,"turns":3},{"damage":0,"enemies":"Exordium Wildlife","floor":5,"turns":1},{"damage":32,"enemies":"Gremlin Nob","floor":7,"turns":4},{"damage":11,"enemies":"Blue Slaver","floor":8,"turns":2}],"seed_played":"-4525349488652336877","neow_bonus_log":{"cardsObtained":["Hyperbeam","Cold Snap"],"cardsUpgraded":[],"cardsRemoved":[],"cardsTransformed":["Strike_B","Defend_B"],"relicsObtained":[],"maxHpGained":0,"goldGained":0,"damageTaken":18,"goldLost":0,"maxHpLost":0},"potions_obtained":[{"floor":1,"key":"PotionOfCapacity"},{"floor":4,"key":"PotionOfCapacity"},{"floor":7,"key":"Fire Potion"}],"is_trial":false,"path_per_floor":["M","M","M","M","M","R","E","M"],"character_chosen":"DEFECT","basemod:card_modifiers":[null,null,null,null,null,null,null,null,null,null,null,null,null,null,null,null],"items_purchased":[],"campfire_rested":0,"item_purchase_floors":[],"current_hp_per_floor":[46,44,38,36,36,36,11,0],"gold":201,"neow_bonus":"TRANSFORM_TWO_CARDS","is_prod":false,"is_daily":false,"rewards_skipped":[],"chose_seed":false,"campfire_upgraded":1,"win_rate":0,"floor_exit_playtime":[31,55,84,117,127,132,166],"timestamp":1701117469,"path_taken":["M","M","?","M","M","R","E","M"],"build_version":"2022-12-18","purchased_purges":0,"victory":false,"max_hp_per_floor":[71,71,71,71,71,71,71,71],"relic_stats":{"counters":[7,18],"obtain_stats":[{"Bag of Marbles":7,"Cracked Core":0},{"Bag of Marbles":6,"Cracked Core":0},{"Bag of Marbles":16,"Cracked Core":0}]},"card_choices":[{"not_picked":["Defragment","Scrape"],"picked":"Compile Driver","floor":1},{"not_picked":["Stack","Lockon"],"picked":"Genetic Algorithm","floor":2},{"not_picked":["Hologram","Turbo"],"picked":"Ball Lightning","floor":3},{"not_picked":["Genetic Algorithm","Leap"],"picked":"Barrage","floor":4},{"not_picked":["Beam Cell","Reinforced Body"],"picked":"Self Repair","floor":5},{"not_picked":["Redo","Scrape","Consume"],"picked":"SKIP","floor":7}],"player_experience":2360883,"relics_obtained":[{"floor":7,"key":"Bag of Marbles"}],"event_choices":[],"is_beta":false,"boss_relics":[],"items_purged_floors":[],"is_endless":false,"potions_floor_spawned":[1,4,7],"killed_by":"Blue Slaver","ascension_level":20,"potion_discard_per_floor":[[],[],[],[],[],[],["PotionOfCapacity"],[]]}