{"neow_bonuses_skipped_log":["THREE_CARDS","THREE_ENEMY_KILL","BOSS_RELIC"],"potions_obtained_entropic_brew":[[],[],[],[],[],[],[],[],[],[],[],[],[],[],[],[],[],[],[],[],[],[],[]],"neow_costs_skipped_log":["NONE","NONE","NONE"],"gold_per_floor":[115,129,129,146,163,163,191,191,191,211,230,230,11,42,42,117,117,131,131,145,163,163,163],"floor_reached":23,"playtime":962,"items_purged":[],"score":406,"play_id":"ab1ad0e2-4b76-4ec5-93ce-da16e23c63cc","local_time":"20231127143359","score_breakdown":["Floors Climbed (23): 115","Enemies Slain (9): 18","Exordium Elites Killed (2): 20","City Elites Killed (0): 0","Bosses Slain (1): 50","Ascension (20): 203"],"is_ascension_mode":true,"potions_obtained_alchemize":[[],[],[],[],[],[],[],[],[],[],[],[],[],[],[],[],[],[],[],[],[],[],[]],"campfire_choices":[{"data":"Barrage","floor":6.0,"key":"SMITH"},{"data":"Genetic Algorithm","floor":8.0,"key":"SMITH"},{"data":"Sweeping Beam","floor":12,"key":"SMITH"},{"data":"Hello World","floor":15,"key":"SMITH"}],"lesson_learned_per_floor":[[],[],[],[],[],[],[],[],[],[],[],[],[],[],[],[],[],[],[],[],[],[],[]],"neow_cost":"TEN_PERCENT_HP_LOSS","improvable_cards":{"Genetic Algorithm+1":[24]},"seed_source_timestamp":180136371777800,"shop_contents":[{"floor":13,"relics":["Letter Opener","Lantern"],"cards":["Barrage","Hyperbeam","Stack","Multi-Cast","Static Discharge","Discovery","Secret Technique"],"potions":["LiquidMemories","GamblersBrew"]}],"circlet_count":0,"master_deck":["AscendersBane","Zap","Dualcast","Genetic Algorithm+1","Hello World+1","Coolheaded","Barrage+1","Sweeping Beam+1","Glacier","Doom and Gloom","Ball Lightning","Reboot","Loop","Echo Form","Defragment","Creative AI","Lockon","Electrodynamics","Leap","Fusion","Echo Form","Tempest","Chill","Biased Cognition"],"special_seed":0,"potion_use_per_floor":[[],[],[],[],[],[],["LiquidMemories"],[],[],[],[],[],[],["FearPotion"],[],[],[],[],[],[],["LiquidMemories"],[],["FairyPotion"]],"relics":["Cracked Core","Emotion Chip","Happy Flower","Darkstone Periapt","Bag of Preparation","Orrery","Pen Nib","Pandora\u0027s Box"],"potions_floor_usage":[14,21],"damage_taken":[{"damage":1.0,"enemies":"Cultist","floor":1.0,"turns":3.0},{"damage":0.0,"enemies":"2 Louse","floor":2.0,"turns":4.0},{"damage":7.0,"enemies":"Small Slimes","floor":4.0,"turns":4.0},{"damage":6.0,"enemies":"Looter","floor":5.0,"turns":4.0},{"damage":22.0,"enemies":"3 Sentries","floor":7.0,"turns":6.0},{"damage":1,"enemies":"Blue Slaver","floor":10,"turns":5},{"damage":0,"enemies":"2 Fungi Beasts","floor":11,"turns":4},{"damage":8,"enemies":"Gremlin Nob","floor":14,"turns":3},{"damage":11,"enemies":"Slime Boss","floor":16,"turns":6},{"damage":4,"enemies":"Shell Parasite","floor":18,"turns":7},{"damage":6,"enemies":"Spheric Guardian","floor":20,"turns":4},{"damage":23,"enemies":"Shelled Parasite and Fungi","floor":21,"turns":7},{"damage":47,"enemies":"Slavers","floor":23,"turns":2}],"seed_played":"7846535556383369293","neow_bonus_log":{"cardsObtained":[],"cardsUpgraded":[],"cardsRemoved":[],"cardsTransformed":[],"relicsObtained":["Emotion Chip"],"maxHpGained":0,"goldGained":0,"damageTaken":0,"goldLost":0,"maxHpLost":7},"potions_obtained":[{"floor":1.0,"key":"LiquidMemories"},{"floor":5.0,"key":"Weak Potion"},{"floor":7.0,"key":"ColorlessPotion"},{"floor":14,"key":"FairyPotion"},{"floor":20,"key":"LiquidMemories"}],"is_trial":false,"path_per_floor":["M","M","T","M","M","R","E","R","T","M","M","R","$","E","R","B",null,"M","?","M","M","?","E"],"character_chosen":"DEFECT","basemod:card_modifiers":[null,null,null,null,null,null,null,null,null,null,null,null,null,null,null,null,null,null,null,null,null,null,null,null],"items_purchased":["Orrery","FearPotion"],"campfire_rested":0,"item_purchase_floors":[13,13],"current_hp_per_floor":[63,63,63,56,50,50,28,28,28,27,27,27,27,19,19,8,50,46,46,40,17,17,0],"gold":163,"neow_bonus":"ONE_RARE_RELIC","is_prod":false,"is_daily":false,"rewards_skipped":[{"floor":10,"relics":[],"potions":["GamblersBrew"]}],"chose_seed":false,"campfire_upgraded":4,"win_rate":0,"floor_exit_playtime":[58,89,92,134,174,181,260,268,270,336,379,387,438,472,487,570,592,711,722,786,900,925],"timestamp":1701113639,"path_taken":["M","M","?","M","M","R","E","R","T","M","M","R","$","E","R","BOSS","M","?","M","?","?","E"],"build_version":"2022-12-18","purchased_purges":0,"victory":false,"max_hp_per_floor":[64,64,64,64,64,64,64,64,64,64,64,64,64,64,64,64,64,64,64,64,64,64,64],"relic_stats":{"Darkstone Periapt":0,"Emotion Chip":[36,23,11,2,0],"Happy Flower":[17],"counters":[13,59],"Pandora\u0027s Box":["Defragment","Creative AI","Lockon","Scrape","Electrodynamics","Leap","Fusion","Echo Form"],"Pen Nib":[3],"Bag of Preparation":[16],"obtain_stats":[{"Darkstone Periapt":7,"Emotion Chip":0,"Happy Flower":3,"Orrery":13,"Pandora\u0027s Box":17,"Pen Nib":14,"Bag of Preparation":9,"Cracked Core":0},{"Darkstone Periapt":5,"Emotion Chip":0,"Happy Flower":2,"Orrery":7,"Pandora\u0027s Box":9,"Pen Nib":8,"Bag of Preparation":5,"Cracked Core":0},{"Darkstone Periapt":21,"Emotion Chip":0,"Happy Flower":7,"Orrery":30,"Pandora\u0027s Box":39,"Pen Nib":33,"Bag of Preparation":21,"Cracked Core":0}]},"card_choices":[{"not_picked":["Auto Shields","Blizzard"],"picked":"Genetic Algorithm","floor":1.0},{"not_picked":["Hologram","BootSequence"],"picked":"Hello World","floor":2.0},{"not_picked":["Leap","BootSequence"],"picked":"Coolheaded","floor":4.0},{"not_picked":["Gash","Steam"],"picked":"Barrage","floor":5.0},{"not_picked":["Auto Shields","Blizzard","Redo"],"picked":"SKIP","floor":7.0},{"not_picked":["Steam","Coolheaded"],"picked":"Sweeping Beam","floor":10},{"not_picked":["Blizzard","Conserve Battery"],"picked":"Glacier","floor":11},{"not_picked":["Cold Snap","Streamline"],"picked":"Doom and Gloom","floor":13},{"not_picked":["Rebound","Beam Cell"],"picked":"Ball Lightning","floor":13},{"not_picked":["Conserve Battery","Gash"],"picked":"Reboot","floor":13},{"not_picked":["Genetic Algorithm","Recycle","Steam"],"picked":"SKIP","floor":13},{"not_picked":["Beam Cell","Conserve Battery","Fusion"],"picked":"SKIP","floor":13},{"not_picked":["Streamline","Steam"],"picked":"Loop","floor":14},{"not_picked":["Meteor Strike","Seek"],"picked":"Echo Form","floor":16},{"not_picked":["Beam Cell","Rebound","Stack"],"picked":"SKIP","floor":18},{"not_picked":["Steam","Stack+1","Redo"],"picked":"SKIP","floor":20},{"not_picked":["Gash","Leap"],"picked":"Chill","floor":21},{"not_picked":["Self Repair","All For One","Recycle","Compile Driver","Genetic Algorithm","Turbo","Steam","Beam Cell","Glacier","Cold Snap","Reprogram","Consume","Go for the Eyes","BootSequence","Melter","Rebound","Redo","Ball Lightning","Stack"],"picked":"Biased Cognition","floor":22}],"player_experience":2357517,"relics_obtained":[{"floor":3.0,"key":"Happy Flower"},{"floor":7.0,"key":"Darkstone Periapt"},{"floor":9.0,"key":"Bag of Preparation"},{"floor":14,"key":"Pen Nib"}],"event_choices":[{"damage_healed":0,"gold_gain":0,"cards_transformed":["Scrape"],"player_choice":"Transformed","damage_taken":0,"max_hp_gain":0,"max_hp_loss":0,"event_name":"Transmorgrifier","floor":19,"gold_loss":0,"cards_obtained":["Tempest"]},{"damage_healed":0,"gold_gain":0,"player_choice":"Read","damage_taken":0,"max_hp_gain":0,"max_hp_loss":0,"event_name":"The Library","floor":22,"gold_loss":0,"cards_obtained":["Biased Cognition"]}],"is_beta":false,"boss_relics":[{"not_picked":["Runic Pyramid","Black Star"],"picked":"Pandora\u0027s Box"}],"items_purged_floors":[],"is_endless":false,"potions_floor_spawned":[1,5,7,10,14,20],"killed_by":"Slavers","ascension_level":20,"potion_discard_per_floor":[[],[],[],[],[],[],[],[],[],[],[],[],["ColorlessPotion"],[],[],[],[],[],[],["Weak Potion"],[],[],[]]}