{"neow_bonuses_skipped_log":["TEN_PERCENT_HP_BONUS","TWO_FIFTY_GOLD","BOSS_RELIC"],"neow_costs_skipped_log":["NONE","PERCENT_DAMAGE","NONE"],"potions_obtained_entropic_brew":[[],[],[],[],[],[],[],[],[],[],[],[],[],[],[],[],[],[],[],[],[],[],[],[],[],[],[],[],[],[],[],[],[],[],[],[],[],[],[],[],[],[],[],[],[],[],[],[],[],[],[],[],[],[],[]],"gold_per_floor":[114,114,124,141,141,166,166,201,201,229,229,259,259,278,278,352,352,371,371,386,155,155,155,189,189,212,212,224,249,260,294,294,368,368,387,120,120,132,132,157,190,206,232,251,270,270,303,82,82,82,82,82,82,25,25],"floor_reached":55,"playtime":4342,"items_purged":["Defend_B","Defend_B"],"score":2092,"play_id":"0de7b07e-baec-43ea-a346-6689ee2bd5bc","local_time":"20231127165131","score_breakdown":["Floors Climbed (55): 275","Enemies Slain (13): 26","Exordium Elites Killed (4): 40","City Elites Killed (2): 40","Beyond Elites Killed (3): 90","Bosses Slain (4): 500","Champion (1): 25","Perfect (1): 50","Ascension (20): 1046"],"is_ascension_mode":true,"potions_obtained_alchemize":[[],[],[],[],[],[],[],[],[],[],[],[],[],[],[],[],[],[],[],[],[],[],[],[],[],[],[],[],[],[],[],[],[],[],[],[],[],[],[],[],[],[],[],[],[],[],[],[],[],[],[],[],[],[],[]],"campfire_choices":[{"data":"Ball Lightning","floor":7.0,"key":"SMITH"},{"data":"Chaos","floor":11.0,"key":"SMITH"},{"floor":13.0,"key":"REST"},{"data":"Seek","floor":15.0,"key":"SMITH"},{"data":"Ghostly","floor":23,"key":"SMITH"},{"data":"Ghostly","floor":25,"key":"SMITH"},{"data":"Ghostly","floor":27,"key":"SMITH"},{"data":"Echo Form","floor":32,"key":"SMITH"},{"floor":46,"key":"RECALL"},{"data":"Capacitor","floor":49,"key":"SMITH"},{"data":"Defragment","floor":53,"key":"SMITH"}],"lesson_learned_per_floor":[[],[],[],[],[],[],[],[],[],[],[],[],[],[],[],[],[],[],[],[],[],[],[],[],[],[],[],[],[],[],[],[],[],[],[],[],[],[],[],[],[],[],[],[],[],[],[],[],[],[],[],[],[],[],[]],"neow_cost":"NONE","improvable_cards":{},"seed_source_timestamp":184949273349800,"shop_contents":[{"floor":21,"relics":["Dream Catcher","Ornamental Fan","Sling"],"cards":["Lockon","White Noise","Turbo","Purity","Apotheosis"],"potions":["FairyPotion","SteroidPotion"]},{"floor":36,"relics":["Regal Pillow","War Paint"],"cards":["Sweeping Beam","Rebound","Stack","Conserve Battery","Hello World","Discovery","Chrysalis"],"potions":["Ancient Potion","LiquidBronze","SkillPotion"]},{"floor":48,"relics":["Toy Ornithopter","StoneCalendar"],"cards":["Scrape","Sweeping Beam","Fission","Glacier","Static Discharge","Madness","Secret Weapon"],"potions":["DistilledChaos","SpeedPotion"]},{"floor":54,"relics":["Boot","Centennial Puzzle","Frozen Eye"],"cards":["FTL","Scrape","Steam Power","Hologram","Static Discharge","Flash of Steel","Secret Weapon"],"potions":["PotionOfCapacity","EssenceOfSteel"]}],"circlet_count":0,"master_deck":["AscendersBane","Defend_B","Dualcast","Echo Form+1","Undo","Ball Lightning+1","Gash","Go for the Eyes","Chaos+1","Conserve Battery","Seek+1","Conserve Battery","Electrodynamics","Fission+1","Undo+1","Stack+1","Darkness+1","Turbo+1","Self Repair","Compile Driver","Ghostly+1","Ghostly+1","Ghostly+1","Glacier","Coolheaded","Amplify","Meteor Strike","White Noise","Forethought","Dark Shackles","Darkness","Capacitor+1","Creative AI","Defragment+1"],"special_seed":0,"potion_use_per_floor":[[],[],[],[],[],[],[],["Swift Potion","Fire Potion"],[],[],[],["Regen Potion"],[],["SkillPotion"],[],[],[],["SpeedPotion"],[],[],[],[],[],[],[],[],[],["Block Potion"],["Explosive Potion"],[],["AttackPotion"],[],["Dexterity Potion"],[],["Fruit Juice"],[],[],[],[],[],["Swift Potion"],[],[],[],[],[],["Explosive Potion"],[],[],[],["PowerPotion"],[],[],[],["FocusPotion"]],"relics":["Cracked Core","WingedGreaves","Ginger","Lizard Tail","Nunchaku","Pen Nib","Astrolabe","DataDisk","Akabeko","Red Mask","Meat on the Bone","Runic Pyramid","ClockworkSouvenir","Bag of Marbles","Thread and Needle","Bronze Scales","Orrery"],"potions_floor_usage":[28,29,31,33,35,41,47,51,55],"damage_taken":[{"damage":6.0,"enemies":"2 Louse","floor":1.0,"turns":3.0},{"damage":1.0,"enemies":"Cultist","floor":3.0,"turns":4.0},{"damage":7.0,"enemies":"Small Slimes","floor":4.0,"turns":3.0},{"damage":20.0,"enemies":"Lagavulin","floor":6.0,"turns":7.0},{"damage":8.0,"enemies":"Gremlin Nob","floor":8.0,"turns":3.0},{"damage":5.0,"enemies":"Lagavulin","floor":10.0,"turns":6.0},{"damage":30.0,"enemies":"3 Sentries","floor":12.0,"turns":10.0},{"damage":27.0,"enemies":"Gremlin Gang","floor":14.0,"turns":4.0},{"damage":25.0,"enemies":"The Guardian","floor":16.0,"turns":11.0},{"damage":17.0,"enemies":"2 Thieves","floor":18.0,"turns":4.0},{"damage":9,"enemies":"3 Byrds","floor":20,"turns":4},{"damage":1,"enemies":"Book of Stabbing","floor":24,"turns":7},{"damage":5,"enemies":"Shelled Parasite and Fungi","floor":28,"turns":6},{"damage":3,"enemies":"Masked Bandits","floor":29,"turns":3},{"damage":0,"enemies":"Snake Plant","floor":30,"turns":3},{"damage":21,"enemies":"Gremlin Leader","floor":31,"turns":9},{"damage":0,"enemies":"Collector","floor":33,"turns":9},{"damage":11,"enemies":"Orb Walker","floor":35,"turns":4},{"damage":0,"enemies":"3 Shapes","floor":38,"turns":4},{"damage":1,"enemies":"Nemesis","floor":40,"turns":7},{"damage":1,"enemies":"Giant Head","floor":41,"turns":11},{"damage":1,"enemies":"Spire Growth","floor":42,"turns":6},{"damage":20,"enemies":"Maw","floor":44,"turns":11},{"damage":11,"enemies":"Jaw Worm Horde","floor":45,"turns":5},{"damage":0,"enemies":"Reptomancer","floor":47,"turns":6},{"damage":20,"enemies":"Awakened One","floor":50,"turns":19},{"damage":15,"enemies":"Time Eater","floor":51,"turns":10},{"damage":49,"enemies":"Shield and Spear","floor":55,"turns":7}],"green_key_taken_log":12,"seed_played":"3488286628222448306","neow_bonus_log":{"cardsObtained":["Echo Form"],"cardsUpgraded":[],"cardsRemoved":[],"cardsTransformed":[],"relicsObtained":[],"maxHpGained":0,"goldGained":0,"damageTaken":0,"goldLost":0,"maxHpLost":0},"potions_obtained":[{"floor":4.0,"key":"Fire Potion"},{"floor":6.0,"key":"Swift Potion"},{"floor":10.0,"key":"Regen Potion"},{"floor":12.0,"key":"SkillPotion"},{"floor":14.0,"key":"SpeedPotion"},{"floor":16.0,"key":"Explosive Potion"},{"floor":28,"key":"Dexterity Potion"},{"floor":29,"key":"AttackPotion"},{"floor":31,"key":"Fruit Juice"},{"floor":33,"key":"FocusPotion"},{"floor":35,"key":"Swift Potion"},{"floor":41,"key":"Explosive Potion"}],"is_trial":false,"path_per_floor":["M","?","M","M","?","E","R","E","T","E","R","E","R","M","R","B",null,"M","?","M","$","?","R","E","R","T","R","M","?","M","E","R","B",null,"M","$","?","M","?","E","E","M","T","M","M","R","E","$","R","B","B",null,"R","$","E"],"character_chosen":"DEFECT","basemod:card_modifiers":[null,null,null,null,null,null,null,null,null,null,null,null,null,null,null,null,null,null,null,null,null,null,null,null,null,null,null,null,null,null,null,null,null,null],"items_purchased":["Self Repair","Compile Driver","Block Potion","ClockworkSouvenir","Orrery","PowerPotion","FocusPotion"],"campfire_rested":1,"item_purchase_floors":[21,21,21,36,48,48,54],"current_hp_per_floor":[58,58,57,50,50,30,30,22,22,17,17,2,23,35,35,10,56,39,39,30,30,30,30,35,35,35,35,35,32,32,25,25,25,33,40,40,30,37,37,40,40,39,39,38,40,40,40,40,40,40,39,40,40,40,0],"gold":25,"neow_bonus":"ONE_RANDOM_RARE_CARD","is_prod":false,"is_daily":false,"rewards_skipped":[{"floor":38,"relics":[],"potions":["LiquidBronze"]},{"floor":42,"relics":[],"potions":["PowerPotion"]}],"chose_seed":false,"campfire_upgraded":9,"win_rate":0,"floor_exit_playtime":[41,46,78,109,117,182,187,238,240,295,311,413,416,475,480,733,826,893,898,960,998,1002,1006,1096,1100,1104,1116,1218,1263,1315,1493,1505,1660,1679,1745,1847,1877,1964,1990,2115,2366,2472,2508,2685,2775,2789,2915,2939,2950,3495,3748,4132,4142,4164],"timestamp":1701121891,"blue_key_relic_skipped_log":{"floor":43,"relicID":"Oddly Smooth Stone"},"path_taken":["M","?","M","M","?","E","R","E","T","E","R","E","R","?","R","BOSS","M","?","?","$","?","R","E","R","T","R","M","?","M","E","R","BOSS","M","$","?","M","?","E","E","?","T","M","?","R","E","$","R","BOSS","BOSS","R","$","E"],"build_version":"2022-12-18","purchased_purges":2,"victory":false,"max_hp_per_floor":[71,71,71,71,71,71,71,71,71,71,71,71,71,71,71,71,71,71,71,71,71,35,35,35,35,35,35,35,35,35,35,35,35,35,40,40,40,40,40,40,40,40,40,40,40,40,40,40,40,40,40,40,40,40,40],"relic_stats":{"Lizard Tail":35,"Nunchaku":[16],"counters":[28,186],"Astrolabe":["Fission","Undo","Stack"],"Bronze Scales":[213],"WingedGreaves":3,"Pen Nib":[15],"Ginger":[19],"obtain_stats":[{"Astrolabe":17,"Thread and Needle":41,"Pen Nib":12,"Ginger":8,"Akabeko":26,"ClockworkSouvenir":36,"Lizard Tail":9,"Nunchaku":10,"DataDisk":24,"Bronze Scales":47,"Orrery":48,"WingedGreaves":6,"Red Mask":29,"Bag of Marbles":40,"Cracked Core":0,"Meat on the Bone":31,"Runic Pyramid":34},{"Astrolabe":9,"Thread and Needle":21,"Pen Nib":7,"Ginger":5,"Akabeko":12,"ClockworkSouvenir":18,"Lizard Tail":5,"Nunchaku":6,"DataDisk":12,"Bronze Scales":25,"Orrery":25,"WingedGreaves":4,"Red Mask":14,"Bag of Marbles":20,"Cracked Core":0,"Meat on the Bone":16,"Runic Pyramid":17},{"Astrolabe":51,"Thread and Needle":122,"Pen Nib":36,"Ginger":20,"Akabeko":66,"ClockworkSouvenir":100,"Lizard Tail":20,"Nunchaku":26,"DataDisk":66,"Bronze Scales":150,"Orrery":150,"WingedGreaves":17,"Red Mask":75,"Bag of Marbles":111,"Cracked Core":0,"Meat on the Bone":87,"Runic Pyramid":96}],"Meat on the Bone":24},"card_choices":[{"not_picked":["Hologram","Streamline"],"picked":"Undo","floor":1.0},{"not_picked":["Compile Driver","Double Energy"],"picked":"Ball Lightning","floor":3.0},{"not_picked":["Turbo","Hologram"],"picked":"Gash","floor":4.0},{"not_picked":["Beam Cell","Recycle"],"picked":"Go for the Eyes","floor":6.0},{"not_picked":["Fission","Hello World"],"picked":"Chaos","floor":8.0},{"not_picked":["Steam Power","Reprogram"],"picked":"Conserve Battery","floor":10.0},{"not_picked":["Ball Lightning","Barrage"],"picked":"Seek","floor":12.0},{"not_picked":["Rebound","BootSequence"],"picked":"Conserve Battery","floor":14.0},{"not_picked":["Seek","Machine Learning"],"picked":"Electrodynamics","floor":16.0},{"not_picked":["White Noise","Barrage"],"picked":"Darkness+1","floor":18.0},{"not_picked":["Doom and Gloom","Auto Shields+1"],"picked":"Turbo+1","floor":20},{"not_picked":["Reprogram+1","Self Repair"],"picked":"Glacier","floor":24},{"not_picked":["Leap","Gash","Streamline"],"picked":"SKIP","floor":28},{"not_picked":["Cold Snap","Ball Lightning"],"picked":"Coolheaded","floor":29},{"not_picked":["Undo","Sweeping Beam"],"picked":"Amplify","floor":30},{"not_picked":["Beam Cell","Go for the Eyes","Sweeping Beam"],"picked":"SKIP","floor":31},{"not_picked":["Amplify","Fission"],"picked":"Meteor Strike","floor":33},{"not_picked":["Steam","Ball Lightning"],"picked":"White Noise","floor":35},{"not_picked":["Mayhem","The Bomb"],"picked":"Forethought","floor":37},{"not_picked":["Impatience","Deep Breath"],"picked":"Dark Shackles","floor":37},{"not_picked":["Sadistic Nature","Madness","The Bomb"],"picked":"SKIP","floor":37},{"not_picked":["Gash","Cold Snap+1","Rebound+1"],"picked":"SKIP","floor":38},{"not_picked":["Cold Snap","Thunder Strike","Gash"],"picked":"SKIP","floor":40},{"not_picked":["Cold Snap","Thunder Strike","Gash"],"picked":"SKIP","floor":40},{"not_picked":["Gash+1","Doom and Gloom","Auto Shields+1"],"picked":"SKIP","floor":41},{"not_picked":["Streamline","Rebound+1","Conserve Battery+1"],"picked":"SKIP","floor":42},{"not_picked":["Fusion","Go for the Eyes","Cold Snap"],"picked":"SKIP","floor":44},{"not_picked":["Force Field","Ball Lightning","Hello World"],"picked":"SKIP","floor":45},{"not_picked":["Go for the Eyes","Compile Driver+1"],"picked":"Capacitor","floor":47},{"not_picked":["Hologram","Redo+1"],"picked":"Creative AI","floor":48},{"not_picked":["Scrape","Stack"],"picked":"Defragment","floor":48},{"not_picked":["Scrape","Barrage+1","Streamline"],"picked":"SKIP","floor":48},{"not_picked":["Rainbow","Storm","Gash"],"picked":"SKIP","floor":48},{"not_picked":["Barrage+1","Scrape+1","Rebound"],"picked":"SKIP","floor":48}],"player_experience":2361072,"relics_obtained":[{"floor":6.0,"key":"WingedGreaves"},{"floor":8.0,"key":"Ginger"},{"floor":9.0,"key":"Lizard Tail"},{"floor":10.0,"key":"Nunchaku"},{"floor":12.0,"key":"Pen Nib"},{"floor":24,"key":"DataDisk"},{"floor":26,"key":"Akabeko"},{"floor":29,"key":"Red Mask"},{"floor":31,"key":"Meat on the Bone"},{"floor":40,"key":"Bag of Marbles"},{"floor":41,"key":"Thread and Needle"},{"floor":47,"key":"Bronze Scales"}],"event_choices":[{"damage_healed":0.0,"max_hp_gain":0.0,"max_hp_loss":0.0,"gold_gain":0.0,"event_name":"Liars Game","player_choice":"Ignored","floor":2.0,"gold_loss":0.0,"damage_taken":0.0},{"cards_removed":["Defend_B"],"damage_healed":0.0,"max_hp_gain":0.0,"max_hp_loss":0.0,"gold_gain":0.0,"event_name":"Bonfire Elementals","player_choice":"Offered Basic","floor":5.0,"gold_loss":0.0,"damage_taken":0.0},{"cards_removed":["Strike_B"],"damage_healed":0.0,"max_hp_gain":0.0,"max_hp_loss":0.0,"gold_gain":0.0,"event_name":"Purifier","player_choice":"Purged","floor":19.0,"gold_loss":0.0,"damage_taken":0.0},{"damage_healed":0,"gold_gain":0,"player_choice":"Became a Ghost","damage_taken":0,"max_hp_gain":0,"max_hp_loss":36,"event_name":"Ghosts","floor":22,"gold_loss":0,"cards_obtained":["Ghostly","Ghostly","Ghostly"]},{"damage_healed":0,"gold_gain":0,"player_choice":"Fought Bandits","damage_taken":0,"max_hp_gain":0,"max_hp_loss":0,"event_name":"Masked Bandits","floor":29,"gold_loss":0},{"damage_healed":0,"gold_gain":0,"player_choice":"Memory 3","damage_taken":10,"max_hp_gain":0,"max_hp_loss":0,"event_name":"SensoryStone","floor":37,"gold_loss":0},{"damage_healed":0,"gold_gain":0,"cards_transformed":["Zap"],"player_choice":"Transformed","damage_taken":0,"max_hp_gain":0,"max_hp_loss":0,"event_name":"Transmorgrifier","floor":39,"gold_loss":0,"cards_obtained":["Darkness"]}],"is_beta":false,"boss_relics":[{"not_picked":["Coffee Dripper","Ectoplasm"],"picked":"Astrolabe"},{"not_picked":["Sozu","FrozenCore"],"picked":"Runic Pyramid"}],"items_purged_floors":[21,36],"is_endless":false,"potions_floor_spawned":[4,6,10,12,14,16,28,29,31,33,35,38,41,42],"killed_by":"Shield and Spear","ascension_level":20,"potion_discard_per_floor":[[],[],[],[],[],[],[],[],[],[],[],[],[],[],[],[],[],[],[],[],[],[],[],[],[],[],[],[],[],[],[],[],[],[],[],[],[],[],[],[],[],[],[],[],[],[],[],[],[],[],[],[],[],[],[]]}