{"neow_bonuses_skipped_log":["TRANSFORM_CARD","THREE_ENEMY_KILL","BOSS_RELIC"],"potions_obtained_entropic_brew":[[],[],[],[],[],[],[],[],[],[],[],[],[]],"neow_costs_skipped_log":["NONE","NONE","NONE"],"gold_per_floor":[15,34,34,49,49,49,81,94,94,94,19,19,19],"floor_reached":13,"playtime":339,"items_purged":["Strike_B"],"score":166,"play_id":"f1d89409-6a4f-479a-bbf6-fa892b998826","local_time":"20231127134506","score_breakdown":["Floors Climbed (13): 65","Enemies Slain (4): 8","Exordium Elites Killed (1): 10","Bosses Slain (0): 0","Ascension (20): 83"],"is_ascension_mode":true,"potions_obtained_alchemize":[[],[],[],[],[],[],[],[],[],[],[],[],[]],"campfire_choices":[{"data":"Defragment","floor":6,"key":"SMITH"},{"data":"Ball Lightning","floor":12,"key":"SMITH"}],"lesson_learned_per_floor":[[],[],[],[],[],[],[],[],[],[],[],[],[]],"neow_cost":"NO_GOLD","improvable_cards":{},"seed_source_timestamp":177839837996700,"shop_contents":[{"floor":11,"relics":["Art of War","Oddly Smooth Stone","PrismaticShard"],"cards":["Compile Driver","Beam Cell","Steam","Steam Power","Defragment","Finesse","Sadistic Nature"],"potions":["BlessingOfTheForge","Energy Potion","Ancient Potion"]}],"circlet_count":0,"master_deck":["AscendersBane","Strike_B","Defend_B","Defend_B","Defend_B","Zap","Dualcast","Steam","Defragment+1","Sweeping Beam","Rebound","Defragment","Ball Lightning+1","Capacitor","Undo"],"potion_use_per_floor":[[],[],[],[],[],[],[],[],[],[],[],[],["Block Potion","Fire Potion"]],"relics":["Cracked Core","Calipers","Letter Opener"],"potions_floor_usage":[13,13],"damage_taken":[{"damage":4,"enemies":"Small Slimes","floor":1,"turns":3},{"damage":6,"enemies":"Jaw Worm","floor":2,"turns":3},{"damage":11,"enemies":"2 Louse","floor":4,"turns":3},{"damage":35,"enemies":"Lagavulin","floor":7,"turns":7},{"damage":7,"enemies":"Blue Slaver","floor":8,"turns":3},{"damage":25,"enemies":"Gremlin Nob","floor":13,"turns":3}],"seed_played":"5477951123596654626","neow_bonus_log":{"cardsObtained":["Steam","Defragment"],"cardsUpgraded":[],"cardsRemoved":[],"cardsTransformed":["Strike_B","Strike_B"],"relicsObtained":[],"maxHpGained":0,"goldGained":0,"damageTaken":0,"goldLost":99,"maxHpLost":0},"potions_obtained":[{"floor":2,"key":"Fire Potion"},{"floor":8,"key":"Block Potion"}],"is_trial":false,"path_per_floor":["M","M","?","M","?","R","E","M","T","?","$","R","E"],"character_chosen":"DEFECT","basemod:card_modifiers":[null,null,null,null,null,null,null,null,null,null,null,null,null,null,null],"items_purchased":[],"campfire_rested":0,"item_purchase_floors":[],"current_hp_per_floor":[60,54,54,43,66,66,31,24,24,24,24,24,0],"gold":19,"neow_bonus":"TRANSFORM_TWO_CARDS","is_prod":false,"is_daily":false,"rewards_skipped":[],"chose_seed":false,"campfire_upgraded":2,"win_rate":0,"floor_exit_playtime":[50,94,104,141,146,153,223,253,255,265,284,291],"timestamp":1701110706,"path_taken":["M","M","?","M","?","R","E","M","T","?","?","R","E"],"build_version":"2022-12-18","purchased_purges":1,"victory":false,"max_hp_per_floor":[71,71,71,71,71,71,71,71,71,71,71,71,71],"relic_stats":{"Calipers":[0],"counters":[6,22],"Letter Opener":[0],"obtain_stats":[{"Calipers":7,"Letter Opener":9,"Cracked Core":0},{"Calipers":4,"Letter Opener":5,"Cracked Core":0},{"Calipers":16,"Letter Opener":19,"Cracked Core":0}]},"card_choices":[{"not_picked":["Static Discharge","Steam"],"picked":"Sweeping Beam","floor":1},{"not_picked":["Conserve Battery","Reinforced Body"],"picked":"Rebound","floor":2},{"not_picked":["Conserve Battery","Steam"],"picked":"Ball Lightning","floor":4},{"not_picked":["Lockon","Steam Power"],"picked":"Capacitor","floor":7},{"not_picked":["Barrage","Tempest"],"picked":"Undo","floor":8}],"player_experience":2356482,"relics_obtained":[{"floor":7,"key":"Calipers"},{"floor":9,"key":"Letter Opener"}],"event_choices":[{"damage_healed":0,"gold_gain":0,"cards_transformed":["Defend_B"],"player_choice":"Change","damage_taken":0,"max_hp_gain":0,"max_hp_loss":0,"event_name":"Living Wall","floor":3,"gold_loss":0,"cards_obtained":["Defragment"]},{"damage_healed":23,"gold_gain":0,"player_choice":"Banana","damage_taken":0,"max_hp_gain":0,"max_hp_loss":0,"event_name":"Big Fish","floor":5,"gold_loss":0},{"damage_healed":0,"gold_gain":0,"player_choice":"Searched \u00270\u0027 times","damage_taken":0,"max_hp_gain":0,"max_hp_loss":0,"event_name":"Dead Adventurer","floor":10,"gold_loss":0}],"is_beta":false,"boss_relics":[],"items_purged_floors":[11],"is_endless":false,"potions_floor_spawned":[2,8],"killed_by":"Gremlin Nob","ascension_level":20,"potion_discard_per_floor":[[],[],[],[],[],[],[],[],[],[],[],[],[]]}