{"neow_bonuses_skipped_log":["THREE_SMALL_POTIONS","TWENTY_PERCENT_HP_BONUS","BOSS_RELIC"],"potions_obtained_entropic_brew":[[],[],[],[],[],[],[],[],[],[],[],[],[],[],[],[],[],[],[],[],[],[],[],[]],"neow_costs_skipped_log":["NONE","PERCENT_DAMAGE","NONE"],"gold_per_floor":[111,131,203,19,29,29,48,48,73,148,9,42,42,74,74,148,148,160,176,176,191,19,19,19],"floor_reached":24,"playtime":696,"items_purged":[],"score":408,"play_id":"1c8dddfa-c9cd-4876-a455-43391a45efc1","local_time":"20231127135723","score_breakdown":["Floors Climbed (24): 120","Enemies Slain (7): 14","Exordium Elites Killed (2): 20","City Elites Killed (0): 0","Bosses Slain (1): 50","Ascension (20): 204"],"is_ascension_mode":true,"potions_obtained_alchemize":[[],[],[],[],[],[],[],[],[],[],[],[],[],[],[],[],[],[],[],[],[],[],[],[]],"campfire_choices":[{"data":"Zap","floor":6.0,"key":"SMITH"},{"data":"Coolheaded","floor":8.0,"key":"SMITH"},{"data":"Barrage","floor":13.0,"key":"SMITH"},{"floor":15.0,"key":"REST"},{"data":"Seek","floor":23,"key":"SMITH"}],"lesson_learned_per_floor":[[],[],[],[],[],[],[],[],[],[],[],[],[],[],[],[],[],[],[],[],[],[],[],[]],"neow_cost":"NONE","improvable_cards":{},"seed_source_timestamp":178187827785300,"shop_contents":[{"floor":4,"relics":["Nunchaku","Toxic Egg 2"],"cards":["All For One","Sweeping Beam","Steam","Defragment","Dark Shackles","Violence"],"potions":["GamblersBrew","Weak Potion","Swift Potion"]},{"floor":11,"relics":["War Paint","Eternal Feather","DollysMirror"],"cards":["Hologram","Multi-Cast","Hello World","Purity","Chrysalis"],"potions":["EssenceOfSteel","DistilledChaos"]},{"floor":22,"relics":["Letter Opener","Unceasing Top"],"cards":["Sweeping Beam","FTL","Force Field","Redo","Self Repair","Blind","Secret Technique"],"potions":["GamblersBrew","EssenceOfSteel","FocusPotion"]}],"circlet_count":0,"master_deck":["AscendersBane","Strike_B","Strike_B","Strike_B","Defend_B","Defend_B","Defend_B","Defend_B","Zap+1","Dualcast","Rebound","Core Surge","Coolheaded","Coolheaded+1","Ball Lightning","Barrage+1","Barrage","Echo Form","Compile Driver","Seek+1","Sunder","Leap+1","Defragment+1","Compile Driver"],"special_seed":0,"potion_use_per_floor":[[],[],[],[],[],[],[],[],[],[],[],["BlessingOfTheForge"],[],[],[],["Swift Potion"],[],[],[],[],[],[],[],["EssenceOfDarkness","Fire Potion"]],"relics":["Cracked Core","OrangePellets","Smiling Mask","Bronze Scales","Centennial Puzzle","Coffee Dripper","Orrery"],"potions_floor_usage":[24,24],"damage_taken":[{"damage":7.0,"enemies":"Small Slimes","floor":1.0,"turns":4.0},{"damage":1.0,"enemies":"2 Louse","floor":2.0,"turns":3.0},{"damage":0.0,"enemies":"Jaw Worm","floor":5.0,"turns":3.0},{"damage":6.0,"enemies":"Blue Slaver","floor":7.0,"turns":3.0},{"damage":6.0,"enemies":"Gremlin Nob","floor":12.0,"turns":3.0},{"damage":18.0,"enemies":"Lagavulin","floor":14.0,"turns":5.0},{"damage":24.0,"enemies":"Hexaghost","floor":16.0,"turns":9.0},{"damage":21.0,"enemies":"Shell Parasite","floor":18.0,"turns":4.0},{"damage":5.0,"enemies":"Chosen","floor":19.0,"turns":3.0},{"damage":18,"enemies":"Sentry and Sphere","floor":21,"turns":4},{"damage":17,"enemies":"Slavers","floor":24,"turns":2}],"seed_played":"7098330034313690464","neow_bonus_log":{"cardsObtained":[],"cardsUpgraded":[],"cardsRemoved":["Strike_B"],"cardsTransformed":[],"relicsObtained":[],"maxHpGained":0,"goldGained":0,"damageTaken":0,"goldLost":0,"maxHpLost":0},"potions_obtained":[{"floor":7.0,"key":"Swift Potion"},{"floor":12.0,"key":"PotionOfCapacity"},{"floor":16.0,"key":"Fire Potion"},{"floor":19.0,"key":"EssenceOfDarkness"}],"is_trial":false,"path_per_floor":["M","M","?","$","M","R","M","R","T","?","$","E","R","E","R","B",null,"M","M","?","M","$","R","E"],"character_chosen":"DEFECT","basemod:card_modifiers":[null,null,null,null,null,null,null,null,null,null,null,null,null,null,null,null,null,null,null,null,null,null,null,null],"items_purchased":["OrangePellets","Coolheaded","Ball Lightning","BlessingOfTheForge","Barrage","Orrery"],"campfire_rested":1,"item_purchase_floors":[4,4,11,11,11,22],"current_hp_per_floor":[57,56,56,56,56,56,50,50,50,39,39,33,33,15,36,12,56,35,30,30,12,12,12,0],"gold":19,"neow_bonus":"REMOVE_CARD","is_prod":false,"is_daily":false,"rewards_skipped":[{"floor":21,"relics":[],"potions":["Strength Potion"]}],"chose_seed":false,"campfire_upgraded":4,"win_rate":0,"floor_exit_playtime":[58,87,94,102,135,144,174,180,182,185,200,243,248,313,317,405,417,482,528,542,609,646,652],"timestamp":1701111443,"path_taken":["M","M","?","$","M","R","M","R","T","?","?","E","R","E","R","BOSS","M","M","?","?","$","R","E"],"build_version":"2022-12-18","purchased_purges":0,"victory":false,"max_hp_per_floor":[71,71,71,71,71,71,71,71,71,71,71,71,71,71,71,71,71,71,71,71,71,71,71,71],"relic_stats":{"OrangePellets":[0],"Centennial Puzzle":[15],"counters":[11,43],"Bronze Scales":[66],"Smiling Mask":0,"obtain_stats":[{"OrangePellets":4,"Centennial Puzzle":14,"Bronze Scales":12,"Orrery":22,"Coffee Dripper":17,"Cracked Core":0,"Smiling Mask":9},{"OrangePellets":2,"Centennial Puzzle":6,"Bronze Scales":5,"Orrery":10,"Coffee Dripper":7,"Cracked Core":0,"Smiling Mask":4},{"OrangePellets":7,"Centennial Puzzle":21,"Bronze Scales":16,"Orrery":41,"Coffee Dripper":30,"Cracked Core":0,"Smiling Mask":13}]},"card_choices":[{"not_picked":["Stack","Turbo"],"picked":"Rebound","floor":1.0},{"not_picked":["Ball Lightning","Reinforced Body"],"picked":"Core Surge","floor":2.0},{"not_picked":["Static Discharge","Barrage","Stack"],"picked":"SKIP","floor":5.0},{"not_picked":["Static Discharge","Barrage","Stack"],"picked":"SKIP","floor":5.0},{"not_picked":["Turbo","Conserve Battery"],"picked":"Coolheaded","floor":7.0},{"not_picked":["Cold Snap","Static Discharge"],"picked":"Barrage","floor":12.0},{"not_picked":["Ball Lightning","Amplify","Aggregate"],"picked":"SKIP","floor":14.0},{"not_picked":["All For One","Buffer"],"picked":"Echo Form","floor":16.0},{"not_picked":["Scrape","Capacitor"],"picked":"Compile Driver","floor":18.0},{"not_picked":["Streamline","Steam Power","Barrage"],"picked":"SKIP","floor":19.0},{"not_picked":["Cold Snap","Streamline"],"picked":"Sunder","floor":21},{"not_picked":["Coolheaded","Turbo"],"picked":"Leap+1","floor":22},{"not_picked":["Redo","BootSequence"],"picked":"Defragment+1","floor":22},{"not_picked":["Reboot","Doom and Gloom"],"picked":"Compile Driver","floor":22},{"not_picked":["FTL","Cold Snap","Redo"],"picked":"SKIP","floor":22},{"not_picked":["Genetic Algorithm","Storm","Machine Learning"],"picked":"SKIP","floor":22}],"player_experience":2356821,"relics_obtained":[{"floor":9.0,"key":"Smiling Mask"},{"floor":12.0,"key":"Bronze Scales"},{"floor":14.0,"key":"Centennial Puzzle"}],"event_choices":[{"damage_healed":0.0,"max_hp_gain":0.0,"max_hp_loss":0.0,"gold_gain":72.0,"event_name":"Golden Wing","player_choice":"Gained Gold","floor":3.0,"gold_loss":0.0,"damage_taken":0.0},{"damage_healed":0.0,"max_hp_gain":0.0,"max_hp_loss":0.0,"gold_gain":75.0,"event_name":"World of Goop","player_choice":"Gather Gold","floor":10.0,"gold_loss":0.0,"damage_taken":11.0},{"damage_healed":0,"gold_gain":0,"player_choice":"1 cards matched","damage_taken":0,"max_hp_gain":0,"max_hp_loss":0,"event_name":"Match and Keep!","floor":20,"gold_loss":0,"cards_obtained":["Seek"]}],"is_beta":false,"boss_relics":[{"not_picked":["Tiny House","Inserter"],"picked":"Coffee Dripper"}],"items_purged_floors":[],"is_endless":false,"potions_floor_spawned":[7,12,16,19,21],"killed_by":"Slavers","ascension_level":20,"potion_discard_per_floor":[[],[],[],[],[],[],[],[],[],[],[],[],[],[],[],[],[],[],["PotionOfCapacity"],[],[],[],[],[]]}