{"neow_bonuses_skipped_log":["THREE_CARDS","TEN_PERCENT_HP_BONUS","BOSS_RELIC"],"potions_obtained_entropic_brew":[[],[],[],[],[],[],[],[],[],[],[],[],[],[],[],[],[],[],[],[],[],[],[],[],[],[],[],[],[]],"neow_costs_skipped_log":["NONE","NONE","NONE"],"gold_per_floor":[19,34,44,44,62,62,95,95,122,133,133,133,163,163,163,239,239,139,150,162,52,69,69,84,84,84,84,103,103],"floor_reached":29,"playtime":951,"items_purged":[],"score":470,"play_id":"d268259a-5897-4668-bf82-29457479b5cd","local_time":"20231127145933","score_breakdown":["Floors Climbed (29): 145","Enemies Slain (10): 20","Exordium Elites Killed (2): 20","City Elites Killed (0): 0","Bosses Slain (1): 50","Ascension (20): 235"],"is_ascension_mode":true,"potions_obtained_alchemize":[[],[],[],[],[],[],[],[],[],[],[],[],[],[],[],[],[],[],[],[],[],[],[],[],[],[],[],[],[]],"campfire_choices":[{"data":"Static Discharge","floor":6,"key":"SMITH"},{"data":"Hologram","floor":8,"key":"SMITH"},{"floor":15,"key":"REST"},{"floor":23,"key":"REST"},{"floor":25,"key":"REST"},{"data":"Fission","floor":27,"key":"SMITH"}],"lesson_learned_per_floor":[[],[],[],[],[],[],[],[],[],[],[],[],[],[],[],[],[],[],[],[],[],[],[],[],[],[],[],[],[]],"neow_cost":"NO_GOLD","improvable_cards":{},"seed_source_timestamp":181693790802600,"shop_contents":[],"circlet_count":0,"master_deck":["AscendersBane","Defend_B","Defend_B","Defend_B+1","Defend_B+1","Zap+1","Dualcast","Undo","Beam Cell","Streamline+1","Static Discharge+1","Hologram+1","Scrape","Doom and Gloom","Fission+1","Leap+1","Fission+1","Capacitor+1","Coolheaded+1","Barrage","BootSequence","Consume","Hello World+1","Ball Lightning"],"potion_use_per_floor":[[],[],[],[],[],[],["FearPotion"],[],[],[],[],[],["CultistPotion","EssenceOfSteel"],[],[],[],[],[],[],[],[],[],[],[],[],[],[],[],[]],"relics":["Cracked Core","Unceasing Top","Nunchaku","Pen Nib","Oddly Smooth Stone","Astrolabe","Bottled Tornado"],"potions_floor_usage":[7,13,13],"damage_taken":[{"damage":1,"enemies":"Cultist","floor":1,"turns":3},{"damage":0,"enemies":"Small Slimes","floor":2,"turns":3},{"damage":2,"enemies":"Jaw Worm","floor":3,"turns":4},{"damage":13,"enemies":"Lots of Slimes","floor":5,"turns":6},{"damage":11,"enemies":"Gremlin Nob","floor":7,"turns":3},{"damage":7,"enemies":"3 Louse","floor":10,"turns":4},{"damage":3,"enemies":"Lagavulin","floor":13,"turns":4},{"damage":9,"enemies":"Hexaghost","floor":16,"turns":7},{"damage":8,"enemies":"2 Thieves","floor":18,"turns":5},{"damage":10,"enemies":"Chosen","floor":19,"turns":5},{"damage":16,"enemies":"Centurion and Healer","floor":20,"turns":5},{"damage":11,"enemies":"Sentry and Sphere","floor":22,"turns":5},{"damage":20,"enemies":"Snake Plant","floor":24,"turns":3},{"damage":31,"enemies":"Cultist and Chosen","floor":28,"turns":6},{"damage":16,"enemies":"Colosseum Slavers","floor":29,"turns":1}],"seed_played":"-4735663510545768292","neow_bonus_log":{"cardsObtained":[],"cardsUpgraded":[],"cardsRemoved":[],"cardsTransformed":[],"relicsObtained":["Unceasing Top"],"maxHpGained":0,"goldGained":0,"damageTaken":0,"goldLost":99,"maxHpLost":0},"potions_obtained":[{"floor":1,"key":"FearPotion"},{"floor":2,"key":"CultistPotion"},{"floor":7,"key":"EssenceOfSteel"},{"floor":20,"key":"Dexterity Potion"},{"floor":28,"key":"Strength Potion"}],"is_trial":false,"path_per_floor":["M","M","M","?","M","R","E","R","T","M","?","?","E","?","R","B",null,"M","M","M","?","M","R","M","R","T","R","M","?"],"character_chosen":"DEFECT","basemod:card_modifiers":[null,null,null,null,null,null,null,null,null,null,null,null,null,null,null,null,null,null,null,null,null,null,null,null],"items_purchased":[],"campfire_rested":3,"item_purchase_floors":[],"current_hp_per_floor":[63,63,61,61,48,48,37,37,37,30,30,9,6,6,27,18,58,50,40,24,24,13,34,14,35,35,35,4,0],"gold":103,"neow_bonus":"ONE_RARE_RELIC","is_prod":false,"is_daily":false,"rewards_skipped":[{"floor":10,"relics":[],"potions":["PotionOfCapacity"]}],"chose_seed":false,"campfire_upgraded":3,"win_rate":0,"floor_exit_playtime":[39,61,97,101,172,177,210,215,218,288,291,296,342,353,355,432,447,525,573,725,734,811,815,856,858,864,869,938],"timestamp":1701115173,"path_taken":["M","M","M","?","M","R","E","R","T","M","?","?","E","?","R","BOSS","M","?","M","?","?","R","M","R","T","R","M","?"],"build_version":"2022-12-18","purchased_purges":0,"victory":false,"max_hp_per_floor":[71,71,71,71,71,71,71,71,71,71,71,71,71,71,71,71,71,71,71,71,71,71,71,71,71,71,71,71,71],"relic_stats":{"Nunchaku":[6],"counters":[15,64],"Astrolabe":["Leap","Fission","Capacitor"],"Pen Nib":[6],"Bottled Tornado":"Static Discharge","obtain_stats":[{"Nunchaku":7,"Astrolabe":17,"Oddly Smooth Stone":13,"Pen Nib":9,"Bottled Tornado":26,"Cracked Core":0,"Unceasing Top":0},{"Nunchaku":5,"Astrolabe":8,"Oddly Smooth Stone":7,"Pen Nib":5,"Bottled Tornado":13,"Cracked Core":0,"Unceasing Top":0},{"Nunchaku":19,"Astrolabe":34,"Oddly Smooth Stone":27,"Pen Nib":19,"Bottled Tornado":57,"Cracked Core":0,"Unceasing Top":0}],"Unceasing Top":[0]},"card_choices":[{"not_picked":["Streamline","Go for the Eyes"],"picked":"Undo","floor":1},{"not_picked":["Recycle","Leap"],"picked":"Beam Cell","floor":2},{"not_picked":["Steam","Stack"],"picked":"Streamline","floor":3},{"not_picked":["Stack","Beam Cell"],"picked":"Static Discharge","floor":5},{"not_picked":["Beam Cell","Consume"],"picked":"Hologram","floor":7},{"not_picked":["Streamline","Reinforced Body"],"picked":"Scrape","floor":10},{"not_picked":["Meteor Strike","Melter"],"picked":"Doom and Gloom","floor":13},{"not_picked":["Rainbow","Core Surge"],"picked":"Fission","floor":16},{"not_picked":["Leap","Beam Cell+1"],"picked":"Coolheaded+1","floor":18},{"not_picked":["Compile Driver","Cold Snap"],"picked":"Barrage","floor":19},{"not_picked":["Redo","Rainbow"],"picked":"BootSequence","floor":20},{"not_picked":["Streamline","Stack"],"picked":"Consume","floor":22},{"not_picked":["Hologram+1","Ball Lightning"],"picked":"Hello World+1","floor":24},{"not_picked":["Gash","Redo"],"picked":"Ball Lightning","floor":28}],"player_experience":2359034,"relics_obtained":[{"floor":7,"key":"Nunchaku"},{"floor":9,"key":"Pen Nib"},{"floor":13,"key":"Oddly Smooth Stone"},{"floor":26,"key":"Bottled Tornado"}],"event_choices":[{"damage_healed":0,"gold_gain":0,"player_choice":"Ignored","damage_taken":0,"max_hp_gain":0,"max_hp_loss":0,"event_name":"Liars Game","floor":4,"gold_loss":0},{"damage_healed":0,"gold_gain":0,"player_choice":"Fled","damage_taken":0,"max_hp_gain":0,"max_hp_loss":0,"event_name":"Scrap Ooze","floor":11,"gold_loss":0},{"damage_healed":0,"gold_gain":0,"player_choice":"Entered Light","damage_taken":21,"max_hp_gain":0,"max_hp_loss":0,"event_name":"Shining Light","floor":12,"gold_loss":0,"cards_upgraded":["Defend_B","Defend_B"]},{"damage_healed":0,"gold_gain":0,"player_choice":"Forge","damage_taken":0,"max_hp_gain":0,"max_hp_loss":0,"event_name":"Accursed Blacksmith","floor":14,"gold_loss":0,"cards_upgraded":["Streamline"]},{"cards_removed":["Strike_B"],"damage_healed":0,"gold_gain":0,"player_choice":"Upgrade and Remove","damage_taken":0,"max_hp_gain":0,"max_hp_loss":0,"event_name":"Designer","floor":21,"gold_loss":110,"cards_upgraded":["Zap"]},{"damage_healed":0,"gold_gain":0,"player_choice":"Fight","damage_taken":0,"max_hp_gain":0,"max_hp_loss":0,"event_name":"Colosseum","floor":29,"gold_loss":0}],"is_beta":false,"boss_relics":[{"not_picked":["Sozu","Coffee Dripper"],"picked":"Astrolabe"}],"items_purged_floors":[],"is_endless":false,"potions_floor_spawned":[1,2,7,10,20,28],"killed_by":"Colosseum Slavers","ascension_level":20,"potion_discard_per_floor":[[],[],[],[],[],[],[],[],[],[],[],[],[],[],[],[],[],[],[],[],[],[],[],[],[],[],[],[],[]]}