{"neow_bonuses_skipped_log":["RANDOM_COLORLESS","THREE_ENEMY_KILL","BOSS_RELIC"],"potions_obtained_entropic_brew":[[],[],[],[],[],[],[],[],[],[],[],[],[],[],[],[],[],[],[],[],[],[],["Ancient Potion","Block Potion"]],"neow_costs_skipped_log":["NONE","NONE","NONE"],"gold_per_floor":[110,35,45,58,58,58,58,97,143,143,60,60,73,116,116,212,212,226,184,184,209,230,230],"floor_reached":23,"playtime":1193,"items_purged":["Shame"],"score":402,"play_id":"44016687-7b7c-4212-8ddb-aae2031a827e","local_time":"20231128185456","score_breakdown":["Floors Climbed (23): 115","Enemies Slain (8): 16","Exordium Elites Killed (2): 20","City Elites Killed (0): 0","Bosses Slain (1): 50","Ascension (20): 201"],"is_ascension_mode":true,"potions_obtained_alchemize":[[],[],[],[],[],[],[],[],[],[],[],[],[],[],[],[],[],[],[],[],[],[],[]],"campfire_choices":[{"data":"Zap","floor":10,"key":"SMITH"},{"floor":15,"key":"REST"}],"lesson_learned_per_floor":[[],[],[],[],[],[],[],[],[],[],[],[],[],[],[],[],[],[],[],[],[],[],[]],"neow_cost":"CURSE","improvable_cards":{},"seed_source_timestamp":281975002227200,"shop_contents":[{"floor":2,"relics":["Strawberry","Girya","Strange Spoon"],"cards":["Rebound","Scrape","Hologram","Chill","Defragment","Dramatic Entrance","HandOfGreed"],"potions":["PowerPotion","Explosive Potion","FocusPotion"]},{"floor":7,"relics":["Shovel","PreservedInsect","DollysMirror"],"cards":["FTL","Rebound","Steam","Stack","Heatsinks","Swift Strike","Secret Weapon"],"potions":["DistilledChaos","PotionOfCapacity","EssenceOfDarkness"]},{"floor":11,"relics":["Dream Catcher","Juzu Bracelet","Lee\u0027s Waffle"],"cards":["Meteor Strike","Scrape","Amplify","Rainbow","Forethought","Secret Technique"],"potions":["Dexterity Potion","SteroidPotion","Swift Potion"]}],"circlet_count":0,"master_deck":["AscendersBane","Zap+1","Dualcast","Sadistic Nature","Self Repair","Reinforced Body","Gash","Heatsinks","Compile Driver","Hello World","Core Surge","Go for the Eyes","All For One","Coolheaded","Steam Power","Amplify","Barrage","Go for the Eyes","Turbo","Coolheaded","Storm","FTL","Conserve Battery+1"],"potion_use_per_floor":[[],[],[],[],[],[],[],["ColorlessPotion"],[],[],[],[],[],["Weak Potion"],[],[],[],[],[],[],[],[],["EssenceOfDarkness","EntropicBrew","Block Potion"]],"relics":["Cracked Core","Golden Idol","Bag of Marbles","Nunchaku","Bottled Flame","Nloth\u0027s Gift"],"potions_floor_usage":[8,14,23,23,23],"damage_taken":[{"damage":0,"enemies":"Cultist","floor":1,"turns":3},{"damage":9,"enemies":"2 Louse","floor":3,"turns":3},{"damage":12,"enemies":"Small Slimes","floor":4,"turns":3},{"damage":15,"enemies":"3 Sentries","floor":8,"turns":4},{"damage":10,"enemies":"Gremlin Gang","floor":13,"turns":6},{"damage":27,"enemies":"Gremlin Nob","floor":14,"turns":4},{"damage":35,"enemies":"The Guardian","floor":16,"turns":13},{"damage":24,"enemies":"3 Byrds","floor":18,"turns":6},{"damage":15,"enemies":"2 Thieves","floor":19,"turns":5},{"damage":4,"enemies":"Snake Plant","floor":21,"turns":3},{"damage":24,"enemies":"Centurion and Healer","floor":22,"turns":5},{"damage":22,"enemies":"Slavers","floor":23,"turns":1}],"seed_played":"-2284423953423893820","neow_bonus_log":{"cardsObtained":["Shame"],"cardsUpgraded":[],"cardsRemoved":[],"cardsTransformed":[],"relicsObtained":[],"maxHpGained":0,"goldGained":0,"damageTaken":0,"goldLost":0,"maxHpLost":0},"potions_obtained":[{"floor":4,"key":"ColorlessPotion"},{"floor":8,"key":"Weak Potion"},{"floor":16,"key":"EssenceOfDarkness"},{"floor":21,"key":"EntropicBrew"}],"is_trial":false,"path_per_floor":["M","$","M","M","?","?","$","E","T","R","$","?","M","E","R","B",null,"M","M","?","M","M","E"],"character_chosen":"DEFECT","basemod:card_modifiers":[null,null,null,null,null,null,null,null,null,null,null,null,null,null,null,null,null,null,null,null,null,null,null],"items_purchased":["Hello World"],"campfire_rested":1,"item_purchase_floors":[11],"current_hp_per_floor":[64,64,62,57,57,57,57,49,49,49,49,42,39,19,38,10,51,41,26,26,29,19,0],"gold":230,"neow_bonus":"RANDOM_COLORLESS_2","is_prod":false,"is_daily":false,"rewards_skipped":[{"floor":22,"relics":[],"potions":["AttackPotion"]}],"chose_seed":false,"campfire_upgraded":1,"win_rate":0,"floor_exit_playtime":[153,164,280,304,318,321,331,384,387,394,403,412,476,522,528,721,829,940,1041,1044,1094,1171],"timestamp":1701215696,"path_taken":["M","$","?","M","?","?","$","E","T","R","$","?","M","E","R","BOSS","M","M","?","M","?","E"],"build_version":"2022-12-18","purchased_purges":1,"victory":false,"max_hp_per_floor":[71,71,71,71,71,64,64,64,64,64,64,64,64,64,64,64,64,64,64,64,64,64,64],"relic_stats":{"Nunchaku":[9],"Bottled Flame":"Core Surge","counters":[12,56],"Golden Idol":55,"Nloth\u0027s Gift":0,"obtain_stats":[{"Nunchaku":9,"Bottled Flame":14,"Golden Idol":6,"Pandora\u0027s Box":17,"Bag of Marbles":8,"Nloth\u0027s Gift":20,"Cracked Core":0},{"Nunchaku":4,"Bottled Flame":6,"Golden Idol":3,"Pandora\u0027s Box":7,"Bag of Marbles":4,"Nloth\u0027s Gift":9,"Cracked Core":0},{"Nunchaku":13,"Bottled Flame":23,"Golden Idol":9,"Pandora\u0027s Box":36,"Bag of Marbles":13,"Nloth\u0027s Gift":47,"Cracked Core":0}]},"card_choices":[{"not_picked":["Mayhem","Thinking Ahead"],"picked":"Sadistic Nature","floor":0},{"not_picked":["Recycle","Coolheaded"],"picked":"Self Repair","floor":1},{"not_picked":["Genetic Algorithm","Barrage"],"picked":"Reinforced Body","floor":3},{"not_picked":["Force Field","Stack"],"picked":"Gash","floor":4},{"not_picked":["Static Discharge","Steam Power"],"picked":"Compile Driver","floor":8},{"not_picked":["Gash","Rebound"],"picked":"Core Surge","floor":13},{"not_picked":["Rebound","Gash"],"picked":"Go for the Eyes","floor":14},{"not_picked":["Reboot","Fission"],"picked":"All For One","floor":16},{"not_picked":["Compile Driver","Hologram"],"picked":"Coolheaded","floor":18},{"not_picked":["Go for the Eyes","Conserve Battery","Storm"],"picked":"SKIP","floor":19},{"not_picked":["Go for the Eyes","Conserve Battery"],"picked":"Storm","floor":19},{"not_picked":["White Noise","Cold Snap"],"picked":"FTL","floor":21},{"not_picked":["Sweeping Beam+1","Auto Shields"],"picked":"Conserve Battery+1","floor":22}],"player_experience":2370314,"relics_obtained":[{"floor":8,"key":"Bag of Marbles"},{"floor":9,"key":"Nunchaku"},{"floor":14,"key":"Bottled Flame"}],"event_choices":[{"damage_healed":0,"gold_gain":0,"cards_transformed":["Strike_B"],"player_choice":"Change","damage_taken":0,"max_hp_gain":0,"max_hp_loss":0,"event_name":"Living Wall","floor":5,"gold_loss":0,"cards_obtained":["Heatsinks"]},{"damage_healed":0,"gold_gain":0,"player_choice":"Lose Max HP","damage_taken":0,"relics_obtained":["Golden Idol"],"max_hp_gain":0,"max_hp_loss":7,"event_name":"Golden Idol","floor":6,"gold_loss":0},{"cards_removed":["Defend_B"],"damage_healed":0,"gold_gain":0,"player_choice":"Card Removal","damage_taken":7,"max_hp_gain":0,"max_hp_loss":0,"event_name":"Golden Wing","floor":12,"gold_loss":0},{"damage_healed":0,"gold_gain":0,"player_choice":"Traded Relic","damage_taken":0,"relics_obtained":["Nloth\u0027s Gift"],"max_hp_gain":0,"max_hp_loss":0,"event_name":"N\u0027loth","floor":20,"relics_lost":["Pandora\u0027s Box"],"gold_loss":0}],"is_beta":false,"boss_relics":[{"not_picked":["Fusion Hammer","FrozenCore"],"picked":"Pandora\u0027s Box"}],"items_purged_floors":[2],"is_endless":false,"potions_floor_spawned":[4,8,16,21,22],"killed_by":"Slavers","ascension_level":20,"potion_discard_per_floor":[[],[],[],[],[],[],[],[],[],[],[],[],[],[],[],[],[],[],[],[],[],[],[]]}