{"neow_bonuses_skipped_log":["RANDOM_COMMON_RELIC","ONE_RARE_RELIC","BOSS_RELIC"],"neow_costs_skipped_log":["NONE","PERCENT_DAMAGE","NONE"],"potions_obtained_entropic_brew":[[],[],[],[],[],[],[],[],[],[],[],[],[],[],[],[],[],[],[],[],[]],"gold_per_floor":[114,128,147,163,177,177,190,190,190,4,29,39,39,68,68,145,145,163,125,125,125],"floor_reached":21,"playtime":774,"items_purged":["Strike_B"],"score":382,"play_id":"9e0c097b-89b7-4c18-ab72-f4f0fbaebe3f","local_time":"20231127170438","score_breakdown":["Floors Climbed (21): 105","Enemies Slain (8): 16","Exordium Elites Killed (2): 20","City Elites Killed (0): 0","Bosses Slain (1): 50","Ascension (20): 191"],"is_ascension_mode":true,"potions_obtained_alchemize":[[],[],[],[],[],[],[],[],[],[],[],[],[],[],[],[],[],[],[],[],[]],"campfire_choices":[{"data":"Beam Cell","floor":6,"key":"SMITH"},{"data":"Sunder","floor":13,"key":"SMITH"},{"data":"Rainbow","floor":15,"key":"SMITH"}],"lesson_learned_per_floor":[[],[],[],[],[],[],[],[],[],[],[],[],[],[],[],[],[],[],[],[],[]],"neow_cost":"NONE","improvable_cards":{},"seed_source_timestamp":189376072151000,"shop_contents":[{"floor":10,"relics":["Centennial Puzzle","Mango"],"cards":["Doom and Gloom","Melter","Multi-Cast","Seek","Discovery","The Bomb"],"potions":["Weak Potion","ColorlessPotion","DistilledChaos"]},{"floor":19,"relics":["Bronze Scales","Singing Bowl","PrismaticShard"],"cards":["Rebound","Sweeping Beam","Redo","Stack","Storm","Blind","Panache"],"potions":["PowerPotion","Regen Potion","Block Potion"]}],"circlet_count":0,"master_deck":["AscendersBane","Strike_B","Strike_B","Strike_B","Defend_B","Defend_B","Defend_B","Defend_B","Zap","Dualcast","Buffer","Beam Cell+1","Chill","Sweeping Beam","Compile Driver","Gash","Streamline","Self Repair","Core Surge","Sunder+1","Rainbow+1","Hyperbeam","Loop"],"potion_use_per_floor":[[],[],[],[],[],[],[],[],[],[],["EssenceOfSteel"],[],[],["Energy Potion"],[],["PotionOfCapacity"],[],[],[],[],[]],"relics":["Cracked Core","Cables","Akabeko","Membership Card","Bag of Preparation","Matryoshka","Black Star"],"potions_floor_usage":[11,14,16],"damage_taken":[{"damage":1,"enemies":"Cultist","floor":1,"turns":3},{"damage":0,"enemies":"2 Louse","floor":2,"turns":3},{"damage":0,"enemies":"Jaw Worm","floor":3,"turns":3},{"damage":7,"enemies":"Exordium Thugs","floor":4,"turns":5},{"damage":9,"enemies":"Red Slaver","floor":5,"turns":3},{"damage":4,"enemies":"Blue Slaver","floor":7,"turns":4},{"damage":3,"enemies":"3 Sentries","floor":11,"turns":9},{"damage":8,"enemies":"3 Louse","floor":12,"turns":3},{"damage":13,"enemies":"Lagavulin","floor":14,"turns":6},{"damage":32,"enemies":"Slime Boss","floor":16,"turns":9},{"damage":18,"enemies":"Shell Parasite","floor":18,"turns":5},{"damage":20,"enemies":"3 Byrds","floor":21,"turns":2}],"seed_played":"555597001038589798","neow_bonus_log":{"cardsObtained":["Buffer"],"cardsUpgraded":[],"cardsRemoved":[],"cardsTransformed":[],"relicsObtained":[],"maxHpGained":0,"goldGained":0,"damageTaken":0,"goldLost":0,"maxHpLost":0},"potions_obtained":[{"floor":2,"key":"SpeedPotion"},{"floor":5,"key":"EssenceOfSteel"},{"floor":12,"key":"Energy Potion"},{"floor":14,"key":"PotionOfCapacity"},{"floor":18,"key":"FocusPotion"}],"is_trial":false,"path_per_floor":["M","M","M","M","M","R","M","?","T","$","E","M","R","E","R","B",null,"M","$","?","M"],"character_chosen":"DEFECT","basemod:card_modifiers":[null,null,null,null,null,null,null,null,null,null,null,null,null,null,null,null,null,null,null,null,null,null,null],"items_purchased":["Membership Card","Self Repair"],"campfire_rested":0,"item_purchase_floors":[10,10],"current_hp_per_floor":[63,63,63,56,47,47,43,43,43,43,47,46,46,40,40,15,57,39,39,19,0],"gold":125,"neow_bonus":"ONE_RANDOM_RARE_CARD","is_prod":false,"is_daily":false,"rewards_skipped":[],"chose_seed":false,"campfire_upgraded":3,"win_rate":0,"floor_exit_playtime":[91,116,152,199,230,239,275,291,293,310,403,435,442,503,509,626,643,710,726,731],"timestamp":1701122678,"path_taken":["M","M","?","M","M","R","M","?","T","$","E","?","R","E","R","BOSS","M","$","?","M"],"build_version":"2022-12-18","purchased_purges":1,"victory":false,"max_hp_per_floor":[71,71,71,71,71,71,71,71,71,71,71,71,71,71,71,71,71,71,71,76,76],"relic_stats":{"Matryoshka":0,"counters":[12,55],"Bag of Preparation":[10],"Black Star":0,"Membership Card":57,"obtain_stats":[{"Matryoshka":14,"Bag of Preparation":11,"Black Star":17,"Membership Card":10,"Cracked Core":0,"Akabeko":9,"Cables":8},{"Matryoshka":9,"Bag of Preparation":7,"Black Star":10,"Membership Card":6,"Cracked Core":0,"Akabeko":6,"Cables":6},{"Matryoshka":39,"Bag of Preparation":30,"Black Star":48,"Membership Card":21,"Cracked Core":0,"Akabeko":21,"Cables":21}],"Cables":[29,16,13,0,0]},"card_choices":[{"not_picked":["Scrape","Steam"],"picked":"Beam Cell","floor":1},{"not_picked":["Leap","Turbo"],"picked":"Chill","floor":2},{"not_picked":["Blizzard","Rebound"],"picked":"Sweeping Beam","floor":3},{"not_picked":["Turbo","Lockon"],"picked":"Compile Driver","floor":4},{"not_picked":["Consume","Leap"],"picked":"Gash","floor":5},{"not_picked":["Coolheaded","Conserve Battery"],"picked":"Streamline","floor":7},{"not_picked":["Cold Snap","Lockon"],"picked":"Core Surge","floor":11},{"not_picked":["FTL","Compile Driver"],"picked":"Sunder","floor":12},{"not_picked":["Cold Snap","Stack"],"picked":"Rainbow","floor":14},{"not_picked":["Rainbow","Reboot"],"picked":"Hyperbeam","floor":16},{"not_picked":["Hologram","Storm"],"picked":"Loop","floor":18}],"player_experience":2365414,"relics_obtained":[{"floor":8,"key":"Cables"},{"floor":9,"key":"Akabeko"},{"floor":11,"key":"Bag of Preparation"},{"floor":14,"key":"Matryoshka"}],"event_choices":[{"damage_healed":0,"gold_gain":0,"player_choice":"Relic","damage_taken":0,"max_hp_gain":0,"max_hp_loss":0,"event_name":"Wheel of Change","floor":8,"gold_loss":0},{"damage_healed":0,"gold_gain":0,"player_choice":"Shed Blood","damage_taken":25,"max_hp_gain":5,"max_hp_loss":0,"event_name":"Forgotten Altar","floor":20,"gold_loss":0}],"is_beta":false,"boss_relics":[{"not_picked":["Sozu","Ectoplasm"],"picked":"Black Star"}],"items_purged_floors":[19],"is_endless":false,"potions_floor_spawned":[2,5,12,14,18],"killed_by":"3 Byrds","ascension_level":20,"potion_discard_per_floor":[[],[],[],[],[],[],[],[],[],[],[],[],[],[],[],[],[],[],[],[],[]]}