{"neow_bonuses_skipped_log":["THREE_CARDS","TRANSFORM_TWO_CARDS","BOSS_RELIC"],"potions_obtained_entropic_brew":[[],[],[],[],[],[],[],[],[],[]],"neow_costs_skipped_log":["NONE","CURSE","NONE"],"gold_per_floor":[219,15,33,33,33,33,67,87,111,111],"floor_reached":10,"playtime":222,"items_purged":["Strike_B"],"score":132,"play_id":"40794576-9505-445a-8e20-58f4314bba49","local_time":"20231126182642","score_breakdown":["Floors Climbed (10): 50","Enemies Slain (3): 6","Exordium Elites Killed (1): 10","Bosses Slain (0): 0","Ascension (20): 66"],"is_ascension_mode":true,"potions_obtained_alchemize":[[],[],[],[],[],[],[],[],[],[]],"campfire_choices":[{"data":"Doom and Gloom","floor":6,"key":"SMITH"}],"lesson_learned_per_floor":[[],[],[],[],[],[],[],[],[],[]],"neow_cost":"NONE","improvable_cards":{},"seed_source_timestamp":108451603441500,"shop_contents":[{"floor":2,"relics":["Pen Nib","Nunchaku","Strange Spoon"],"cards":["Meteor Strike","Leap","Glacier","Enlightenment","Secret Weapon"],"potions":["Dexterity Potion","Energy Potion","PowerPotion"]}],"circlet_count":0,"master_deck":["AscendersBane","Strike_B","Strike_B","Strike_B","Defend_B","Defend_B","Defend_B","Zap","Dualcast","Cold Snap","Doom and Gloom+1","Self Repair","Rebound","Conserve Battery","Go for the Eyes"],"potion_use_per_floor":[[],[],[],[],[],[],[],[],[],["BlessingOfTheForge"]],"relics":["Cracked Core","Ancient Tea Set","Art of War"],"potions_floor_usage":[10],"damage_taken":[{"damage":0,"enemies":"2 Louse","floor":1,"turns":3},{"damage":0,"enemies":"Small Slimes","floor":3,"turns":4},{"damage":30,"enemies":"3 Sentries","floor":7,"turns":6},{"damage":5,"enemies":"Jaw Worm","floor":8,"turns":3},{"damage":32,"enemies":"Gremlin Nob","floor":10,"turns":3}],"seed_played":"-4046876701551624203","neow_bonus_log":{"cardsObtained":[],"cardsUpgraded":[],"cardsRemoved":[],"cardsTransformed":[],"relicsObtained":[],"maxHpGained":0,"goldGained":100,"damageTaken":0,"goldLost":0,"maxHpLost":0},"potions_obtained":[{"floor":1,"key":"Ancient Potion"},{"floor":8,"key":"BlessingOfTheForge"}],"is_trial":false,"path_per_floor":["M","$","M","?","?","R","E","M","T","E"],"character_chosen":"DEFECT","basemod:card_modifiers":[null,null,null,null,null,null,null,null,null,null,null,null,null,null,null],"items_purchased":["Doom and Gloom","Self Repair"],"campfire_rested":0,"item_purchase_floors":[2,2],"current_hp_per_floor":[64,64,71,64,64,64,34,29,29,0],"gold":111,"neow_bonus":"HUNDRED_GOLD","is_prod":false,"is_daily":false,"rewards_skipped":[],"chose_seed":false,"campfire_upgraded":1,"win_rate":0,"floor_exit_playtime":[38,50,82,94,97,102,166,194,197],"timestamp":1701041202,"path_taken":["M","$","M","?","?","R","E","M","T","E"],"build_version":"2022-12-18","purchased_purges":1,"victory":false,"max_hp_per_floor":[71,71,71,71,71,71,71,71,71,71],"relic_stats":{"counters":[5,19],"Art of War":[0],"Ancient Tea Set":[0],"obtain_stats":[{"Art of War":9,"Cracked Core":0,"Ancient Tea Set":7},{"Art of War":4,"Cracked Core":0,"Ancient Tea Set":3},{"Art of War":16,"Cracked Core":0,"Ancient Tea Set":13}]},"card_choices":[{"not_picked":["Static Discharge","Rebound"],"picked":"Cold Snap","floor":1},{"not_picked":["Coolheaded","Streamline"],"picked":"Rebound","floor":3},{"not_picked":["Go for the Eyes","Scrape"],"picked":"Conserve Battery","floor":7},{"not_picked":["Consume","Stack"],"picked":"Go for the Eyes","floor":8}],"player_experience":2352416,"relics_obtained":[{"floor":7,"key":"Ancient Tea Set"},{"floor":9,"key":"Art of War"}],"event_choices":[{"cards_removed":["Defend_B"],"damage_healed":0,"gold_gain":0,"player_choice":"Card Removal","damage_taken":7,"max_hp_gain":0,"max_hp_loss":0,"event_name":"Golden Wing","floor":4,"gold_loss":0},{"damage_healed":0,"gold_gain":0,"player_choice":"Ignored","damage_taken":0,"max_hp_gain":0,"max_hp_loss":0,"event_name":"Liars Game","floor":5,"gold_loss":0}],"is_beta":false,"boss_relics":[],"items_purged_floors":[2],"is_endless":false,"potions_floor_spawned":[1,8],"killed_by":"Gremlin Nob","ascension_level":20,"potion_discard_per_floor":[[],[],[],[],[],[],[],[],[],[]]}