{"neow_bonuses_skipped_log":["TRANSFORM_CARD","TWENTY_PERCENT_HP_BONUS","BOSS_RELIC"],"potions_obtained_entropic_brew":[[],[],[],[],[],["Swift Potion","EssenceOfDarkness"],[],[],[],[],[],[],[],[],[],[]],"neow_costs_skipped_log":["NONE","NO_GOLD","NONE"],"gold_per_floor":[212,223,51,62,62,94,110,128,155,177,252,252,252,43,43,43],"floor_reached":16,"playtime":483,"items_purged":["Strike_B"],"score":200,"play_id":"db4b57da-5727-43d4-80dc-2dd368c16f0e","local_time":"20231127124126","score_breakdown":["Floors Climbed (16): 80","Enemies Slain (5): 10","Exordium Elites Killed (1): 10","Bosses Slain (0): 0","Ascension (20): 100"],"is_ascension_mode":true,"potions_obtained_alchemize":[[],[],[],[],[],[],[],[],[],[],[],[],[],[],[],[]],"campfire_choices":[{"floor":13,"key":"REST"},{"data":"Streamline","floor":15,"key":"SMITH"}],"lesson_learned_per_floor":[[],[],[],[],[],[],[],[],[],[],[],[],[],[],[],[]],"neow_cost":"NONE","improvable_cards":{},"seed_source_timestamp":173876968489900,"shop_contents":[{"floor":3,"relics":["Regal Pillow","TheAbacus"],"cards":["Lockon","Meteor Strike","Recycle","Stack","Loop","Purity","Transmutation"],"potions":["EssenceOfSteel","SkillPotion","BlessingOfTheForge"]},{"floor":14,"relics":["Sundial","Molten Egg 2","Lee\u0027s Waffle"],"cards":["Blizzard","Sweeping Beam","Coolheaded","Steam","PanicButton","Transmutation"],"potions":["DuplicationPotion","SteroidPotion"]}],"circlet_count":0,"master_deck":["AscendersBane","Strike_B","Strike_B","Strike_B","Defend_B","Defend_B","Defend_B","Defend_B","Zap","Dualcast","Sweeping Beam","Rebound","Streamline+1","Seek","Cold Snap","Hello World"],"potion_use_per_floor":[[],[],[],[],[],["GamblersBrew","EntropicBrew","Swift Potion","EssenceOfDarkness"],[],["Explosive Potion"],[],[],[],[],[],[],[],["ColorlessPotion"]],"relics":["Cracked Core","Orichalcum","Bag of Marbles","Oddly Smooth Stone","Odd Mushroom"],"potions_floor_usage":[6,6,6,6,8,16],"damage_taken":[{"damage":7,"enemies":"Small Slimes","floor":1,"turns":4},{"damage":1,"enemies":"2 Louse","floor":2,"turns":3},{"damage":0,"enemies":"Cultist","floor":4,"turns":3},{"damage":32,"enemies":"Gremlin Nob","floor":6,"turns":4},{"damage":0,"enemies":"2 Fungi Beasts","floor":7,"turns":2},{"damage":0,"enemies":"Gremlin Gang","floor":8,"turns":2},{"damage":12,"enemies":"The Mushroom Lair","floor":10,"turns":2},{"damage":34,"enemies":"Hexaghost","floor":16,"turns":11}],"seed_played":"3082383015388220593","neow_bonus_log":{"cardsObtained":[],"cardsUpgraded":[],"cardsRemoved":[],"cardsTransformed":[],"relicsObtained":[],"maxHpGained":0,"goldGained":100,"damageTaken":0,"goldLost":0,"maxHpLost":0},"potions_obtained":[{"floor":2,"key":"GamblersBrew"},{"floor":4,"key":"EntropicBrew"},{"floor":7,"key":"Explosive Potion"}],"is_trial":false,"path_per_floor":["M","M","$","M","?","E","M","M","T","?","?","?","R","$","R","B"],"character_chosen":"DEFECT","basemod:card_modifiers":[null,null,null,null,null,null,null,null,null,null,null,null,null,null,null,null],"items_purchased":["Orichalcum","Hello World","ColorlessPotion"],"campfire_rested":1,"item_purchase_floors":[3,14,14],"current_hp_per_floor":[57,56,56,56,61,29,29,29,29,17,6,6,28,28,28,0],"gold":43,"neow_bonus":"HUNDRED_GOLD","is_prod":false,"is_daily":false,"rewards_skipped":[],"chose_seed":false,"campfire_upgraded":1,"win_rate":0,"floor_exit_playtime":[56,82,96,120,124,208,230,267,270,316,319,321,324,340,347],"timestamp":1701106886,"path_taken":["M","M","$","M","?","E","M","M","T","?","?","?","R","$","R","BOSS"],"build_version":"2022-12-18","purchased_purges":1,"victory":false,"max_hp_per_floor":[71,71,71,71,76,76,76,76,76,76,76,76,76,76,76,76],"relic_stats":{"counters":[8,31],"Orichalcum":[66],"obtain_stats":[{"Oddly Smooth Stone":9,"Bag of Marbles":6,"Orichalcum":3,"Odd Mushroom":10,"Cracked Core":0},{"Oddly Smooth Stone":6,"Bag of Marbles":4,"Orichalcum":2,"Odd Mushroom":7,"Cracked Core":0},{"Oddly Smooth Stone":18,"Bag of Marbles":14,"Orichalcum":7,"Odd Mushroom":20,"Cracked Core":0}]},"card_choices":[{"not_picked":["Conserve Battery","Leap"],"picked":"Sweeping Beam","floor":1},{"not_picked":["Hologram","Sweeping Beam"],"picked":"Rebound","floor":2},{"not_picked":["Capacitor","Beam Cell","Rebound"],"picked":"SKIP","floor":4},{"not_picked":["Turbo","Tempest"],"picked":"Streamline","floor":6},{"not_picked":["Barrage","Skim"],"picked":"Seek","floor":7},{"not_picked":["Rip and Tear","Darkness"],"picked":"Cold Snap","floor":8},{"not_picked":["Recycle","Blizzard","Consume"],"picked":"SKIP","floor":10}],"player_experience":2352638,"relics_obtained":[{"floor":6,"key":"Bag of Marbles"},{"floor":9,"key":"Oddly Smooth Stone"},{"floor":10,"key":"Odd Mushroom"}],"event_choices":[{"damage_healed":0,"gold_gain":0,"player_choice":"Donut","damage_taken":0,"max_hp_gain":5,"max_hp_loss":0,"event_name":"Big Fish","floor":5,"gold_loss":0},{"damage_healed":0,"gold_gain":0,"player_choice":"Fought Mushrooms","damage_taken":0,"max_hp_gain":0,"max_hp_loss":0,"event_name":"Mushrooms","floor":10,"gold_loss":0},{"damage_healed":0,"gold_gain":75,"player_choice":"Gather Gold","damage_taken":11,"max_hp_gain":0,"max_hp_loss":0,"event_name":"World of Goop","floor":11,"gold_loss":0},{"damage_healed":0,"gold_gain":0,"player_choice":"Searched \u00270\u0027 times","damage_taken":0,"max_hp_gain":0,"max_hp_loss":0,"event_name":"Dead Adventurer","floor":12,"gold_loss":0}],"is_beta":false,"boss_relics":[],"items_purged_floors":[14],"is_endless":false,"potions_floor_spawned":[2,4,7],"killed_by":"Hexaghost","ascension_level":20,"potion_discard_per_floor":[[],[],[],[],[],[],[],[],[],[],[],[],[],[],[],[]]}