{"neow_bonuses_skipped_log":["TRANSFORM_CARD","TRANSFORM_TWO_CARDS","BOSS_RELIC"],"neow_costs_skipped_log":["NONE","TEN_PERCENT_HP_LOSS","NONE"],"potions_obtained_entropic_brew":[[],[],[],[],[],[],[],[],[],[],[],[],[],[],[],[],[],[],[],[],[],[],[],[],[]],"gold_per_floor":[114,264,27,27,43,43,62,91,91,108,134,153,153,172,172,270,270,291,491,67,67,67,67,88,88],"floor_reached":25,"playtime":898,"items_purged":["Doubt","Strike_B"],"score":422,"play_id":"36224b47-f1bd-4f98-8f5d-836da9f3ac2a","local_time":"20231127153428","score_breakdown":["Floors Climbed (25): 125","Enemies Slain (8): 16","Exordium Elites Killed (2): 20","City Elites Killed (0): 0","Bosses Slain (1): 50","Ascension (20): 211"],"is_ascension_mode":true,"potions_obtained_alchemize":[[],[],[],[],[],[],[],[],[],[],[],[],[],[],[],[],[],[],[],[],[],[],[],[],[]],"campfire_choices":[{"data":"Zap","floor":6,"key":"SMITH"},{"data":"Loop","floor":15,"key":"SMITH"},{"data":"Reinforced Body","floor":23,"key":"SMITH"}],"lesson_learned_per_floor":[[],[],[],[],[],[],[],[],[],[],[],[],[],[],[],[],[],[],[],[],[],[],[],[],[]],"neow_cost":"NONE","improvable_cards":{},"seed_source_timestamp":183842165988800,"shop_contents":[{"floor":3,"relics":["Bag of Preparation","Blood Vial"],"cards":["Beam Cell","Compile Driver","Steam","Redo","Hello World","Dramatic Entrance","Thinking Ahead"],"potions":["BlessingOfTheForge","Energy Potion","Fire Potion"]},{"floor":20,"relics":["Ice Cream"],"cards":["Beam Cell","Scrape","Steam","Chaos","Static Discharge","Madness","Magnetism"],"potions":["EssenceOfSteel","LiquidBronze","ColorlessPotion"]}],"circlet_count":0,"master_deck":["AscendersBane","Strike_B+1","Strike_B+1","Strike_B+1","Defend_B+1","Defend_B+1","Defend_B+1","Defend_B+1","Zap+1","Dualcast","Reinforced Body+1","Ball Lightning+1","Cold Snap","Coolheaded","Glacier","Hologram","Reinforced Body","Skim+1","Loop+1","Go for the Eyes","Echo Form","Glacier"],"potion_use_per_floor":[[],[],[],[],[],[],[],["BlessingOfTheForge"],[],[],[],[],[],[],[],[],[],[],[],[],[],[],[],[],["SteroidPotion"]],"relics":["Cracked Core","DataDisk","Orrery","Symbiotic Virus","MealTicket","Juzu Bracelet","Golden Idol","Snecko Eye","Medical Kit","Omamori"],"potions_floor_usage":[8,25],"damage_taken":[{"damage":2,"enemies":"Jaw Worm","floor":1,"turns":3},{"damage":0,"enemies":"2 Louse","floor":5,"turns":3},{"damage":0,"enemies":"Cultist","floor":7,"turns":2},{"damage":11,"enemies":"Gremlin Nob","floor":8,"turns":3},{"damage":9,"enemies":"Lots of Slimes","floor":10,"turns":3},{"damage":4,"enemies":"3 Sentries","floor":11,"turns":9},{"damage":5,"enemies":"3 Louse","floor":12,"turns":3},{"damage":0,"enemies":"Red Slaver","floor":14,"turns":3},{"damage":18,"enemies":"Slime Boss","floor":16,"turns":5},{"damage":0,"enemies":"Chosen","floor":18,"turns":5},{"damage":14,"enemies":"2 Thieves","floor":24,"turns":4},{"damage":58,"enemies":"Gremlin Leader","floor":25,"turns":9}],"seed_played":"3731697298274068272","neow_bonus_log":{"cardsObtained":[],"cardsUpgraded":[],"cardsRemoved":[],"cardsTransformed":[],"relicsObtained":["DataDisk"],"maxHpGained":0,"goldGained":0,"damageTaken":0,"goldLost":0,"maxHpLost":0},"potions_obtained":[{"floor":1,"key":"FocusPotion"},{"floor":5,"key":"BlessingOfTheForge"},{"floor":16,"key":"SteroidPotion"}],"is_trial":false,"path_per_floor":["M","?","$","?","M","R","M","E","T","M","E","M","?","M","R","B",null,"M","?","$","?","?","R","M","E"],"character_chosen":"DEFECT","basemod:card_modifiers":[null,null,null,null,null,null,null,null,null,null,null,null,null,null,null,null,null,null,null,null,null,null],"items_purchased":["Orrery","Medical Kit","Omamori"],"campfire_rested":0,"item_purchase_floors":[3,20,20],"current_hp_per_floor":[62,62,62,62,62,62,62,51,51,42,38,33,33,33,33,15,52,52,52,64,64,64,64,50,0],"gold":88,"neow_bonus":"RANDOM_COMMON_RELIC","is_prod":false,"is_daily":false,"rewards_skipped":[{"floor":24,"relics":[],"potions":["LiquidBronze"]}],"chose_seed":false,"campfire_upgraded":3,"win_rate":0,"floor_exit_playtime":[34,43,86,92,121,127,144,199,204,250,337,370,374,412,418,470,486,539,545,579,584,591,603,653],"timestamp":1701117268,"path_taken":["M","?","$","?","M","R","M","E","T","?","E","M","?","M","R","BOSS","M","?","$","?","?","R","M","E"],"build_version":"2022-12-18","purchased_purges":2,"victory":false,"max_hp_per_floor":[71,71,71,71,71,71,71,71,71,71,71,71,64,64,64,64,64,64,64,64,64,64,64,64,64],"relic_stats":{"counters":[12,51],"Golden Idol":32,"Snecko Eye":[29,30,26,32,-58],"MealTicket":12,"Juzu Bracelet":2,"Omamori":0,"Medical Kit":[0],"obtain_stats":[{"DataDisk":0,"Golden Idol":13,"Orrery":3,"Snecko Eye":17,"MealTicket":9,"Juzu Bracelet":11,"Omamori":20,"Cracked Core":0,"Symbiotic Virus":8,"Medical Kit":20},{"DataDisk":0,"Golden Idol":7,"Orrery":1,"Snecko Eye":9,"MealTicket":4,"Juzu Bracelet":6,"Omamori":10,"Cracked Core":0,"Symbiotic Virus":4,"Medical Kit":10},{"DataDisk":0,"Golden Idol":26,"Orrery":3,"Snecko Eye":34,"MealTicket":11,"Juzu Bracelet":23,"Omamori":38,"Cracked Core":0,"Symbiotic Virus":11,"Medical Kit":38}]},"card_choices":[{"not_picked":["Fusion","Barrage"],"picked":"Reinforced Body","floor":1},{"not_picked":["Rebound","Cold Snap"],"picked":"Ball Lightning","floor":3},{"not_picked":["Lockon","Rebound"],"picked":"Cold Snap","floor":3},{"not_picked":["Consume","Steam"],"picked":"Coolheaded","floor":3},{"not_picked":["Beam Cell","Stack","Go for the Eyes"],"picked":"SKIP","floor":3},{"not_picked":["Sweeping Beam","Creative AI","Cold Snap"],"picked":"SKIP","floor":3},{"not_picked":["Reboot","Compile Driver"],"picked":"Glacier","floor":5},{"not_picked":["Fusion","Stack"],"picked":"Hologram","floor":7},{"not_picked":["Gash","Auto Shields"],"picked":"Reinforced Body","floor":8},{"not_picked":["Hello World","Stack","Go for the Eyes"],"picked":"SKIP","floor":10},{"not_picked":["Conserve Battery","Chaos"],"picked":"Skim","floor":11},{"not_picked":["Beam Cell","Streamline"],"picked":"Loop","floor":12},{"not_picked":["Tempest","Leap"],"picked":"Go for the Eyes","floor":14},{"not_picked":["Reboot","Multi-Cast"],"picked":"Echo Form","floor":16},{"not_picked":["Gash","Barrage"],"picked":"Glacier","floor":18},{"not_picked":["Go for the Eyes","Sweeping Beam","Steam"],"picked":"SKIP","floor":24}],"player_experience":2359985,"relics_obtained":[{"floor":8,"key":"Symbiotic Virus"},{"floor":9,"key":"MealTicket"},{"floor":11,"key":"Juzu Bracelet"}],"event_choices":[{"damage_healed":0,"gold_gain":150,"player_choice":"AGREE","damage_taken":0,"max_hp_gain":0,"max_hp_loss":0,"event_name":"Liars Game","floor":2,"gold_loss":0,"cards_obtained":["Doubt"]},{"damage_healed":0,"gold_gain":0,"player_choice":"Upgraded","damage_taken":0,"max_hp_gain":0,"max_hp_loss":0,"event_name":"Upgrade Shrine","floor":4,"gold_loss":0,"cards_upgraded":["Ball Lightning"]},{"damage_healed":0,"gold_gain":0,"player_choice":"Lose Max HP","damage_taken":0,"relics_obtained":["Golden Idol"],"max_hp_gain":0,"max_hp_loss":7,"event_name":"Golden Idol","floor":13,"gold_loss":0},{"damage_healed":0,"gold_gain":250,"player_choice":"Bet on Owner","damage_taken":0,"max_hp_gain":0,"max_hp_loss":0,"event_name":"The Joust","floor":19,"gold_loss":50},{"damage_healed":0,"gold_gain":0,"player_choice":"Simplicity","damage_taken":0,"max_hp_gain":0,"max_hp_loss":0,"event_name":"Back to Basics","floor":21,"gold_loss":0,"cards_upgraded":["Strike_B","Strike_B","Strike_B","Defend_B","Defend_B","Defend_B","Defend_B"]},{"damage_healed":0,"gold_gain":0,"player_choice":"Upgraded","damage_taken":0,"max_hp_gain":0,"max_hp_loss":0,"event_name":"Upgrade Shrine","floor":22,"gold_loss":0,"cards_upgraded":["Skim"]}],"is_beta":false,"boss_relics":[{"not_picked":["Sozu","SacredBark"],"picked":"Snecko Eye"}],"items_purged_floors":[3,20],"is_endless":false,"potions_floor_spawned":[1,5,16,24],"killed_by":"Gremlin Leader","ascension_level":20,"potion_discard_per_floor":[[],[],[],[],[],[],[],[],[],[],[],[],[],[],[],[],[],[],[],[],[],[],[],[],[]]}