{"neow_bonuses_skipped_log":["UPGRADE_CARD","HUNDRED_GOLD","BOSS_RELIC"],"neow_costs_skipped_log":["NONE","NONE","NONE"],"potions_obtained_entropic_brew":[[],[],[],[],[],[],[],[],[],[],[],[],[],[],[],[],[],[],[],[],[],[],[],[],[],[],[],[],[],[]],"gold_per_floor":[116,142,159,46,121,121,146,146,171,191,210,210,210,230,230,309,309,327,22,40,40,130,130,30,40,40,73,83,83,83],"floor_reached":30,"playtime":960,"items_purged":["Strike_B","Defend_B"],"score":546,"play_id":"b614efc4-9480-429b-bfa9-59a2d137f663","local_time":"20231213145400","score_breakdown":["Floors Climbed (30): 150","Enemies Slain (9): 18","Exordium Elites Killed (1): 10","City Elites Killed (1): 20","Bosses Slain (1): 50","Champion (1): 25","Ascension (20): 273"],"is_ascension_mode":true,"potions_obtained_alchemize":[[],[],[],[],[],[],[],[],[],[],[],[],[],[],[],[],[],[],[],[],[],[],[],[],[],[],[],[],[],[]],"campfire_choices":[{"data":"Streamline","floor":6,"key":"SMITH"},{"floor":12,"key":"REST"},{"data":"Chaos","floor":15,"key":"SMITH"},{"floor":23,"key":"REST"},{"floor":29,"key":"REST"}],"lesson_learned_per_floor":[[],[],[],[],[],[],[],[],[],[],[],[],[],[],[],[],[],[],[],[],[],[],[],[],[],[],[],[],[],[]],"neow_cost":"TEN_PERCENT_HP_LOSS","improvable_cards":{},"seed_source_timestamp":713140403919300,"shop_contents":[{"floor":4,"relics":["Centennial Puzzle","PreservedInsect","PrismaticShard"],"cards":["Sweeping Beam","Genetic Algorithm","Double Energy","PanicButton","Magnetism"],"potions":["FocusPotion","SkillPotion","Weak Potion"]},{"floor":19,"relics":["Oddly Smooth Stone","Akabeko","Sling"],"cards":["Gash","BootSequence","Steam","Heatsinks","Magnetism"],"potions":["PotionOfCapacity","SteroidPotion"]},{"floor":24,"relics":["Blue Candle","Thread and Needle","Medical Kit"],"cards":["Sweeping Beam","Blizzard","Force Field","Double Energy","Storm","Finesse","Apotheosis"],"potions":["Energy Potion","DistilledChaos","FairyPotion"]}],"circlet_count":0,"master_deck":["AscendersBane","Defend_B","Defend_B","Defend_B","Zap","Dualcast","Cold Snap","Hologram","Streamline+1","Defragment","Ball Lightning","Coolheaded","BootSequence","Static Discharge","Chaos+1","Biased Cognition","Conserve Battery","Sunder","Discovery","Capacitor","Seek","White Noise"],"potion_use_per_floor":[[],[],[],[],[],[],["BlessingOfTheForge"],[],[],[],[],[],[],[],[],["GamblersBrew"],[],[],[],[],[],[],[],[],[],[],["Explosive Potion","Block Potion"],[],[],["LiquidBronze"]],"relics":["Cracked Core","Dream Catcher","Kunai","Omamori","Runic Pyramid","Shovel","Potion Belt"],"potions_floor_usage":[7,16,27,27,30],"damage_taken":[{"damage":2,"enemies":"Cultist","floor":1,"turns":4},{"damage":0,"enemies":"2 Louse","floor":3,"turns":2},{"damage":24,"enemies":"3 Sentries","floor":7,"turns":7},{"damage":9,"enemies":"Small Slimes","floor":10,"turns":3},{"damage":2,"enemies":"3 Louse","floor":11,"turns":3},{"damage":11,"enemies":"Exordium Thugs","floor":14,"turns":4},{"damage":10,"enemies":"The Guardian","floor":16,"turns":13},{"damage":17,"enemies":"Shell Parasite","floor":18,"turns":6},{"damage":15,"enemies":"3 Byrds","floor":20,"turns":4},{"damage":12,"enemies":"Shelled Parasite and Fungi","floor":25,"turns":6},{"damage":0,"enemies":"Gremlin Leader","floor":27,"turns":6},{"damage":13,"enemies":"Snake Plant","floor":28,"turns":5},{"damage":27,"enemies":"Book of Stabbing","floor":30,"turns":5}],"seed_played":"6654627130046646710","neow_bonus_log":{"cardsObtained":[],"cardsUpgraded":[],"cardsRemoved":["Strike_B","Strike_B"],"cardsTransformed":[],"relicsObtained":[],"maxHpGained":0,"goldGained":0,"damageTaken":0,"goldLost":0,"maxHpLost":7},"potions_obtained":[{"floor":1,"key":"BlessingOfTheForge"},{"floor":10,"key":"GamblersBrew"},{"floor":25,"key":"Block Potion"},{"floor":27,"key":"LiquidBronze"}],"is_trial":false,"path_per_floor":["M","T","M","$","?","R","E","?","T","M","M","R","?","M","R","B",null,"M","$","M","?","?","R","$","M","T","E","M","R","E"],"character_chosen":"DEFECT","basemod:card_modifiers":[null,null,null,null,null,null,null,null,null,null,null,null,null,null,null,null,null,null,null,null,null,null],"items_purchased":["Streamline","Defragment","Sunder","Discovery","Explosive Potion"],"campfire_rested":3,"item_purchase_floors":[4,4,19,19,19],"current_hp_per_floor":[62,62,62,62,51,51,27,48,48,39,37,56,49,38,38,28,55,38,38,23,23,11,30,30,18,18,18,5,24,0],"gold":83,"neow_bonus":"REMOVE_TWO","is_prod":false,"is_daily":false,"rewards_skipped":[],"chose_seed":false,"campfire_upgraded":2,"win_rate":0,"floor_exit_playtime":[42,45,67,84,87,92,167,170,174,203,233,241,247,291,298,426,443,515,537,612,616,621,627,641,713,717,804,861,867],"timestamp":1702497240,"path_taken":["M","?","M","$","?","R","E","?","T","M","M","R","?","M","R","BOSS","M","$","M","?","?","R","$","M","T","E","M","R","E"],"build_version":"2022-12-18","purchased_purges":2,"victory":false,"max_hp_per_floor":[64,64,64,64,64,64,64,64,64,64,64,64,64,64,64,64,64,64,64,64,64,64,64,64,64,64,64,64,64,64],"relic_stats":{"Dream Catcher":3,"Shovel":0,"counters":[13,68],"Omamori":0,"Kunai":[1],"obtain_stats":[{"Potion Belt":27,"Dream Catcher":2,"Shovel":26,"Omamori":9,"Kunai":7,"Cracked Core":0,"Runic Pyramid":17},{"Potion Belt":11,"Dream Catcher":1,"Shovel":10,"Omamori":3,"Kunai":3,"Cracked Core":0,"Runic Pyramid":7},{"Potion Belt":58,"Dream Catcher":4,"Shovel":52,"Omamori":13,"Kunai":13,"Cracked Core":0,"Runic Pyramid":36}]},"card_choices":[{"not_picked":["Hologram","Self Repair"],"picked":"Cold Snap","floor":1},{"not_picked":["Stack","Fusion"],"picked":"Hologram","floor":3},{"not_picked":["Undo","Hyperbeam"],"picked":"Ball Lightning","floor":7},{"not_picked":["Melter","Sweeping Beam"],"picked":"Coolheaded","floor":10},{"not_picked":["Go for the Eyes","Hello World"],"picked":"BootSequence","floor":11},{"not_picked":["Sweeping Beam","Hologram"],"picked":"Static Discharge","floor":12},{"not_picked":["Go for the Eyes","Cold Snap"],"picked":"Chaos","floor":14},{"not_picked":["Multi-Cast","Core Surge"],"picked":"Biased Cognition","floor":16},{"not_picked":["Streamline","Rebound"],"picked":"Conserve Battery","floor":18},{"not_picked":["Static Discharge","Redo","Hologram"],"picked":"SKIP","floor":20},{"not_picked":["Cold Snap","Steam+1"],"picked":"Capacitor","floor":25},{"not_picked":["Redo","Melter"],"picked":"Seek","floor":27},{"not_picked":["Fusion","BootSequence"],"picked":"White Noise","floor":28}],"player_experience":2393566,"relics_obtained":[{"floor":2,"key":"Dream Catcher"},{"floor":7,"key":"Kunai"},{"floor":9,"key":"Omamori"},{"floor":26,"key":"Shovel"},{"floor":27,"key":"Potion Belt"}],"event_choices":[{"damage_healed":0,"gold_gain":75,"player_choice":"Gather Gold","damage_taken":11,"max_hp_gain":0,"max_hp_loss":0,"event_name":"World of Goop","floor":5,"gold_loss":0},{"damage_healed":21,"gold_gain":0,"player_choice":"Banana","damage_taken":0,"max_hp_gain":0,"max_hp_loss":0,"event_name":"Big Fish","floor":8,"gold_loss":0},{"cards_removed":["Strike_B"],"damage_healed":0,"gold_gain":0,"player_choice":"Card Removal","damage_taken":7,"max_hp_gain":0,"max_hp_loss":0,"event_name":"Golden Wing","floor":13,"gold_loss":0},{"damage_healed":0,"gold_gain":0,"player_choice":"Ignored","damage_taken":0,"max_hp_gain":0,"max_hp_loss":0,"event_name":"Cursed Tome","floor":21,"gold_loss":0},{"damage_healed":0,"gold_gain":90,"player_choice":"GOLD ","damage_taken":12,"max_hp_gain":0,"max_hp_loss":0,"event_name":"Knowing Skull","floor":22,"potions_obtained":[],"gold_loss":0,"cards_obtained":[]}],"is_beta":false,"boss_relics":[{"not_picked":["Sozu","Pandora\u0027s Box"],"picked":"Runic Pyramid"}],"items_purged_floors":[19,24],"is_endless":false,"potions_floor_spawned":[1,10,25,27],"killed_by":"Book of Stabbing","ascension_level":20,"potion_discard_per_floor":[[],[],[],[],[],[],[],[],[],[],[],[],[],[],[],[],[],[],[],[],[],[],[],[],[],[],[],[],[],[]]}