{"neow_bonuses_skipped_log":["TRANSFORM_CARD","THREE_ENEMY_KILL","BOSS_RELIC"],"neow_costs_skipped_log":["NONE","NONE","NONE"],"potions_obtained_entropic_brew":[[],[],[],[],[],[],[],[],[],[],[],[],[],[],[],[],[],[],[],[],[],[],[],[],[],[],[],[],[],[],[],[],[],[],[],[],[],[],[],[],[],[],[],[],[],[],[],[],[],[],[]],"gold_per_floor":[111,127,140,25,25,25,50,50,50,50,50,90,104,120,120,218,218,237,253,253,253,253,286,302,302,357,357,377,377,377,391,391,481,481,499,524,537,537,568,568,608,633,681,705,718,756,756,770,770,770,770],"floor_reached":51,"playtime":2150,"items_purged":[],"score":1378,"play_id":"83a7dc74-98d0-47ea-85fb-a1e4492fefac","local_time":"20231213132744","score_breakdown":["Floors Climbed (51): 255","Enemies Slain (17): 34","Exordium Elites Killed (2): 20","City Elites Killed (1): 20","Beyond Elites Killed (2): 60","Bosses Slain (3): 300","Ascension (20): 689"],"is_ascension_mode":true,"potions_obtained_alchemize":[[],[],[],[],[],[],[],[],[],[],[],[],[],[],[],[],[],[],[],[],[],[],[],[],[],[],[],[],[],[],[],[],[],[],[],[],[],[],[],[],[],[],[],[],[],[],[],[],[],[],[]],"campfire_choices":[{"data":"Streamline","floor":6.0,"key":"SMITH"},{"data":"Coolheaded","floor":10.0,"key":"SMITH"},{"data":"Tempest","floor":15.0,"key":"SMITH"},{"floor":25.0,"key":"REST"},{"data":"Defragment","floor":27.0,"key":"SMITH"},{"data":"Blizzard","floor":32.0,"key":"SMITH"},{"data":"Heatsinks","floor":40,"key":"SMITH"},{"floor":47,"key":"REST"},{"floor":49,"key":"RECALL"}],"lesson_learned_per_floor":[[],[],[],[],[],[],[],[],[],[],[],[],[],[],[],[],[],[],[],[],[],[],[],[],[],[],[],[],[],[],[],[],[],[],[],[],[],[],[],[],[],[],[],[],[],[],[],[],[],[],[]],"neow_cost":"TEN_PERCENT_HP_LOSS","improvable_cards":{},"seed_source_timestamp":0,"shop_contents":[{"floor":4,"relics":["PreservedInsect","Pocketwatch","Chemical X"],"cards":["Beam Cell","Coolheaded","Steam Power","Loop","Good Instincts","Chrysalis"],"potions":["SteroidPotion","EssenceOfDarkness"]}],"circlet_count":0,"master_deck":["AscendersBane","Zap","Dualcast","Fission+1","Coolheaded+1","Ball Lightning","Streamline+1","Compile Driver","Glacier","Tempest+1","FTL","Electrodynamics","Hyperbeam","Auto Shields","Glacier","All For One","Cold Snap","Glacier","Leap","Defragment+1","Turbo","Aggregate+1","Blizzard+1","Biased Cognition","Defragment+1","Heatsinks+1","White Noise+1","Self Repair+1","White Noise+1","Loop","Capacitor","Core Surge","Seek"],"special_seed":0,"potion_use_per_floor":[[],[],[],[],[],[],[],[],[],[],[],["AttackPotion"],[],[],[],[],[],[],[],[],[],[],["FocusPotion","DistilledChaos"],[],[],[],[],[],[],[],[],[],["FairyPotion"],[],["SneckoOil"],[],[],[],[],[],[],["Block Potion"],[],[],["AttackPotion"],[],[],[],[],["FairyPotion"],[]],"relics":["FrozenCore","Darkstone Periapt","Golden Idol","Mercury Hourglass","Anchor","Pandora\u0027s Box","CaptainsWheel","Strawberry","Nloth\u0027s Gift","Torii","Omamori","Blue Candle"],"potions_floor_usage":[42,45],"damage_taken":[{"damage":2.0,"enemies":"Cultist","floor":1.0,"turns":4.0},{"damage":5.0,"enemies":"Small Slimes","floor":2.0,"turns":3.0},{"damage":5.0,"enemies":"2 Louse","floor":3.0,"turns":2.0},{"damage":8.0,"enemies":"Lagavulin","floor":7.0,"turns":6.0},{"damage":5.0,"enemies":"3 Sentries","floor":12.0,"turns":3.0},{"damage":0.0,"enemies":"Large Slime","floor":13.0,"turns":3.0},{"damage":0.0,"enemies":"Exordium Wildlife","floor":14.0,"turns":3.0},{"damage":20.0,"enemies":"Hexaghost","floor":16.0,"turns":8.0},{"damage":10.0,"enemies":"2 Thieves","floor":18.0,"turns":3.0},{"damage":0.0,"enemies":"Spheric Guardian","floor":19.0,"turns":4.0},{"damage":8.0,"enemies":"Slavers","floor":23.0,"turns":3.0},{"damage":6.0,"enemies":"Centurion and Healer","floor":24.0,"turns":6.0},{"damage":5.0,"enemies":"3 Cultists","floor":28.0,"turns":5.0},{"damage":0.0,"enemies":"Snake Plant","floor":31.0,"turns":4.0},{"damage":38.0,"enemies":"Collector","floor":33.0,"turns":11.0},{"damage":0.0,"enemies":"3 Shapes","floor":35.0,"turns":4.0},{"damage":0.0,"enemies":"Orb Walker","floor":36.0,"turns":3.0},{"damage":3.0,"enemies":"Writhing Mass","floor":37.0,"turns":16.0},{"damage":0,"enemies":"Mind Bloom Boss Battle","floor":39,"turns":4},{"damage":24,"enemies":"Reptomancer","floor":41,"turns":6},{"damage":0,"enemies":"Jaw Worm Horde","floor":42,"turns":2},{"damage":0,"enemies":"Sphere and 2 Shapes","floor":44,"turns":2},{"damage":0,"enemies":"Transient","floor":45,"turns":6},{"damage":23,"enemies":"Nemesis","floor":46,"turns":9},{"damage":16,"enemies":"3 Darklings","floor":48,"turns":4},{"damage":37,"enemies":"Donu and Deca","floor":50,"turns":5},{"damage":24,"enemies":"Awakened One","floor":51,"turns":2}],"green_key_taken_log":41,"seed_played":"724746713011850197","neow_bonus_log":{"cardsObtained":[],"cardsUpgraded":[],"cardsRemoved":[],"cardsTransformed":[],"relicsObtained":[],"maxHpGained":0,"goldGained":0,"damageTaken":0,"goldLost":0,"maxHpLost":7},"potions_obtained":[{"floor":1.0,"key":"FocusPotion"},{"floor":13.0,"key":"DistilledChaos"},{"floor":23.0,"key":"FairyPotion"},{"floor":24.0,"key":"FairyPotion"},{"floor":33.0,"key":"SneckoOil"},{"floor":36.0,"key":"Block Potion"},{"floor":42,"key":"AttackPotion"}],"is_trial":false,"path_per_floor":["M","M","M","$","?","R","E","?","T","R","?","E","M","M","R","B",null,"M","M","?","?","?","E","M","R","T","R","M","T","?","M","R","B",null,"M","M","M","?","?","R","E","M","T","M","M","E","R","M","R","B","B"],"character_chosen":"DEFECT","basemod:card_modifiers":[null,null,null,null,null,null,null,null,null,null,null,null,null,null,null,null,null,null,null,null,null,null,null,null,null,null,null,null,null,null,null,null,null],"items_purchased":["AttackPotion","Compile Driver"],"campfire_rested":2,"item_purchase_floors":[4,4],"current_hp_per_floor":[62,57,52,52,52,52,44,44,44,44,39,34,34,34,34,14,47,37,37,37,37,29,21,15,32,32,32,27,34,34,34,34,15,53,53,53,50,40,40,40,16,16,16,16,26,13,32,16,16,14,0],"gold":770,"neow_bonus":"THREE_RARE_CARDS","is_prod":false,"is_daily":false,"rewards_skipped":[{"floor":14,"relics":[],"potions":["Swift Potion"]},{"floor":37,"relics":[],"potions":["AttackPotion"]}],"chose_seed":false,"campfire_upgraded":6,"win_rate":0,"floor_exit_playtime":[56,86,115,148,156,172,229,233,235,242,249,292,331,361,373,456,480,538,580,583,673,686,730,799,801,810,815,899,902,907,957,972,1106,1134,1181,1221,1399,1464,1521,1527,1622,1659,1662,1694,1806,1931,1934,2003,2005,2107],"timestamp":1702492064,"blue_key_relic_skipped_log":{"floor":43,"relicID":"Oddly Smooth Stone"},"path_taken":["M","M","M","?","?","R","E","?","T","R","?","E","M","M","R","BOSS","M","M","?","?","?","E","M","R","T","R","?","?","?","M","R","BOSS","M","?","M","?","?","R","E","M","T","M","M","E","R","M","R","BOSS","BOSS"],"build_version":"2022-12-18","purchased_purges":0,"victory":false,"max_hp_per_floor":[64,64,64,64,64,64,64,58,58,58,58,58,58,58,58,58,58,58,58,58,58,58,58,58,58,58,58,58,65,65,65,65,65,65,65,65,65,65,65,65,65,65,65,65,65,65,65,65,65,65,65],"relic_stats":{"Darkstone Periapt":0,"Torii":6,"counters":[27,130],"Golden Idol":145,"Blue Candle":[0],"Pandora\u0027s Box":["Hyperbeam","Auto Shields","Stack","Glacier","All For One","Cold Snap","Glacier","Leap"],"Nloth\u0027s Gift":3,"Omamori":0,"obtain_stats":[{"Darkstone Periapt":7,"Torii":39,"Golden Idol":8,"Blue Candle":46,"Omamori":41,"Mercury Hourglass":9,"FrozenCore":34,"Anchor":12,"CaptainsWheel":23,"Nunchaku":26,"Strawberry":29,"Pandora\u0027s Box":17,"Nloth\u0027s Gift":30,"Cracked Core":0},{"Darkstone Periapt":4,"Torii":19,"Golden Idol":4,"Blue Candle":24,"Omamori":20,"Mercury Hourglass":4,"FrozenCore":15,"Anchor":5,"CaptainsWheel":11,"Nunchaku":12,"Strawberry":13,"Pandora\u0027s Box":8,"Nloth\u0027s Gift":13,"Cracked Core":0},{"Darkstone Periapt":15,"Torii":94,"Golden Idol":15,"Blue Candle":119,"Omamori":100,"Mercury Hourglass":15,"FrozenCore":68,"Anchor":18,"CaptainsWheel":42,"Nunchaku":48,"Strawberry":53,"Pandora\u0027s Box":32,"Nloth\u0027s Gift":53,"Cracked Core":0}],"FrozenCore":[11],"Mercury Hourglass":[448]},"card_choices":[{"not_picked":["Machine Learning","Rainbow"],"picked":"Fission","floor":0.0},{"not_picked":["Fusion","Rebound"],"picked":"Coolheaded","floor":1.0},{"not_picked":["Conserve Battery","Self Repair"],"picked":"Ball Lightning","floor":2.0},{"not_picked":["Turbo","Chaos"],"picked":"Streamline","floor":3.0},{"not_picked":["Turbo","Stack","Gash"],"picked":"SKIP","floor":7.0},{"not_picked":["Loop","FTL"],"picked":"Glacier","floor":12.0},{"not_picked":["Storm","Lockon"],"picked":"Tempest","floor":13.0},{"not_picked":["Streamline","Blizzard"],"picked":"FTL","floor":14.0},{"not_picked":["Echo Form","Amplify"],"picked":"Electrodynamics","floor":16.0},{"not_picked":["Hologram","Coolheaded","Rebound"],"picked":"SKIP","floor":18.0},{"not_picked":["Barrage","Cold Snap"],"picked":"Defragment","floor":19.0},{"not_picked":["Ball Lightning+1","Fusion"],"picked":"Turbo","floor":23.0},{"not_picked":["Double Energy","Steam"],"picked":"Aggregate+1","floor":24.0},{"not_picked":["Steam","Go for the Eyes"],"picked":"Blizzard","floor":28.0},{"not_picked":["Rainbow","Doom and Gloom","Melter"],"picked":"SKIP","floor":31.0},{"not_picked":["All For One","Electrodynamics"],"picked":"Biased Cognition","floor":33.0},{"not_picked":["Steam","Compile Driver"],"picked":"Defragment+1","floor":35.0},{"not_picked":["Coolheaded","Rebound"],"picked":"Heatsinks","floor":36.0},{"not_picked":["Sunder","Beam Cell","Steam Power"],"picked":"SKIP","floor":37.0},{"not_picked":["Secret Weapon","Dramatic Entrance","Jack Of All Trades"],"picked":"SKIP","floor":38},{"not_picked":["Dramatic Entrance","Apotheosis","Enlightenment"],"picked":"SKIP","floor":38},{"not_picked":["Thinking Ahead","Apotheosis","Chrysalis"],"picked":"SKIP","floor":38},{"not_picked":["Reprogram+1","Lockon+1"],"picked":"White Noise+1","floor":39},{"not_picked":["Buffer","Stack"],"picked":"Self Repair+1","floor":41},{"not_picked":["Ball Lightning","Beam Cell"],"picked":"White Noise+1","floor":42},{"not_picked":["Sweeping Beam","Streamline"],"picked":"Loop","floor":44},{"not_picked":["Streamline","Coolheaded"],"picked":"Capacitor","floor":45},{"not_picked":["Streamline","Storm+1"],"picked":"Core Surge","floor":46},{"not_picked":["Conserve Battery","Chill+1"],"picked":"Seek","floor":48}],"player_experience":2387243,"relics_obtained":[{"floor":7.0,"key":"Darkstone Periapt"},{"floor":9.0,"key":"Mercury Hourglass"},{"floor":12.0,"key":"Anchor"},{"floor":23.0,"key":"CaptainsWheel"},{"floor":26.0,"key":"Nunchaku"},{"floor":29.0,"key":"Strawberry"},{"floor":39,"key":"Torii"},{"floor":41,"key":"Omamori"},{"floor":46,"key":"Blue Candle"}],"event_choices":[{"damage_healed":0.0,"max_hp_gain":0.0,"max_hp_loss":0.0,"gold_gain":0.0,"event_name":"Living Wall","player_choice":"Grow","floor":5.0,"gold_loss":0.0,"damage_taken":0.0,"cards_upgraded":["Fission"]},{"damage_healed":0.0,"max_hp_gain":0.0,"max_hp_loss":6.0,"gold_gain":0.0,"event_name":"Golden Idol","player_choice":"Lose Max HP","floor":8.0,"gold_loss":0.0,"damage_taken":0.0,"relics_obtained":["Golden Idol"]},{"damage_healed":0.0,"max_hp_gain":0.0,"max_hp_loss":0.0,"gold_gain":0.0,"event_name":"Scrap Ooze","player_choice":"Fled","floor":11.0,"gold_loss":0.0,"damage_taken":5.0},{"damage_healed":0.0,"max_hp_gain":0.0,"max_hp_loss":0.0,"gold_gain":0.0,"event_name":"Cursed Tome","player_choice":"Ignored","floor":20.0,"gold_loss":0.0,"damage_taken":0.0},{"cards_removed":["Stack"],"damage_healed":0.0,"max_hp_gain":0.0,"max_hp_loss":0.0,"gold_gain":0.0,"event_name":"Back to Basics","player_choice":"Elegance","floor":21.0,"gold_loss":0.0,"damage_taken":0.0},{"damage_healed":0.0,"max_hp_gain":0.0,"max_hp_loss":0.0,"gold_gain":0.0,"event_name":"Wheel of Change","player_choice":"Damaged","floor":22.0,"gold_loss":0.0,"damage_taken":8.0},{"damage_healed":0.0,"max_hp_gain":0.0,"max_hp_loss":0.0,"gold_gain":0.0,"event_name":"N\u0027loth","player_choice":"Traded Relic","floor":30.0,"relics_lost":["Nunchaku"],"gold_loss":0.0,"damage_taken":0.0,"relics_obtained":["Nloth\u0027s Gift"]},{"damage_healed":0,"gold_gain":0,"player_choice":"Memory 3","damage_taken":10,"max_hp_gain":0,"max_hp_loss":0,"event_name":"SensoryStone","floor":38,"gold_loss":0},{"damage_healed":0,"gold_gain":0,"player_choice":"Fight","damage_taken":0,"max_hp_gain":0,"max_hp_loss":0,"event_name":"MindBloom","floor":39,"gold_loss":0}],"is_beta":false,"boss_relics":[{"not_picked":["Cursed Key","Velvet Choker"],"picked":"Pandora\u0027s Box"},{"not_picked":["SacredBark","Snecko Eye"],"picked":"FrozenCore"}],"items_purged_floors":[],"is_endless":false,"potions_floor_spawned":[1,13,14,23,24,33,36,37,42],"killed_by":"Awakened One","ascension_level":20,"potion_discard_per_floor":[[],[],[],[],[],[],[],[],[],[],[],[],[],[],[],[],[],[],[],[],[],[],[],[],[],[],[],[],[],[],[],[],[],[],[],[],[],[],[],[],[],[],[],[],[],[],[],[],[],[],[]]}