{"neow_bonuses_skipped_log":["ONE_RANDOM_RARE_CARD","RANDOM_COLORLESS_2","BOSS_RELIC"],"neow_costs_skipped_log":["NONE","PERCENT_DAMAGE","NONE"],"potions_obtained_entropic_brew":[[],[],[],[],[],[],[],[],[],[],[],[],[],[],[],[],[],[],[],[],[],[],[],[],[],[],[]],"gold_per_floor":[112,112,128,138,138,173,173,190,190,210,225,225,237,272,272,346,346,363,16,16,16,28,28,55,55,82,82],"floor_reached":27,"playtime":1130,"items_purged":["Strike_B"],"score":486,"play_id":"d86696c8-171f-4787-8ab0-65b84980ad40","local_time":"20231211153316","score_breakdown":["Floors Climbed (27): 135","Enemies Slain (9): 18","Exordium Elites Killed (2): 20","City Elites Killed (1): 20","Bosses Slain (1): 50","Ascension (20): 243"],"is_ascension_mode":true,"potions_obtained_alchemize":[[],[],[],[],[],[],[],[],[],[],[],[],[],[],[],[],[],[],[],[],[],[],[],[],[],[],[]],"campfire_choices":[{"data":"Streamline","floor":7.0,"key":"SMITH"},{"floor":12.0,"key":"REST"},{"data":"Zap","floor":15.0,"key":"SMITH"},{"floor":23,"key":"REST"},{"floor":25,"key":"REST"}],"lesson_learned_per_floor":[[],[],[],[],[],[],[],[],[],[],[],[],[],[],[],[],[],[],[],[],[],[],[],[],[],[],[]],"neow_cost":"NONE","improvable_cards":{},"seed_source_timestamp":541138458708600,"shop_contents":[{"floor":19,"relics":["Strawberry"],"cards":["Melter","Rebound","Coolheaded","Conserve Battery","Loop","Purity","Transmutation"],"potions":["Block Potion","Swift Potion","EssenceOfSteel"]}],"circlet_count":0,"master_deck":["AscendersBane","Strike_B","Strike_B","Defend_B","Defend_B","Defend_B","Defend_B","Zap+1","Dualcast","Compile Driver","Streamline+1","Cold Snap","Gash","Echo Form","Barrage","Stack","Rebound","Core Surge","Reinforced Body","Coolheaded","Beam Cell"],"special_seed":0,"potion_use_per_floor":[[],[],[],[],[],["SteroidPotion"],[],[],[],[],[],[],[],["Strength Potion"],[],["SkillPotion"],[],[],[],[],[],[],[],["Explosive Potion","SkillPotion"],[],[],[]],"relics":["Cracked Core","NeowsBlessing","CultistMask","Shuriken","WingedGreaves","Incense Burner","Fusion Hammer","Membership Card","Sundial","Dream Catcher","Centennial Puzzle"],"potions_floor_usage":[24,24],"damage_taken":[{"damage":0.0,"enemies":"2 Louse","floor":1.0,"turns":1.0},{"damage":0.0,"enemies":"Cultist","floor":3.0,"turns":1.0},{"damage":0.0,"enemies":"Jaw Worm","floor":4.0,"turns":1.0},{"damage":28.0,"enemies":"3 Sentries","floor":6.0,"turns":9.0},{"damage":9.0,"enemies":"Exordium Wildlife","floor":8.0,"turns":4.0},{"damage":4.0,"enemies":"Looter","floor":10.0,"turns":2.0},{"damage":5.0,"enemies":"2 Fungi Beasts","floor":11.0,"turns":3.0},{"damage":6.0,"enemies":"3 Louse","floor":13.0,"turns":4.0},{"damage":8.0,"enemies":"Lagavulin","floor":14.0,"turns":5.0},{"damage":5.0,"enemies":"Hexaghost","floor":16.0,"turns":7.0},{"damage":8.0,"enemies":"Chosen","floor":18.0,"turns":4.0},{"damage":17,"enemies":"Shell Parasite","floor":22,"turns":11},{"damage":32,"enemies":"Slavers","floor":24,"turns":7},{"damage":47,"enemies":"Gremlin Leader","floor":27,"turns":4}],"green_key_taken_log":24,"seed_played":"6721034992197820407","neow_bonus_log":{"cardsObtained":[],"cardsUpgraded":[],"cardsRemoved":[],"cardsTransformed":[],"relicsObtained":["NeowsBlessing"],"maxHpGained":0,"goldGained":0,"damageTaken":0,"goldLost":0,"maxHpLost":0},"potions_obtained":[{"floor":4.0,"key":"SteroidPotion"},{"floor":8.0,"key":"Explosive Potion"},{"floor":10.0,"key":"Strength Potion"},{"floor":14.0,"key":"SkillPotion"},{"floor":22,"key":"SkillPotion"}],"is_trial":false,"path_per_floor":["M","?","M","M","?","E","R","M","T","M","M","R","M","E","R","B",null,"M","$","?","?","M","R","E","R","T","E"],"character_chosen":"DEFECT","basemod:card_modifiers":[null,null,null,null,null,null,null,null,null,null,null,null,null,null,null,null,null,null,null,null,null],"items_purchased":["Membership Card","Sundial"],"campfire_rested":3,"item_purchase_floors":[19,19],"current_hp_per_floor":[64,64,64,64,64,36,36,27,27,23,18,39,33,25,25,20,58,50,50,50,50,33,54,22,43,43,0],"gold":82,"neow_bonus":"THREE_ENEMY_KILL","is_prod":false,"is_daily":false,"rewards_skipped":[],"chose_seed":false,"campfire_upgraded":2,"win_rate":0,"floor_exit_playtime":[36,43,56,67,72,181,195,241,249,280,319,322,363,409,422,504,518,571,653,723,728,890,894,1038,1045,1048],"timestamp":1702326796,"path_taken":["M","?","M","?","?","E","R","M","T","M","?","R","M","E","R","BOSS","M","$","?","?","M","R","E","R","T","E"],"build_version":"2022-12-18","purchased_purges":1,"victory":false,"max_hp_per_floor":[71,71,71,71,71,71,71,71,71,71,71,71,71,71,71,71,71,71,71,71,71,71,71,71,71,71,71],"relic_stats":{"Dream Catcher":1,"Centennial Puzzle":[3],"counters":[14,63],"Shuriken":[17],"Sundial":[2],"WingedGreaves":3,"Membership Card":178,"obtain_stats":[{"Dream Catcher":24,"Centennial Puzzle":26,"NeowsBlessing":0,"Shuriken":6,"Sundial":19,"CultistMask":5,"WingedGreaves":9,"Fusion Hammer":17,"Incense Burner":14,"Membership Card":19,"Cracked Core":0},{"Dream Catcher":13,"Centennial Puzzle":13,"NeowsBlessing":0,"Shuriken":4,"Sundial":11,"CultistMask":3,"WingedGreaves":5,"Fusion Hammer":10,"Incense Burner":9,"Membership Card":11,"Cracked Core":0},{"Dream Catcher":59,"Centennial Puzzle":59,"NeowsBlessing":0,"Shuriken":12,"Sundial":41,"CultistMask":3,"WingedGreaves":16,"Fusion Hammer":37,"Incense Burner":30,"Membership Card":41,"Cracked Core":0}]},"card_choices":[{"not_picked":["Static Discharge","Gash"],"picked":"Compile Driver","floor":1.0},{"not_picked":["Conserve Battery","Redo"],"picked":"Streamline","floor":3.0},{"not_picked":["Heatsinks","Turbo"],"picked":"Cold Snap","floor":4.0},{"not_picked":["Doom and Gloom","Turbo"],"picked":"Gash","floor":6.0},{"not_picked":["Capacitor","Consume"],"picked":"Echo Form","floor":8.0},{"not_picked":["Steam Power","Stack","Consume"],"picked":"SKIP","floor":10.0},{"not_picked":["White Noise","Go for the Eyes"],"picked":"Barrage","floor":11.0},{"not_picked":["Aggregate","Steam"],"picked":"Stack","floor":13.0},{"not_picked":["Redo","Hologram"],"picked":"Rebound","floor":14.0},{"not_picked":["Fission","Multi-Cast"],"picked":"Core Surge","floor":16.0},{"not_picked":["Storm","Rip and Tear+1"],"picked":"Reinforced Body","floor":18},{"not_picked":["Stack","Hello World","Force Field","Ball Lightning","Hologram","Streamline","Defragment","Rebound","Conserve Battery","Genetic Algorithm","Barrage","Auto Shields","Leap","Compile Driver","Darkness","Aggregate","Turbo","Steam","Redo"],"picked":"Coolheaded","floor":20},{"not_picked":["Heatsinks","Hologram","Compile Driver"],"picked":"SKIP","floor":22},{"not_picked":["Scrape","Sunder","Storm"],"picked":"SKIP","floor":24},{"not_picked":["Blizzard+1","Steam"],"picked":"Beam Cell","floor":25}],"player_experience":2381192,"relics_obtained":[{"floor":6.0,"key":"Shuriken"},{"floor":9.0,"key":"WingedGreaves"},{"floor":14.0,"key":"Incense Burner"},{"floor":24,"key":"Dream Catcher"},{"floor":26,"key":"Centennial Puzzle"}],"event_choices":[{"cards_removed":["Strike_B"],"damage_healed":0.0,"max_hp_gain":0.0,"max_hp_loss":0.0,"gold_gain":0.0,"event_name":"Purifier","player_choice":"Purged","floor":2.0,"gold_loss":0.0,"damage_taken":0.0},{"damage_healed":0.0,"max_hp_gain":0.0,"max_hp_loss":0.0,"gold_gain":0.0,"event_name":"FaceTrader","player_choice":"Trade","floor":5.0,"gold_loss":0.0,"damage_taken":0.0,"relics_obtained":["CultistMask"]},{"damage_healed":0,"gold_gain":0,"player_choice":"Read","damage_taken":0,"max_hp_gain":0,"max_hp_loss":0,"event_name":"The Library","floor":20,"gold_loss":0,"cards_obtained":["Coolheaded"]},{"damage_healed":0,"gold_gain":0,"player_choice":"Ignored","damage_taken":0,"max_hp_gain":0,"max_hp_loss":0,"event_name":"The Mausoleum","floor":21,"gold_loss":0}],"is_beta":false,"boss_relics":[{"not_picked":["FrozenCore","SlaversCollar"],"picked":"Fusion Hammer"}],"items_purged_floors":[19],"is_endless":false,"potions_floor_spawned":[4,8,10,14,22],"killed_by":"Gremlin Leader","ascension_level":20,"potion_discard_per_floor":[[],[],[],[],[],[],[],[],[],[],[],[],[],[],[],[],[],[],[],[],[],[],[],[],[],[],[]]}