{"neow_bonuses_skipped_log":["TRANSFORM_CARD","ONE_RARE_RELIC","BOSS_RELIC"],"neow_costs_skipped_log":["NONE","CURSE","NONE"],"potions_obtained_entropic_brew":[[],[],[],[],[],[],[],[],[],[],[],[],[],[],[],[],[],[],[],[],[],[],[],[],[],[],[],[],[],[],[],[],[],[],[],[],[],[],[],[],[],[],[],[],[],[],[],[],[],[],[]],"gold_per_floor":[110,110,128,147,147,147,186,186,259,259,295,295,318,334,334,430,430,448,491,510,530,530,530,563,563,563,563,597,162,162,186,186,281,281,300,633,164,176,189,189,189,218,244,262,44,44,61,76,76,76,76],"floor_reached":51,"playtime":2805,"items_purged":["Strike_B","Strike_B","Strike_B"],"score":1425,"play_id":"b3587202-4812-4eda-a94d-949442ed944d","local_time":"20231211162010","score_breakdown":["Floors Climbed (51): 255","Enemies Slain (15): 30","Exordium Elites Killed (2): 20","City Elites Killed (2): 40","Beyond Elites Killed (1): 30","Bosses Slain (3): 300","Money Money (1179): 25","Champion (1): 25","Ascension (20): 700"],"is_ascension_mode":true,"potions_obtained_alchemize":[[],[],[],[],[],[],[],[],[],[],[],[],[],[],[],[],[],[],[],[],[],[],[],[],[],[],[],[],[],[],[],[],[],[],[],[],[],[],[],[],[],[],[],[],[],[],[],[],[],[],[]],"campfire_choices":[{"data":"Ball Lightning","floor":6,"key":"SMITH"},{"data":"Sweeping Beam","floor":8,"key":"SMITH"},{"data":"Reprogram","floor":15,"key":"SMITH"},{"floor":23,"key":"REST"},{"floor":27,"key":"REST"},{"floor":32,"key":"REST"},{"data":"Recycle","floor":40,"key":"SMITH"},{"floor":46,"key":"REST"},{"floor":49,"key":"RECALL"}],"lesson_learned_per_floor":[[],[],[],[],[],[],[],[],[],[],[],[],[],[],[],[],[],[],[],[],[],[],[],[],[],[],[],[],[],[],[],[],[],[],[],[],[],[],[],[],[],[],[],[],[],[],[],[],[],[],[]],"neow_cost":"NONE","improvable_cards":{},"seed_source_timestamp":543668376427800,"shop_contents":[{"floor":29,"relics":["Turnip","DataDisk"],"cards":["Ball Lightning","Cold Snap","Reinforced Body","Turbo","Static Discharge","Violence"],"potions":["Energy Potion"]},{"floor":37,"relics":["Nunchaku","Mercury Hourglass"],"cards":["Doom and Gloom","Gash","Recycle","Turbo","Static Discharge","PanicButton"],"potions":["Fire Potion","PowerPotion"]},{"floor":45,"relics":["Darkstone Periapt","Bird Faced Urn"],"cards":["Beam Cell","Streamline","Coolheaded","Leap","Self Repair","Trip","Secret Technique"],"potions":["Dexterity Potion","Strength Potion","SteroidPotion"]}],"circlet_count":0,"master_deck":["AscendersBane","Defend_B","Defend_B","Defend_B","Defend_B","Dualcast","Ball Lightning+1","Hello World","Reinforced Body","Reprogram+1","Sweeping Beam+1","Beam Cell","Skim","All For One","Gash","Gash","Redo","Reinforced Body","Gash","Hyperbeam","Go for the Eyes","Recycle+1","Steam+1","Hologram","Dark Shackles","Compile Driver","Buffer","Master of Strategy","Compile Driver","Apotheosis","Steam Power+1","Leap+1","Echo Form"],"potion_use_per_floor":[[],[],[],[],[],[],[],[],[],[],["Regen Potion","DistilledChaos"],[],[],[],[],[],[],[],["Energy Potion"],[],["LiquidMemories"],[],[],["EssenceOfDarkness"],[],[],[],[],[],[],[],[],["Swift Potion"],[],[],[],[],[],[],[],[],[],[],["Block Potion"],[],[],[],[],[],["ColorlessPotion"],[]],"relics":["Cracked Core","PreservedInsect","Smiling Mask","Cables","Dream Catcher","Nuclear Battery","Red Mask","Boot","TungstenRod","Mango","Orrery","Letter Opener","Philosopher\u0027s Stone","Frozen Eye","Du-Vu Doll","TheAbacus"],"potions_floor_usage":[11,11,19,21,24,33,44,50],"damage_taken":[{"damage":0,"enemies":"Cultist","floor":1,"turns":3},{"damage":0,"enemies":"Jaw Worm","floor":3,"turns":3},{"damage":9,"enemies":"2 Louse","floor":4,"turns":3},{"damage":11,"enemies":"Gremlin Nob","floor":7,"turns":3},{"damage":6,"enemies":"3 Sentries","floor":11,"turns":6},{"damage":6,"enemies":"2 Fungi Beasts","floor":13,"turns":2},{"damage":26,"enemies":"Lots of Slimes","floor":14,"turns":3},{"damage":8,"enemies":"Hexaghost","floor":16,"turns":11},{"damage":7,"enemies":"Chosen","floor":18,"turns":4},{"damage":12,"enemies":"Masked Bandits","floor":19,"turns":3},{"damage":6,"enemies":"2 Thieves","floor":20,"turns":4},{"damage":0,"enemies":"Snecko","floor":21,"turns":2},{"damage":33,"enemies":"Book of Stabbing","floor":24,"turns":4},{"damage":25,"enemies":"Gremlin Leader","floor":28,"turns":5},{"damage":0,"enemies":"Centurion and Healer","floor":31,"turns":7},{"damage":16,"enemies":"Automaton","floor":33,"turns":9},{"damage":24,"enemies":"3 Darklings","floor":35,"turns":5},{"damage":3,"enemies":"3 Shapes","floor":38,"turns":7},{"damage":3,"enemies":"Spire Growth","floor":39,"turns":4},{"damage":0,"enemies":"Giant Head","floor":42,"turns":6},{"damage":0,"enemies":"Writhing Mass","floor":44,"turns":7},{"damage":29,"enemies":"3 Darklings","floor":47,"turns":4},{"damage":0,"enemies":"Transient","floor":48,"turns":6},{"damage":8,"enemies":"Time Eater","floor":50,"turns":16},{"damage":12,"enemies":"Donu and Deca","floor":51,"turns":1}],"green_key_taken_log":42,"seed_played":"7523802062533615344","neow_bonus_log":{"cardsObtained":[],"cardsUpgraded":[],"cardsRemoved":[],"cardsTransformed":[],"relicsObtained":["PreservedInsect"],"maxHpGained":0,"goldGained":0,"damageTaken":0,"goldLost":0,"maxHpLost":0},"potions_obtained":[{"floor":3,"key":"Regen Potion"},{"floor":7,"key":"DistilledChaos"},{"floor":14,"key":"SmokeBomb"},{"floor":18,"key":"Energy Potion"},{"floor":20,"key":"LiquidMemories"},{"floor":21,"key":"EssenceOfDarkness"},{"floor":31,"key":"Swift Potion"},{"floor":48,"key":"ColorlessPotion"}],"is_trial":false,"path_per_floor":["M","?","M","M","?","R","E","R","T","?","E","?","M","M","R","B",null,"M","?","M","M","?","R","E","?","T","R","E","$","T","M","R","B",null,"M","?","$","M","M","R","?","E","T","M","$","R","M","M","R","B","B"],"character_chosen":"DEFECT","basemod:card_modifiers":[null,null,null,null,null,null,null,null,null,null,null,null,null,null,null,null,null,null,null,null,null,null,null,null,null,null,null,null,null,null,null,null,null],"items_purchased":["Orrery","Strength Potion","Dark Shackles","AttackPotion","Frozen Eye","Master of Strategy","Block Potion","TheAbacus"],"campfire_rested":4,"item_purchase_floors":[29,29,29,29,37,37,37,45],"current_hp_per_floor":[64,64,64,55,55,55,44,44,44,37,46,46,40,14,14,6,50,43,31,25,25,25,44,11,11,11,30,19,19,19,19,42,26,65,41,41,41,38,35,35,26,26,26,26,26,49,20,20,20,12,0],"gold":76,"neow_bonus":"RANDOM_COMMON_RELIC","is_prod":false,"is_daily":false,"rewards_skipped":[{"floor":39,"relics":[],"potions":["BlessingOfTheForge"]},{"floor":42,"relics":[],"potions":["ColorlessPotion"]}],"chose_seed":false,"campfire_upgraded":4,"win_rate":0,"floor_exit_playtime":[53,57,92,122,129,139,181,188,191,213,281,300,320,369,376,504,537,590,661,723,763,813,820,911,915,918,924,1004,1085,1094,1197,1202,1390,1405,1483,1488,1516,1669,1840,1849,1873,2026,2029,2189,2212,2218,2304,2436,2438,2789],"timestamp":1702329610,"blue_key_relic_skipped_log":{"floor":43,"relicID":"Regal Pillow"},"path_taken":["M","?","M","M","?","R","E","R","T","?","E","?","?","M","R","BOSS","M","?","M","M","?","R","E","?","T","R","E","$","?","?","R","BOSS","M","?","$","M","M","R","?","E","T","M","$","R","M","M","R","BOSS","BOSS"],"build_version":"2022-12-18","purchased_purges":3,"victory":false,"max_hp_per_floor":[71,64,64,64,64,64,64,64,64,64,64,64,64,64,64,64,64,64,64,64,64,64,64,64,64,64,64,78,78,78,78,78,78,78,78,78,78,78,78,78,78,78,78,78,78,78,78,78,78,78,78],"relic_stats":{"Frozen Eye":21.92174,"Dream Catcher":4,"TheAbacus":[30],"counters":[25,128],"PreservedInsect":273,"Letter Opener":[176],"Smiling Mask":150,"Boot":[33],"obtain_stats":[{"Golden Idol":2,"Mango":28,"PreservedInsect":0,"Letter Opener":30,"Smiling Mask":7,"Boot":24,"Cables":9,"Nuclear Battery":17,"Du-Vu Doll":42,"Frozen Eye":37,"Dream Catcher":11,"TheAbacus":45,"Orrery":29,"Philosopher\u0027s Stone":34,"Red Mask":19,"Cracked Core":0,"TungstenRod":26},{"Golden Idol":1,"Mango":14,"PreservedInsect":0,"Letter Opener":14,"Smiling Mask":4,"Boot":13,"Cables":4,"Nuclear Battery":8,"Du-Vu Doll":20,"Frozen Eye":17,"Dream Catcher":5,"TheAbacus":21,"Orrery":14,"Philosopher\u0027s Stone":16,"Red Mask":10,"Cracked Core":0,"TungstenRod":13},{"Golden Idol":3,"Mango":56,"PreservedInsect":0,"Letter Opener":56,"Smiling Mask":12,"Boot":51,"Cables":12,"Nuclear Battery":34,"Du-Vu Doll":94,"Frozen Eye":77,"Dream Catcher":18,"TheAbacus":101,"Orrery":56,"Philosopher\u0027s Stone":72,"Red Mask":41,"Cracked Core":0,"TungstenRod":51}],"TungstenRod":20,"Cables":[95,48,0,2,45]},"card_choices":[{"not_picked":["Conserve Battery","Redo"],"picked":"Ball Lightning","floor":1},{"not_picked":["Loop","Stack"],"picked":"Hello World","floor":3},{"not_picked":["Beam Cell","White Noise"],"picked":"Reinforced Body","floor":4},{"not_picked":["Stack","Barrage"],"picked":"Sweeping Beam","floor":7},{"not_picked":["Leap","Darkness","Machine Learning"],"picked":"SKIP","floor":11},{"not_picked":["Storm","Barrage"],"picked":"Beam Cell","floor":13},{"not_picked":["Go for the Eyes","Rebound"],"picked":"Skim","floor":14},{"not_picked":["Biased Cognition","Thunder Strike"],"picked":"All For One","floor":16},{"not_picked":["Sweeping Beam","Skim"],"picked":"Gash","floor":18},{"not_picked":["Stack","Glacier","Coolheaded"],"picked":"SKIP","floor":19},{"not_picked":["Lockon","Doom and Gloom+1"],"picked":"Gash","floor":20},{"not_picked":["Static Discharge","Loop"],"picked":"Redo","floor":21},{"not_picked":["White Noise","Machine Learning","Streamline","Loop","Beam Cell","Redo","Barrage","Steam Power","Double Energy","Leap","Darkness","Auto Shields","Compile Driver","Sweeping Beam","Hologram","Go for the Eyes","Rebound","Cold Snap","Doom and Gloom"],"picked":"Reinforced Body","floor":22},{"not_picked":["Leap","Sweeping Beam"],"picked":"Gash","floor":23},{"not_picked":["Fission","Steam"],"picked":"Hyperbeam","floor":24},{"not_picked":["Melter","Leap"],"picked":"Go for the Eyes","floor":28},{"not_picked":["Sunder","Chaos"],"picked":"Recycle","floor":29},{"not_picked":["Cold Snap","Doom and Gloom+1"],"picked":"Steam+1","floor":29},{"not_picked":["Compile Driver+1","Cold Snap"],"picked":"Hologram","floor":29},{"not_picked":["Chill","Redo","Aggregate"],"picked":"SKIP","floor":29},{"not_picked":["Leap","Rainbow","Stack"],"picked":"SKIP","floor":29},{"not_picked":["Recycle","Auto Shields"],"picked":"Compile Driver","floor":31},{"not_picked":["Fission","Amplify"],"picked":"Buffer","floor":33},{"not_picked":["Streamline","White Noise","Storm+1"],"picked":"SKIP","floor":35},{"not_picked":["Genetic Algorithm","Stack+1"],"picked":"Compile Driver","floor":38},{"not_picked":["Steam+1","Heatsinks+1","Redo+1"],"picked":"SKIP","floor":39},{"not_picked":["Trip","Forethought"],"picked":"Apotheosis","floor":41},{"not_picked":["Impatience","Discovery","Dramatic Entrance"],"picked":"SKIP","floor":41},{"not_picked":["Enlightenment","Trip","Purity"],"picked":"SKIP","floor":41},{"not_picked":["Sweeping Beam+1","Storm+1"],"picked":"Steam Power+1","floor":42},{"not_picked":["Fusion","Chaos","Streamline"],"picked":"SKIP","floor":44},{"not_picked":["Cold Snap","Go for the Eyes"],"picked":"Leap+1","floor":47},{"not_picked":["Reinforced Body","Self Repair+1"],"picked":"Echo Form","floor":48}],"player_experience":2382322,"relics_obtained":[{"floor":7,"key":"Smiling Mask"},{"floor":9,"key":"Cables"},{"floor":11,"key":"Dream Catcher"},{"floor":19,"key":"Red Mask"},{"floor":24,"key":"Boot"},{"floor":26,"key":"TungstenRod"},{"floor":28,"key":"Mango"},{"floor":30,"key":"Letter Opener"},{"floor":42,"key":"Du-Vu Doll"}],"event_choices":[{"damage_healed":0,"gold_gain":0,"player_choice":"Lose Max HP","damage_taken":0,"relics_obtained":["Golden Idol"],"max_hp_gain":0,"max_hp_loss":7,"event_name":"Golden Idol","floor":2,"gold_loss":0},{"damage_healed":0,"gold_gain":0,"cards_transformed":["Strike_B"],"player_choice":"Change","damage_taken":0,"max_hp_gain":0,"max_hp_loss":0,"event_name":"Living Wall","floor":5,"gold_loss":0,"cards_obtained":["Reprogram"]},{"cards_removed":["Zap"],"damage_healed":0,"gold_gain":0,"player_choice":"Card Removal","damage_taken":7,"max_hp_gain":0,"max_hp_loss":0,"event_name":"Golden Wing","floor":10,"gold_loss":0},{"damage_healed":0,"gold_gain":0,"player_choice":"0 cards matched","damage_taken":0,"max_hp_gain":0,"max_hp_loss":0,"event_name":"Match and Keep!","floor":12,"gold_loss":0,"cards_obtained":[]},{"damage_healed":0,"gold_gain":0,"player_choice":"Fought Bandits","damage_taken":0,"max_hp_gain":0,"max_hp_loss":0,"event_name":"Masked Bandits","floor":19,"gold_loss":0},{"damage_healed":0,"gold_gain":0,"player_choice":"Read","damage_taken":0,"max_hp_gain":0,"max_hp_loss":0,"event_name":"The Library","floor":22,"gold_loss":0,"cards_obtained":["Reinforced Body"]},{"damage_healed":0,"gold_gain":0,"player_choice":"Ignored","damage_taken":0,"max_hp_gain":0,"max_hp_loss":0,"event_name":"Cursed Tome","floor":25,"gold_loss":0},{"damage_healed":0,"gold_gain":333,"player_choice":"Gave Idol","damage_taken":0,"max_hp_gain":0,"max_hp_loss":0,"event_name":"The Moai Head","floor":36,"relics_lost":["Golden Idol"],"gold_loss":0},{"damage_healed":0,"gold_gain":0,"player_choice":"Memory 3","damage_taken":10,"max_hp_gain":0,"max_hp_loss":0,"event_name":"SensoryStone","floor":41,"gold_loss":0}],"is_beta":false,"boss_relics":[{"not_picked":["Empty Cage","Velvet Choker"],"picked":"Nuclear Battery"},{"not_picked":["Snecko Eye","Fusion Hammer"],"picked":"Philosopher\u0027s Stone"}],"items_purged_floors":[29,37,45],"is_endless":false,"potions_floor_spawned":[3,7,14,18,20,21,31,39,42,48],"killed_by":"Donu and Deca","ascension_level":20,"potion_discard_per_floor":[[],[],[],[],[],[],[],[],[],[],[],[],[],[],[],[],[],[],[],[],[],[],[],[],[],[],[],[],["SmokeBomb"],[],["AttackPotion"],[],[],[],[],[],[],[],[],[],[],[],[],[],[],[],[],[],[],[],[]]}