{"neow_bonuses_skipped_log":["REMOVE_CARD","RANDOM_COMMON_RELIC","BOSS_RELIC"],"neow_costs_skipped_log":["NONE","NONE","NONE"],"potions_obtained_entropic_brew":[[],[],[],[],[],[],[],[],[],[],[],[],[],[],[],[],[],[],[],[],[],[],[],[],[],[],[],[],[],[],[],[],[]],"gold_per_floor":[362,379,54,74,86,111,111,131,208,243,140,151,151,162,162,240,240,251,261,2,2,18,18,288,322,322,332,362,362,382,297,297,297],"floor_reached":33,"playtime":1245,"items_purged":["Strike_B"],"score":623,"play_id":"2965fd8b-1116-4938-8d74-3b9aedb11cc7","local_time":"20231213143753","score_breakdown":["Floors Climbed (33): 165","Enemies Slain (12): 24","Exordium Elites Killed (2): 20","City Elites Killed (2): 40","Bosses Slain (1): 50","Well Fed: 25","Ascension (20): 299"],"is_ascension_mode":true,"potions_obtained_alchemize":[[],[],[],[],[],[],[],[],[],[],[],[],[],[],[],[],[],[],[],[],[],[],[],[],[],[],[],[],[],[],[],[],[]],"campfire_choices":[{"data":"Hologram","floor":7,"key":"SMITH"},{"data":"Loop","floor":15,"key":"SMITH"},{"data":"Coolheaded","floor":23,"key":"SMITH"},{"data":"Defragment","floor":29,"key":"SMITH"},{"floor":32,"key":"REST"}],"lesson_learned_per_floor":[[],[],[],[],[],[],[],[],[],[],[],[],[],[],[],[],[],[],[],[],[],[],[],[],[],[],[],[],[],[],[],[],[]],"neow_cost":"TEN_PERCENT_HP_LOSS","improvable_cards":{},"seed_source_timestamp":711887741549400,"shop_contents":[{"floor":3,"relics":["Meat on the Bone"],"cards":["Meteor Strike","Scrape","Steam","Turbo","Loop","Madness","Transmutation"],"potions":["LiquidBronze","EssenceOfSteel"]},{"floor":20,"relics":["Gremlin Horn"],"cards":["Compile Driver","Cold Snap","Stack","Steam Power","Self Repair","Jack Of All Trades","Magnetism"],"potions":["PotionOfCapacity","ColorlessPotion","SkillPotion"]}],"circlet_count":0,"master_deck":["AscendersBane","Strike_B","Strike_B","Strike_B","Defend_B","Defend_B","Defend_B","Defend_B","Zap","Dualcast","Compile Driver","BootSequence","Self Repair","Rebound","Hologram+1","Cold Snap","Defragment+1","Go for the Eyes","Loop+1","Electrodynamics","Coolheaded+1","Loop+1","Recycle","Compile Driver","Meteor Strike"],"potion_use_per_floor":[[],[],[],[],[],["BlessingOfTheForge"],[],[],[],["SteroidPotion"],[],[],[],[],[],[],[],[],[],[],[],[],[],[],["DuplicationPotion"],[],[],[],[],[],[],[],["LiquidBronze"]],"relics":["FrozenCore","Membership Card","Cables","Oddly Smooth Stone","Mercury Hourglass","Mango","Juzu Bracelet","DollysMirror","HornCleat","Letter Opener","Pear","White Beast Statue"],"potions_floor_usage":[6,10,25,33],"damage_taken":[{"damage":0,"enemies":"Cultist","floor":1,"turns":3},{"damage":0,"enemies":"Small Slimes","floor":2,"turns":2},{"damage":0,"enemies":"2 Louse","floor":4,"turns":2},{"damage":4,"enemies":"2 Fungi Beasts","floor":5,"turns":4},{"damage":19,"enemies":"Lagavulin","floor":6,"turns":6},{"damage":11,"enemies":"Lots of Slimes","floor":8,"turns":4},{"damage":6,"enemies":"Gremlin Nob","floor":10,"turns":3},{"damage":0,"enemies":"3 Louse","floor":12,"turns":2},{"damage":3,"enemies":"Blue Slaver","floor":14,"turns":3},{"damage":49,"enemies":"The Guardian","floor":16,"turns":11},{"damage":0,"enemies":"Spheric Guardian","floor":18,"turns":8},{"damage":0,"enemies":"Chosen","floor":19,"turns":7},{"damage":23,"enemies":"3 Cultists","floor":22,"turns":5},{"damage":12,"enemies":"Gremlin Leader","floor":25,"turns":7},{"damage":0,"enemies":"Centurion and Healer","floor":27,"turns":7},{"damage":14,"enemies":"Slavers","floor":28,"turns":3},{"damage":0,"enemies":"Snecko","floor":30,"turns":3},{"damage":60,"enemies":"Collector","floor":33,"turns":12}],"seed_played":"-1824092771907046447","neow_bonus_log":{"cardsObtained":[],"cardsUpgraded":[],"cardsRemoved":[],"cardsTransformed":[],"relicsObtained":[],"maxHpGained":0,"goldGained":250,"damageTaken":0,"goldLost":0,"maxHpLost":7},"potions_obtained":[{"floor":4,"key":"BlessingOfTheForge"},{"floor":5,"key":"SteroidPotion"},{"floor":6,"key":"LiquidBronze"},{"floor":12,"key":"Strength Potion"},{"floor":19,"key":"DuplicationPotion"},{"floor":28,"key":"LiquidBronze"}],"is_trial":false,"path_per_floor":["M","M","$","M","M","E","R","M","T","E","?","M","?","M","R","B",null,"M","M","$","?","M","R","?","E","T","M","E","R","M","?","R","B"],"character_chosen":"DEFECT","basemod:card_modifiers":[null,null,null,null,null,null,null,null,null,null,null,null,null,null,null,null,null,null,null,null,null,null,null,null,null],"items_purchased":["Membership Card","Cables","SkillPotion","DollysMirror","HornCleat"],"campfire_rested":1,"item_purchase_floors":[3,3,3,20,20],"current_hp_per_floor":[64,64,64,64,64,55,55,51,51,66,66,66,71,75,75,33,71,78,83,83,83,60,60,33,28,28,35,31,31,31,31,58,0],"gold":297,"neow_bonus":"TWO_FIFTY_GOLD","is_prod":false,"is_daily":false,"rewards_skipped":[{"floor":22,"relics":[],"potions":["PowerPotion"]}],"chose_seed":false,"campfire_upgraded":4,"win_rate":0,"floor_exit_playtime":[28,44,69,88,130,184,194,253,256,285,292,321,325,369,379,488,501,583,652,673,680,762,770,778,879,881,962,1008,1014,1056,1060,1062],"timestamp":1702496273,"blue_key_relic_skipped_log":{"floor":26,"relicID":"Molten Egg 2"},"path_taken":["M","M","$","M","M","E","R","?","T","E","?","M","?","M","R","BOSS","M","M","$","?","M","R","?","E","T","M","E","R","M","?","R","BOSS"],"build_version":"2022-12-18","purchased_purges":1,"victory":false,"max_hp_per_floor":[64,64,64,64,64,64,64,64,64,78,78,78,83,83,83,83,83,83,83,83,83,83,83,83,83,83,83,93,93,93,93,93,93],"relic_stats":{"counters":[18,91],"Juzu Bracelet":2,"Membership Card":420,"Letter Opener":[45],"obtain_stats":[{"Pear":28,"Oddly Smooth Stone":6,"Mango":10,"Juzu Bracelet":11,"Letter Opener":25,"White Beast Statue":31,"Cables":3,"Mercury Hourglass":9,"FrozenCore":17,"HornCleat":20,"DollysMirror":20,"Membership Card":3,"Cracked Core":0},{"Pear":16,"Oddly Smooth Stone":5,"Mango":7,"Juzu Bracelet":7,"Letter Opener":14,"White Beast Statue":17,"Cables":2,"Mercury Hourglass":6,"FrozenCore":10,"HornCleat":12,"DollysMirror":12,"Membership Card":2,"Cracked Core":0},{"Pear":76,"Oddly Smooth Stone":17,"Mango":24,"Juzu Bracelet":24,"Letter Opener":67,"White Beast Statue":79,"Cables":5,"Mercury Hourglass":21,"FrozenCore":40,"HornCleat":55,"DollysMirror":55,"Membership Card":5,"Cracked Core":0}],"White Beast Statue":[0.0,0.0,0.0,0.0,0.0,1.0,0.0,0.0,0.0,0.0,0.0,0.0],"FrozenCore":[15],"Cables":[70,39,30,0,1],"Mercury Hourglass":[299]},"card_choices":[{"not_picked":["Gash","Streamline"],"picked":"Compile Driver","floor":1},{"not_picked":["Streamline","Compile Driver"],"picked":"BootSequence","floor":2},{"not_picked":["Redo","Streamline"],"picked":"Self Repair","floor":4},{"not_picked":["Turbo","Stack"],"picked":"Rebound","floor":5},{"not_picked":["Rebound","Sweeping Beam"],"picked":"Hologram","floor":6},{"not_picked":["White Noise","All For One"],"picked":"Cold Snap","floor":8},{"not_picked":["Steam","Coolheaded"],"picked":"Defragment","floor":10},{"not_picked":["Hello World","Turbo"],"picked":"Go for the Eyes","floor":12},{"not_picked":["Compile Driver","Steam"],"picked":"Loop","floor":14},{"not_picked":["Amplify","Multi-Cast"],"picked":"Electrodynamics","floor":16},{"not_picked":["Heatsinks","Conserve Battery"],"picked":"Coolheaded","floor":18},{"not_picked":["Melter","Gash","Hologram"],"picked":"SKIP","floor":19},{"not_picked":["Blizzard","Reprogram"],"picked":"Recycle","floor":22},{"not_picked":["Hello World+1","Reprogram"],"picked":"Compile Driver","floor":25},{"not_picked":["Loop","Leap","Steam"],"picked":"SKIP","floor":27},{"not_picked":["Stack","Leap"],"picked":"Meteor Strike","floor":28},{"not_picked":["Redo","Rebound","Cold Snap"],"picked":"SKIP","floor":30}],"player_experience":2392321,"relics_obtained":[{"floor":6,"key":"Oddly Smooth Stone"},{"floor":9,"key":"Mercury Hourglass"},{"floor":10,"key":"Mango"},{"floor":25,"key":"Letter Opener"},{"floor":28,"key":"Pear"}],"event_choices":[{"damage_healed":0,"gold_gain":0,"player_choice":"Paid Gold","damage_taken":0,"relics_obtained":["Juzu Bracelet"],"max_hp_gain":0,"max_hp_loss":0,"event_name":"WeMeetAgain","floor":11,"gold_loss":103},{"damage_healed":0,"gold_gain":0,"player_choice":"Donut","damage_taken":0,"max_hp_gain":5,"max_hp_loss":0,"event_name":"Big Fish","floor":13,"gold_loss":0},{"damage_healed":0,"gold_gain":0,"player_choice":"Ignored","damage_taken":0,"max_hp_gain":0,"max_hp_loss":0,"event_name":"Vampires","floor":21,"gold_loss":0},{"damage_healed":0,"gold_gain":270,"player_choice":"GOLD GOLD GOLD ","damage_taken":27,"max_hp_gain":0,"max_hp_loss":0,"event_name":"Knowing Skull","floor":24,"potions_obtained":[],"gold_loss":0,"cards_obtained":[]},{"damage_healed":0,"gold_gain":0,"player_choice":"Obtained Relic","damage_taken":0,"relics_obtained":["White Beast Statue"],"max_hp_gain":0,"max_hp_loss":0,"event_name":"Addict","floor":31,"gold_loss":85}],"is_beta":false,"boss_relics":[{"not_picked":["Cursed Key","Calling Bell"],"picked":"FrozenCore"}],"items_purged_floors":[20],"is_endless":false,"potions_floor_spawned":[4,5,6,12,19,22,28],"killed_by":"Collector","ascension_level":20,"potion_discard_per_floor":[[],[],[],[],["SkillPotion"],[],[],[],[],[],[],[],[],[],[],[],[],[],["Strength Potion"],[],[],[],[],[],[],[],[],[],[],[],[],[],[]]}