{"neow_bonuses_skipped_log":["UPGRADE_CARD","TEN_PERCENT_HP_BONUS","BOSS_RELIC"],"potions_obtained_entropic_brew":[[],[],[],[],[],[],[],[],[],[],[],[],[],[],[],[],[],[],[],[],[],[],[],[],[],[],[],[]],"neow_costs_skipped_log":["NONE","NONE","NONE"],"gold_per_floor":[113,113,130,55,65,83,83,115,115,141,198,198,208,236,236,310,310,321,321,321,339,339,155,155,186,210,224,224],"floor_reached":28,"playtime":1129,"items_purged":["Reprogram+1"],"score":512,"play_id":"3ccfe106-7f9b-4ab2-92c0-cc73aeef6b88","local_time":"20240605193243","score_breakdown":["Floors Climbed (28): 140","Enemies Slain (8): 16","Exordium Elites Killed (3): 30","City Elites Killed (1): 20","Bosses Slain (1): 50","Ascension (20): 256"],"is_ascension_mode":true,"potions_obtained_alchemize":[[],[],[],[],[],[],[],[],[],[],[],[],[],[],[],[],[],[],[],[],[],[],[],[],[],[],[],[]],"campfire_choices":[{"data":"Defragment","floor":7,"key":"SMITH"},{"data":"Hologram","floor":12,"key":"SMITH"},{"data":"Machine Learning","floor":15,"key":"SMITH"},{"floor":24,"key":"REST"}],"lesson_learned_per_floor":[[],[],[],[],[],[],[],[],[],[],[],[],[],[],[],[],[],[],[],[],[],[],[],[],[],[],[],[]],"neow_cost":"CURSE","improvable_cards":{},"seed_source_timestamp":1707119820778700,"shop_contents":[{"floor":23,"relics":["Molten Egg 2","Lizard Tail","Chemical X"],"cards":["Sunder","Beam Cell","Rainbow","Reprogram","Static Discharge","Dark Shackles","Transmutation"],"potions":["Ancient Potion","SpeedPotion"]}],"circlet_count":0,"master_deck":["AscendersBane","Strike_B","Defend_B","Defend_B","Defend_B","Defend_B","Zap","Dualcast","Metamorphosis","Cold Snap","Defragment+1","Ball Lightning","Hologram+1","Hologram","Leap","Machine Learning+1","Buffer","Hello World+1","Consume+1","Conserve Battery","Coolheaded","Seek"],"potion_use_per_floor":[[],[],[],[],[],[],[],["FocusPotion"],[],[],["Strength Potion"],[],[],[],[],["Fire Potion"],[],[],[],[],[],[],[],[],["CultistPotion","FairyPotion"],[],[],["Block Potion"]],"relics":["Cracked Core","Pear","Gremlin Horn","Cables","Vajra","Singing Bowl","Astrolabe","Shuriken","Blood Vial"],"potions_floor_usage":[8,11,16,25,28],"damage_taken":[{"damage":6,"enemies":"Jaw Worm","floor":1,"turns":4},{"damage":9,"enemies":"Small Slimes","floor":3,"turns":4},{"damage":1,"enemies":"2 Louse","floor":5,"turns":2},{"damage":6,"enemies":"Looter","floor":6,"turns":2},{"damage":5,"enemies":"Gremlin Nob","floor":8,"turns":3},{"damage":11,"enemies":"Lagavulin","floor":10,"turns":5},{"damage":0,"enemies":"Gremlin Nob","floor":11,"turns":3},{"damage":1,"enemies":"2 Fungi Beasts","floor":13,"turns":3},{"damage":8,"enemies":"Gremlin Nob","floor":14,"turns":3},{"damage":1,"enemies":"The Guardian","floor":16,"turns":9},{"damage":37,"enemies":"2 Thieves","floor":18,"turns":4},{"damage":0,"enemies":"Chosen","floor":21,"turns":6},{"damage":45,"enemies":"Book of Stabbing","floor":25,"turns":7},{"damage":3,"enemies":"Snecko","floor":27,"turns":7},{"damage":34,"enemies":"Slavers","floor":28,"turns":3}],"seed_played":"4165058380353310724","neow_bonus_log":{"cardsObtained":["Regret"],"cardsUpgraded":[],"cardsRemoved":[],"cardsTransformed":[],"relicsObtained":[],"maxHpGained":0,"goldGained":0,"damageTaken":0,"goldLost":0,"maxHpLost":0},"potions_obtained":[{"floor":1,"key":"FocusPotion"},{"floor":10,"key":"Strength Potion"},{"floor":11,"key":"Fire Potion"},{"floor":16,"key":"FairyPotion"},{"floor":27,"key":"Block Potion"}],"is_trial":false,"path_per_floor":["M","?","M","?","M","M","R","E","T","E","?","R","M","E","R","B",null,"M","?","?","M","?","$","R","E","T","M","E"],"character_chosen":"DEFECT","basemod:card_modifiers":[null,null,null,null,null,null,null,null,null,null,null,null,null,null,null,null,null,null,null,null,null,null],"items_purchased":["CultistPotion"],"campfire_rested":1,"item_purchase_floors":[23],"current_hp_per_floor":[58,71,62,62,61,55,55,60,60,49,49,49,48,40,40,39,71,34,11,11,13,13,13,39,25,25,24,0],"gold":224,"neow_bonus":"RANDOM_COLORLESS_2","is_prod":false,"is_daily":false,"rewards_skipped":[],"chose_seed":false,"campfire_upgraded":3,"win_rate":0,"floor_exit_playtime":[46,55,99,106,135,158,171,212,215,273,316,327,368,395,403,535,571,675,678,681,781,794,845,850,965,973,1061],"timestamp":1717630363,"path_taken":["M","?","M","?","M","M","R","E","T","E","?","R","M","E","R","BOSS","M","?","?","M","?","$","R","E","T","M","E"],"build_version":"2022-12-18","purchased_purges":1,"victory":false,"max_hp_per_floor":[71,71,71,71,71,71,71,81,81,81,81,81,81,81,81,81,81,81,86,86,88,88,88,88,88,88,88,88],"relic_stats":{"Blood Vial":4,"Gremlin Horn":[2,2],"Singing Bowl":2,"counters":[15,65],"Shuriken":[1],"Astrolabe":["Hello World","Consume","Reprogram"],"obtain_stats":[{"Blood Vial":26,"Pear":8,"Gremlin Horn":9,"Singing Bowl":14,"Shuriken":25,"Astrolabe":17,"Vajra":11,"Cracked Core":0,"Cables":10},{"Blood Vial":13,"Pear":5,"Gremlin Horn":5,"Singing Bowl":9,"Shuriken":13,"Astrolabe":10,"Vajra":7,"Cracked Core":0,"Cables":6},{"Blood Vial":55,"Pear":15,"Gremlin Horn":15,"Singing Bowl":29,"Shuriken":55,"Astrolabe":38,"Vajra":23,"Cracked Core":0,"Cables":20}],"Cables":[41,30,11,0,0]},"card_choices":[{"not_picked":["Thinking Ahead","Panache"],"picked":"Metamorphosis","floor":0},{"not_picked":["Sweeping Beam","Hologram"],"picked":"Cold Snap","floor":1},{"not_picked":["Steam","Skim"],"picked":"Defragment","floor":3},{"not_picked":["Loop","Force Field"],"picked":"Ball Lightning","floor":5},{"not_picked":["Auto Shields","Recycle"],"picked":"Hologram","floor":6},{"not_picked":["Lockon","Sweeping Beam","Stack"],"picked":"SKIP","floor":8},{"not_picked":["Force Field","Lockon"],"picked":"Hologram","floor":10},{"not_picked":["Auto Shields","Steam Power"],"picked":"Leap","floor":11},{"not_picked":["Barrage","Gash","Streamline"],"picked":"SKIP","floor":13},{"not_picked":["Darkness","Cold Snap"],"picked":"Machine Learning","floor":14},{"not_picked":["Multi-Cast","Meteor Strike"],"picked":"Buffer","floor":16},{"not_picked":["Rebound","Hello World"],"picked":"Conserve Battery","floor":18},{"not_picked":["Redo+1","Hologram","Barrage"],"picked":"Singing Bowl","floor":21},{"not_picked":["Turbo","Leap"],"picked":"Coolheaded","floor":25},{"not_picked":["Stack","Conserve Battery"],"picked":"Seek","floor":27}],"player_experience":2420882,"relics_obtained":[{"floor":8,"key":"Pear"},{"floor":9,"key":"Gremlin Horn"},{"floor":10,"key":"Cables"},{"floor":11,"key":"Vajra"},{"floor":14,"key":"Singing Bowl"},{"floor":25,"key":"Shuriken"},{"floor":26,"key":"Blood Vial"}],"event_choices":[{"damage_healed":23,"gold_gain":0,"player_choice":"Banana","damage_taken":0,"max_hp_gain":0,"max_hp_loss":0,"event_name":"Big Fish","floor":2,"gold_loss":0},{"cards_removed":["Regret"],"damage_healed":0,"gold_gain":0,"player_choice":"Card Removal","damage_taken":0,"max_hp_gain":0,"max_hp_loss":0,"event_name":"The Cleric","floor":4,"gold_loss":75},{"damage_healed":0,"gold_gain":0,"player_choice":"Searched \u00272\u0027 times","damage_taken":0,"max_hp_gain":0,"max_hp_loss":0,"event_name":"Dead Adventurer","floor":11,"gold_loss":0},{"damage_healed":0,"gold_gain":0,"player_choice":"Shed Blood","damage_taken":28,"max_hp_gain":5,"max_hp_loss":0,"event_name":"Forgotten Altar","floor":19,"gold_loss":0},{"damage_healed":0,"gold_gain":0,"player_choice":"Ignored","damage_taken":0,"max_hp_gain":0,"max_hp_loss":0,"event_name":"Cursed Tome","floor":20,"gold_loss":0},{"damage_healed":0,"gold_gain":0,"player_choice":"Ignored","damage_taken":0,"max_hp_gain":0,"max_hp_loss":0,"event_name":"Vampires","floor":22,"gold_loss":0}],"is_beta":false,"boss_relics":[{"not_picked":["Philosopher\u0027s Stone","Calling Bell"],"picked":"Astrolabe"}],"items_purged_floors":[23],"is_endless":false,"potions_floor_spawned":[1,10,11,16,27],"killed_by":"Slavers","ascension_level":20,"potion_discard_per_floor":[[],[],[],[],[],[],[],[],[],[],[],[],[],[],[],[],[],[],[],[],[],[],[],[],[],[],[],[]]}