{"neow_bonuses_skipped_log":["REMOVE_CARD","ONE_RARE_RELIC","BOSS_RELIC"],"potions_obtained_entropic_brew":[[],[],[],[],[],[],[],[],[],[],[],[],[],[],[],[],[],[],[],[],[],[],[],[],[],[],[],[],[],[],[],[],[]],"neow_costs_skipped_log":["NONE","CURSE","NONE"],"gold_per_floor":[109,34,34,34,44,72,92,92,92,92,105,13,43,57,57,136,136,152,27,45,45,45,45,64,91,391,391,406,417,452,470,470,470],"floor_reached":33,"playtime":3589,"items_purged":["Strike_B"],"score":644,"play_id":"ecff1632-3c07-4748-ac49-04a91406d011","local_time":"20240609192422","score_breakdown":["Floors Climbed (33): 165","Enemies Slain (11): 22","Exordium Elites Killed (2): 20","City Elites Killed (2): 40","Bosses Slain (1): 50","Champion (1): 25","Ascension (20): 322"],"is_ascension_mode":true,"potions_obtained_alchemize":[[],[],[],[],[],[],[],[],[],[],[],[],[],[],[],[],[],[],[],[],[],[],[],[],[],[],[],[],[],[],[],[],[]],"campfire_choices":[{"data":"Ball Lightning","floor":8,"key":"SMITH"},{"floor":10,"key":"REST"},{"data":"Conserve Battery","floor":15,"key":"SMITH"},{"floor":23,"key":"RECALL"},{"floor":27,"key":"REST"},{"floor":32,"key":"REST"}],"lesson_learned_per_floor":[[],[],[],[],[],[],[],[],[],[],[],[],[],[],[],[],[],[],[],[],[],[],[],[],[],[],[],[],[],[],[],[],[]],"neow_cost":"NONE","improvable_cards":{},"seed_source_timestamp":2049760122286000,"shop_contents":[{"floor":12,"relics":["Pocketwatch","Du-Vu Doll","Cauldron"],"cards":["Rip and Tear+1","All For One+1","Reinforced Body","Hologram","Flash of Steel+1","Magnetism+1"],"potions":["SmokeBomb","EntropicBrew"]},{"floor":19,"relics":["Blood Vial","PreservedInsect","Medical Kit"],"cards":["Gash+1","Sunder+1","Recycle","Chaos","Static Discharge+1","Mind Blast+1","Magnetism+1"],"potions":["Ancient Potion","FocusPotion","EssenceOfSteel"]}],"circlet_count":0,"master_deck":["AscendersBane","Strike_B","Strike_B","Strike_B","Defend_B","Defend_B","Defend_B","Zap+1","Dualcast","Ball Lightning+1","Cold Snap+1","Conserve Battery+1","Loop+1","Go for the Eyes+1","Biased Cognition+1","Defragment+1","Compile Driver+1","Ghostly","Ghostly","Ghostly","Glacier+1","Compile Driver+1","Reboot","BootSequence+1"],"potion_use_per_floor":[[],[],[],[],[],[],[],[],[],[],[],[],["Block Potion"],[],[],["DuplicationPotion"],[],["Weak Potion"],[],[],[],[],[],[],["BlessingOfTheForge"],[],[],[],[],["FearPotion"],["SpeedPotion"],[],["Fruit Juice"]],"relics":["Cracked Core","NeowsBlessing","Molten Egg 2","Frozen Egg 2","Regal Pillow","The Courier","Fusion Hammer","Unceasing Top","Old Coin","Singing Bowl"],"potions_floor_usage":[13,16,18,25,30,31,33],"damage_taken":[{"damage":0,"enemies":"Jaw Worm","floor":1,"turns":1},{"damage":0,"enemies":"Small Slimes","floor":5,"turns":1},{"damage":0,"enemies":"Lagavulin","floor":6,"turns":1},{"damage":0,"enemies":"Cultist","floor":7,"turns":3},{"damage":2,"enemies":"Exordium Wildlife","floor":11,"turns":3},{"damage":6,"enemies":"3 Sentries","floor":13,"turns":7},{"damage":0,"enemies":"Large Slime","floor":14,"turns":4},{"damage":22,"enemies":"Slime Boss","floor":16,"turns":9},{"damage":7,"enemies":"3 Byrds","floor":18,"turns":5},{"damage":0,"enemies":"Chosen","floor":20,"turns":3},{"damage":2,"enemies":"Shelled Parasite and Fungi","floor":24,"turns":5},{"damage":9,"enemies":"Book of Stabbing","floor":25,"turns":5},{"damage":0,"enemies":"Snake Plant","floor":28,"turns":4},{"damage":0,"enemies":"Centurion and Healer","floor":29,"turns":7},{"damage":4,"enemies":"Slavers","floor":30,"turns":6},{"damage":0,"enemies":"3 Cultists","floor":31,"turns":6},{"damage":0,"enemies":"Champ","floor":33,"turns":10}],"seed_played":"2765503391299058228","neow_bonus_log":{"cardsObtained":[],"cardsUpgraded":[],"cardsRemoved":[],"cardsTransformed":[],"relicsObtained":["NeowsBlessing"],"maxHpGained":0,"goldGained":0,"damageTaken":0,"goldLost":0,"maxHpLost":0},"potions_obtained":[{"floor":6,"key":"Weak Potion"},{"floor":13,"key":"DuplicationPotion"},{"floor":16,"key":"SpeedPotion"},{"floor":24,"key":"BlessingOfTheForge"},{"floor":28,"key":"FearPotion"},{"floor":30,"key":"SpeedPotion"},{"floor":31,"key":"Fruit Juice"}],"is_trial":false,"path_per_floor":["M","?","?","?","M","E","M","R","T","R","M","$","E","M","R","B",null,"M","$","M","?","?","R","M","E","T","R","M","M","E","M","R","B"],"character_chosen":"DEFECT","basemod:card_modifiers":[null,null,null,null,null,null,null,null,null,null,null,null,null,null,null,null,null,null,null,null,null,null,null,null],"items_purchased":["Loop+1","Block Potion","Defragment+1"],"campfire_rested":3,"item_purchase_floors":[12,12,19],"current_hp_per_floor":[64,64,64,38,38,38,38,38,38,71,69,69,63,63,63,41,64,57,57,57,35,35,35,33,24,24,35,35,35,31,31,35,40],"gold":470,"neow_bonus":"THREE_ENEMY_KILL","is_prod":false,"is_daily":false,"rewards_skipped":[{"floor":14,"relics":[],"potions":["SpeedPotion"]}],"chose_seed":false,"campfire_upgraded":2,"win_rate":0,"floor_exit_playtime":[2355,2367,2386,2394,2402,2413,2444,2448,2450,2457,2487,2514,2599,2658,2664,2793,2815,2886,2920,2955,2971,2975,2983,3062,3133,3136,3139,3199,3277,3353,3479,3484],"timestamp":1717975462,"path_taken":["M","?","?","?","M","E","M","R","T","R","M","?","E","M","R","BOSS","M","?","M","?","?","R","M","E","T","R","M","?","E","?","R","BOSS"],"build_version":"2022-12-18","purchased_purges":1,"victory":false,"max_hp_per_floor":[71,71,71,71,71,71,71,71,71,71,71,71,71,71,71,71,71,71,71,71,35,35,35,35,35,35,35,35,35,35,35,35,40],"relic_stats":{"Regal Pillow":13,"Singing Bowl":0,"counters":[17,79],"The Courier":31,"obtain_stats":[{"Regal Pillow":9,"NeowsBlessing":0,"Singing Bowl":30,"Molten Egg 2":4,"The Courier":13,"Fusion Hammer":17,"Frozen Egg 2":6,"Cracked Core":0,"Unceasing Top":25,"Old Coin":26},{"Regal Pillow":4,"NeowsBlessing":0,"Singing Bowl":15,"Molten Egg 2":1,"The Courier":6,"Fusion Hammer":8,"Frozen Egg 2":3,"Cracked Core":0,"Unceasing Top":12,"Old Coin":12},{"Regal Pillow":6,"NeowsBlessing":0,"Singing Bowl":64,"Molten Egg 2":1,"The Courier":16,"Fusion Hammer":29,"Frozen Egg 2":3,"Cracked Core":0,"Unceasing Top":47,"Old Coin":47}],"Unceasing Top":[2]},"card_choices":[{"not_picked":["Barrage","Genetic Algorithm"],"picked":"Ball Lightning","floor":1},{"not_picked":["Beam Cell+1","Streamline+1"],"picked":"Cold Snap+1","floor":5},{"not_picked":["Turbo","Aggregate"],"picked":"Conserve Battery","floor":6},{"not_picked":["Auto Shields","Heatsinks+1","Steam"],"picked":"SKIP","floor":7},{"not_picked":["Redo","Steam","Gash+1"],"picked":"SKIP","floor":11},{"not_picked":["Redo","Leap","Heatsinks+1"],"picked":"SKIP","floor":13},{"not_picked":["Consume","Sweeping Beam+1"],"picked":"Go for the Eyes+1","floor":14},{"not_picked":["Rainbow","Multi-Cast"],"picked":"Biased Cognition+1","floor":16},{"not_picked":["Barrage+1","Consume","Stack"],"picked":"SKIP","floor":18},{"not_picked":["Leap+1","Turbo"],"picked":"Compile Driver+1","floor":20},{"not_picked":["Rebound+1","Undo","Turbo"],"picked":"SKIP","floor":24},{"not_picked":["Compile Driver+1","Melter+1"],"picked":"Glacier+1","floor":25},{"not_picked":["Ball Lightning+1","Leap"],"picked":"Compile Driver+1","floor":28},{"not_picked":["Sweeping Beam+1","Streamline+1","Redo"],"picked":"SKIP","floor":29},{"not_picked":["Tempest","Streamline+1"],"picked":"Reboot","floor":30},{"not_picked":["Stack","Hologram"],"picked":"BootSequence+1","floor":31}],"player_experience":2429887,"relics_obtained":[{"floor":6,"key":"Frozen Egg 2"},{"floor":9,"key":"Regal Pillow"},{"floor":13,"key":"The Courier"},{"floor":25,"key":"Unceasing Top"},{"floor":26,"key":"Old Coin"},{"floor":30,"key":"Singing Bowl"}],"event_choices":[{"cards_removed":["Defend_B"],"damage_healed":0,"gold_gain":0,"player_choice":"Card Removal","damage_taken":0,"max_hp_gain":0,"max_hp_loss":0,"event_name":"The Cleric","floor":2,"gold_loss":75},{"damage_healed":0,"gold_gain":0,"player_choice":"Grow","damage_taken":0,"max_hp_gain":0,"max_hp_loss":0,"event_name":"Living Wall","floor":3,"gold_loss":0,"cards_upgraded":["Zap"]},{"damage_healed":0,"gold_gain":0,"player_choice":"Success","damage_taken":26,"relics_obtained":["Molten Egg 2"],"max_hp_gain":0,"max_hp_loss":0,"event_name":"Scrap Ooze","floor":4,"gold_loss":0},{"damage_healed":0,"gold_gain":0,"player_choice":"Became a Ghost","damage_taken":0,"max_hp_gain":0,"max_hp_loss":36,"event_name":"Ghosts","floor":21,"gold_loss":0,"cards_obtained":["Ghostly","Ghostly","Ghostly"]},{"damage_healed":0,"gold_gain":0,"player_choice":"Ignored","damage_taken":0,"max_hp_gain":0,"max_hp_loss":0,"event_name":"The Mausoleum","floor":22,"gold_loss":0}],"is_beta":false,"boss_relics":[{"not_picked":["Nuclear Battery","Velvet Choker"],"picked":"Fusion Hammer"}],"items_purged_floors":[19],"is_endless":false,"potions_floor_spawned":[6,13,14,16,24,28,30,31],"killed_by":"Champ","ascension_level":20,"potion_discard_per_floor":[[],[],[],[],[],[],[],[],[],[],[],[],[],[],[],[],[],[],[],[],[],[],[],[],[],[],[],[],[],[],[],[],[]]}