{"neow_bonuses_skipped_log":["REMOVE_CARD","TEN_PERCENT_HP_BONUS","BOSS_RELIC"],"neow_costs_skipped_log":["NONE","NONE","NONE"],"potions_obtained_entropic_brew":[[],[],[],[],[],[],[],[],[],[],[],[],[],[],[],[],[],[],[],[],[],[],[],[],[],[],[],[],[],[],[],[],[],[],[],[],[],[],[],[],[],[],[],[],[],[],[],[],[],[],[],[],[],[],[],[]],"gold_per_floor":[117,129,149,149,149,175,175,194,273,70,101,101,121,162,162,252,252,272,295,53,53,76,76,76,17,17,17,48,68,107,121,121,214,214,228,249,174,195,220,220,258,258,284,325,346,387,230,66,66,66,66,66,66,9,45,45],"floor_reached":56,"playtime":3448,"items_purged":["Strike_B","Strike_B"],"score":1990,"play_id":"1fad82a5-11a9-4a6d-b925-cb1c57f9cdf7","local_time":"20240611131057","score_breakdown":["Floors Climbed (56): 280","Enemies Slain (15): 30","Exordium Elites Killed (3): 30","City Elites Killed (2): 40","Beyond Elites Killed (3): 90","Bosses Slain (4): 500","Champion (1): 25","Ascension (20): 995"],"is_ascension_mode":true,"potions_obtained_alchemize":[[],[],[],[],[],[],[],[],[],[],[],[],[],[],[],[],[],[],[],[],[],[],[],[],[],[],[],[],[],[],[],[],[],[],[],[],[],[],[],[],[],[],[],[],[],[],[],[],[],[],[],[],[],[],[],[]],"campfire_choices":[{"floor":7,"key":"REST"},{"data":"Go for the Eyes","floor":15,"key":"SMITH"},{"data":"Electrodynamics","floor":23,"key":"SMITH"},{"data":"Sunder","floor":27,"key":"SMITH"},{"data":"Rainbow","floor":32,"key":"SMITH"},{"data":"Capacitor","floor":40,"key":"SMITH"},{"data":"Biased Cognition","floor":42,"key":"SMITH"},{"floor":49,"key":"RECALL"},{"data":"Echo Form","floor":53,"key":"SMITH"}],"lesson_learned_per_floor":[[],[],[],[],[],[],[],[],[],[],[],[],[],[],[],[],[],[],[],[],[],[],[],[],[],[],[],[],[],[],[],[],[],[],[],[],[],[],[],[],[],[],[],[],[],[],[],[],[],[],[],[],[],[],[],[]],"neow_cost":"TEN_PERCENT_HP_LOSS","improvable_cards":{"Genetic Algorithm":[57]},"seed_source_timestamp":2200294648424599,"shop_contents":[{"floor":10,"relics":["Bag of Marbles","Prayer Wheel","Medical Kit"],"cards":["Core Surge","Streamline","Consume","Heatsinks","Finesse","HandOfGreed"],"potions":["EssenceOfSteel","Energy Potion"]},{"floor":20,"relics":["White Beast Statue","Pen Nib","Strange Spoon"],"cards":["FTL","Leap","Fission","Madness","Violence"],"potions":["Explosive Potion","Ancient Potion","Explosive Potion"]},{"floor":47,"relics":["Whetstone","Blood Vial"],"cards":["FTL+1","Streamline+1","Leap","Double Energy","Hello World","Mind Blast+1","Chrysalis"],"potions":["Ancient Potion","Regen Potion","Dexterity Potion"]},{"floor":48,"relics":["Singing Bowl","Akabeko"],"cards":["Cold Snap+1","Streamline+1","Genetic Algorithm","Leap","Heatsinks","Good Instincts","Sadistic Nature"],"potions":["SkillPotion","SneckoOil","FairyPotion"]},{"floor":54,"relics":["Toy Ornithopter","Centennial Puzzle","Cauldron"],"cards":["Rebound+1","All For One+1","Recycle","Steam","Storm","Flash of Steel+1","Mayhem"],"potions":["LiquidMemories","SneckoOil"]}],"circlet_count":0,"master_deck":["AscendersBane","Defend_B","Defend_B","Zap","Dualcast","Consume","Undo","Sweeping Beam","Sunder+1","Genetic Algorithm","BootSequence","Glacier","Rainbow+1","Go for the Eyes+1","Doom and Gloom","Cold Snap","Electrodynamics+1","Self Repair","Compile Driver","Recycle","Echo Form","Biased Cognition+1","Echo Form+1","Recycle","Compile Driver","Capacitor+1","Chaos+1"],"potion_use_per_floor":[[],[],[],[],[],["Weak Potion"],[],[],[],[],["Regen Potion"],[],[],[],[],["PowerPotion"],[],[],[],[],[],[],[],[],[],[],[],[],[],[],[],[],["Block Potion"],[],["Fire Potion"],[],[],["SpeedPotion"],[],[],[],[],[],[],["GamblersBrew"],[],[],[],[],["AttackPotion"],[],[],[],[],["ColorlessPotion"],["Strength Potion"]],"relics":["Cracked Core","Kunai","Pear","Orichalcum","Matryoshka","Peace Pipe","Golden Idol","Happy Flower","Snecko Eye","PreservedInsect","MealTicket","Bird Faced Urn","InkBottle","Lizard Tail","Philosopher\u0027s Stone","StrikeDummy","Juzu Bracelet","Blue Candle","Molten Egg 2","ClockworkSouvenir","Toolbox","Ginger"],"potions_floor_usage":[6,11,16,33,35,38,45,50,55,56],"damage_taken":[{"damage":5,"enemies":"Small Slimes","floor":1,"turns":4},{"damage":0,"enemies":"Jaw Worm","floor":2,"turns":3},{"damage":1,"enemies":"Cultist","floor":3,"turns":4},{"damage":21,"enemies":"Lagavulin","floor":6,"turns":7},{"damage":1,"enemies":"Red Slaver","floor":8,"turns":3},{"damage":13,"enemies":"3 Sentries","floor":11,"turns":13},{"damage":1,"enemies":"Blue Slaver","floor":13,"turns":4},{"damage":12,"enemies":"Lagavulin","floor":14,"turns":6},{"damage":10,"enemies":"Hexaghost","floor":16,"turns":9},{"damage":5,"enemies":"Shell Parasite","floor":18,"turns":4},{"damage":2,"enemies":"3 Byrds","floor":19,"turns":3},{"damage":4,"enemies":"Sentry and Sphere","floor":22,"turns":6},{"damage":17,"enemies":"Book of Stabbing","floor":28,"turns":5},{"damage":0,"enemies":"Snecko","floor":29,"turns":5},{"damage":4,"enemies":"Slavers","floor":30,"turns":5},{"damage":0,"enemies":"Cultist and Chosen","floor":31,"turns":7},{"damage":22,"enemies":"Collector","floor":33,"turns":12},{"damage":16,"enemies":"3 Shapes","floor":35,"turns":3},{"damage":2,"enemies":"Orb Walker","floor":36,"turns":4},{"damage":4,"enemies":"Sphere and 2 Shapes","floor":38,"turns":7},{"damage":6,"enemies":"Spire Growth","floor":39,"turns":4},{"damage":0,"enemies":"Reptomancer","floor":41,"turns":4},{"damage":5,"enemies":"Giant Head","floor":44,"turns":5},{"damage":17,"enemies":"Transient","floor":45,"turns":6},{"damage":27,"enemies":"Nemesis","floor":46,"turns":7},{"damage":61,"enemies":"Awakened One","floor":50,"turns":9},{"damage":58,"enemies":"Time Eater","floor":51,"turns":13},{"damage":9,"enemies":"Shield and Spear","floor":55,"turns":4},{"damage":79,"enemies":"The Heart","floor":56,"turns":8}],"green_key_taken_log":46,"seed_played":"8786998656623204442","neow_bonus_log":{"cardsObtained":["Consume","Undo"],"cardsUpgraded":[],"cardsRemoved":[],"cardsTransformed":["Strike_B","Defend_B"],"relicsObtained":[],"maxHpGained":0,"goldGained":0,"damageTaken":0,"goldLost":0,"maxHpLost":7},"potions_obtained":[{"floor":1,"key":"Weak Potion"},{"floor":8,"key":"Regen Potion"},{"floor":11,"key":"Fire Potion"},{"floor":14,"key":"PowerPotion"},{"floor":19,"key":"Dexterity Potion"},{"floor":28,"key":"Block Potion"},{"floor":33,"key":"Strength Potion"},{"floor":36,"key":"SpeedPotion"},{"floor":38,"key":"SmokeBomb"},{"floor":39,"key":"GamblersBrew"},{"floor":46,"key":"AttackPotion"}],"is_trial":false,"path_per_floor":["M","M","M","?","T","E","R","M","T","$","E","?","M","E","R","B",null,"M","M","$","?","M","R","?","?","T","R","E","M","E","M","R","B",null,"M","M","?","M","M","R","E","R","T","E","M","E","$","$","R","B","B",null,"R","$","E","B"],"character_chosen":"DEFECT","basemod:card_modifiers":[null,null,null,null,null,null,null,null,null,null,null,null,null,null,null,null,null,null,null,null,null,null,null,null,null,null,null],"items_purchased":["Rainbow","Fire Potion","Self Repair","Compile Driver","ClockworkSouvenir","Toolbox","ColorlessPotion"],"campfire_rested":1,"item_purchase_floors":[10,10,20,20,47,48,54],"current_hp_per_floor":[59,59,58,40,50,29,51,50,50,50,52,52,51,39,39,29,58,53,51,51,51,54,54,54,54,54,54,48,59,67,67,67,53,64,52,67,67,67,61,61,67,67,67,67,59,62,67,67,67,30,47,62,62,67,62,0],"gold":45,"neow_bonus":"TRANSFORM_TWO_CARDS","is_prod":false,"is_daily":false,"rewards_skipped":[{"floor":13,"relics":[],"potions":["GamblersBrew"]}],"chose_seed":false,"campfire_upgraded":7,"win_rate":0,"floor_exit_playtime":[84,124,170,177,184,253,255,286,289,311,456,460,503,567,616,721,752,809,878,895,899,980,990,995,1004,1008,1029,1116,1176,1275,1384,1393,1664,1696,1757,1824,1842,1954,2017,2024,2088,2119,2123,2238,2375,2516,2527,2540,2543,2808,3088,3108,3119,3129,3251],"timestamp":1718125857,"blue_key_relic_skipped_log":{"floor":43,"relicID":"CeramicFish"},"path_taken":["M","M","M","?","?","E","R","?","T","?","E","?","M","E","R","BOSS","M","M","$","?","M","R","?","?","T","R","E","M","E","?","R","BOSS","M","M","?","M","M","R","E","R","T","E","M","E","?","$","R","BOSS","BOSS","R","$","E","BOSS"],"build_version":"2022-12-18","purchased_purges":2,"victory":false,"max_hp_per_floor":[64,64,64,64,74,74,74,74,74,74,74,67,67,67,67,67,67,67,67,67,67,67,67,67,67,67,67,67,67,67,67,67,67,67,67,67,67,67,67,67,67,67,67,67,67,67,67,67,67,67,67,67,67,67,67,67],"relic_stats":{"Happy Flower":[43],"counters":[29,174],"Golden Idol":174,"Blue Candle":[0],"PreservedInsect":400,"Juzu Bracelet":0,"Ginger":[2],"Orichalcum":[150],"Peace Pipe":0,"Lizard Tail":33,"Matryoshka":2,"Bird Faced Urn":[98],"Snecko Eye":[233,240,233,225,-142],"MealTicket":10,"Kunai":[37],"obtain_stats":[{"Pear":5,"Happy Flower":14,"Golden Idol":12,"Blue Candle":44,"PreservedInsect":25,"Juzu Bracelet":43,"Ginger":55,"Orichalcum":6,"ClockworkSouvenir":47,"Peace Pipe":11,"Lizard Tail":30,"Matryoshka":9,"Bird Faced Urn":26,"Snecko Eye":17,"Toolbox":48,"MealTicket":26,"Philosopher\u0027s Stone":34,"Molten Egg 2":46,"Kunai":4,"Cracked Core":0,"StrikeDummy":41,"InkBottle":28},{"Pear":3,"Happy Flower":8,"Golden Idol":6,"Blue Candle":23,"PreservedInsect":12,"Juzu Bracelet":22,"Ginger":28,"Orichalcum":4,"ClockworkSouvenir":25,"Peace Pipe":6,"Lizard Tail":15,"Matryoshka":5,"Bird Faced Urn":12,"Snecko Eye":9,"Toolbox":25,"MealTicket":12,"Philosopher\u0027s Stone":17,"Molten Egg 2":25,"Kunai":3,"Cracked Core":0,"StrikeDummy":22,"InkBottle":13},{"Pear":11,"Happy Flower":44,"Golden Idol":34,"Blue Candle":127,"PreservedInsect":66,"Juzu Bracelet":122,"Ginger":166,"Orichalcum":18,"ClockworkSouvenir":140,"Peace Pipe":34,"Lizard Tail":81,"Matryoshka":21,"Bird Faced Urn":66,"Snecko Eye":53,"Toolbox":140,"MealTicket":66,"Philosopher\u0027s Stone":100,"Molten Egg 2":140,"Kunai":11,"Cracked Core":0,"StrikeDummy":122,"InkBottle":71}],"InkBottle":[52]},"card_choices":[{"not_picked":["Fusion","Leap"],"picked":"Sweeping Beam","floor":1},{"not_picked":["Gash","Conserve Battery"],"picked":"Sunder","floor":2},{"not_picked":["Conserve Battery","Heatsinks"],"picked":"Genetic Algorithm","floor":3},{"not_picked":["Reprogram","Steam Power"],"picked":"BootSequence","floor":6},{"not_picked":["Sweeping Beam","Static Discharge"],"picked":"Glacier","floor":8},{"not_picked":["Genetic Algorithm","Redo"],"picked":"Go for the Eyes","floor":11},{"not_picked":["Heatsinks","Stack"],"picked":"Doom and Gloom","floor":13},{"not_picked":["Sweeping Beam","Rainbow"],"picked":"Cold Snap","floor":14},{"not_picked":["All For One","Reboot"],"picked":"Electrodynamics","floor":16},{"not_picked":["Chaos","Cold Snap","Barrage"],"picked":"SKIP","floor":18},{"not_picked":["Lockon","Heatsinks+1","Turbo"],"picked":"SKIP","floor":19},{"not_picked":["Ball Lightning","Aggregate","Leap"],"picked":"SKIP","floor":22},{"not_picked":["Darkness","Compile Driver"],"picked":"Recycle","floor":28},{"not_picked":["Steam","Compile Driver"],"picked":"Echo Form","floor":29},{"not_picked":["Steam","Gash","Stack"],"picked":"SKIP","floor":30},{"not_picked":["Streamline","Leap","Barrage"],"picked":"SKIP","floor":31},{"not_picked":["Machine Learning","Electrodynamics"],"picked":"Biased Cognition","floor":33},{"not_picked":["Blizzard","Steam+1","Steam Power"],"picked":"SKIP","floor":35},{"not_picked":["Conserve Battery","FTL","Streamline+1"],"picked":"SKIP","floor":36},{"not_picked":["Melter","BootSequence+1"],"picked":"Compile Driver","floor":38},{"not_picked":["Genetic Algorithm","Beam Cell"],"picked":"Capacitor","floor":39},{"not_picked":["Steam Power","Fusion","Stack"],"picked":"SKIP","floor":41},{"not_picked":["White Noise","Leap","Hologram"],"picked":"SKIP","floor":44},{"not_picked":["Conserve Battery","Tempest","Rip and Tear"],"picked":"SKIP","floor":45},{"not_picked":["Melter+1","Auto Shields","Redo"],"picked":"SKIP","floor":46},{"not_picked":["Sunder+1","Self Repair"],"picked":"Chaos+1","floor":55}],"player_experience":2449814,"relics_obtained":[{"floor":5,"key":"Pear"},{"floor":6,"key":"Orichalcum"},{"floor":9,"key":"Matryoshka"},{"floor":11,"key":"Peace Pipe"},{"floor":14,"key":"Happy Flower"},{"floor":26,"key":"MealTicket"},{"floor":26,"key":"Bird Faced Urn"},{"floor":28,"key":"InkBottle"},{"floor":30,"key":"Lizard Tail"},{"floor":41,"key":"StrikeDummy"},{"floor":43,"key":"Juzu Bracelet"},{"floor":44,"key":"Blue Candle"},{"floor":46,"key":"Molten Egg 2"},{"floor":55,"key":"Ginger"}],"event_choices":[{"damage_healed":0,"gold_gain":0,"player_choice":"Success","damage_taken":18,"relics_obtained":["Kunai"],"max_hp_gain":0,"max_hp_loss":0,"event_name":"Scrap Ooze","floor":4,"gold_loss":0},{"damage_healed":0,"gold_gain":0,"player_choice":"Lose Max HP","damage_taken":0,"relics_obtained":["Golden Idol"],"max_hp_gain":0,"max_hp_loss":7,"event_name":"Golden Idol","floor":12,"gold_loss":0},{"damage_healed":0,"gold_gain":0,"player_choice":"Ignored","damage_taken":0,"max_hp_gain":0,"max_hp_loss":0,"event_name":"Ghosts","floor":21,"gold_loss":0},{"damage_healed":0,"gold_gain":0,"player_choice":"Ignored","damage_taken":0,"max_hp_gain":0,"max_hp_loss":0,"event_name":"The Mausoleum","floor":24,"gold_loss":0},{"damage_healed":0,"gold_gain":0,"player_choice":"Paid Gold","damage_taken":0,"relics_obtained":["PreservedInsect"],"max_hp_gain":0,"max_hp_loss":0,"event_name":"WeMeetAgain","floor":25,"gold_loss":59},{"damage_healed":0,"gold_gain":0,"cards_transformed":["Strike_B","Defend_B"],"player_choice":"Transformed Cards","damage_taken":0,"max_hp_gain":0,"max_hp_loss":0,"event_name":"Designer","floor":37,"gold_loss":75,"cards_obtained":["Echo Form","Recycle"]}],"is_beta":false,"boss_relics":[{"not_picked":["Runic Dome","Ectoplasm"],"picked":"Snecko Eye"},{"not_picked":["SacredBark","Tiny House"],"picked":"Philosopher\u0027s Stone"}],"items_purged_floors":[10,20],"is_endless":false,"potions_floor_spawned":[1,8,11,13,14,19,28,33,36,38,39,46],"killed_by":"The Heart","ascension_level":20,"potion_discard_per_floor":[[],[],[],[],[],[],[],[],[],[],[],[],[],["Fire Potion"],[],[],[],[],[],[],[],[],[],[],[],[],[],["Dexterity Potion"],[],[],[],[],[],[],[],[],[],[],["SmokeBomb"],[],[],[],[],[],[],[],[],[],[],[],[],[],[],[],[],[]]}