{"neow_bonuses_skipped_log":["UPGRADE_CARD","TRANSFORM_TWO_CARDS","BOSS_RELIC"],"potions_obtained_entropic_brew":[[],[],[],[],[],[],[],[],[],[],[],[],[],[],[],[],[],[],[],[],[],[],[],[],[],[],[],[],[],[],[],[],[],[],[],[],[],[],[],[],[],[],[],[],[],[],[],[],[],[],[]],"neow_costs_skipped_log":["NONE","TEN_PERCENT_HP_LOSS","NONE"],"gold_per_floor":[215,225,74,86,100,100,134,134,161,188,188,188,206,238,238,315,315,332,332,332,382,15,49,49,81,153,169,38,49,49,49,49,49,99,109,122,122,72,91,91,119,168,191,202,69,69,69,87,87,87,87],"floor_reached":51,"playtime":2826,"items_purged":["Hyperbeam","Lockon"],"score":1637,"play_id":"414bfaa0-8336-45bb-9e90-07eec8995ee2","local_time":"20240617184157","score_breakdown":["Floors Climbed (51): 255","Enemies Slain (13): 26","Exordium Elites Killed (3): 30","City Elites Killed (2): 40","Beyond Elites Killed (1): 30","Bosses Slain (3): 300","Collector (1): 25","Champion (3): 75","Perfect (1): 50","Ascension (20): 806"],"is_ascension_mode":true,"potions_obtained_alchemize":[[],[],[],[],[],[],[],[],[],[],[],[],[],[],[],[],[],[],[],[],[],[],[],[],[],[],[],[],[],[],[],[],[],[],[],[],[],[],[],[],[],[],[],[],[],[],[],[],[],[],[]],"campfire_choices":[{"data":"Electrodynamics","floor":6.0,"key":"SMITH"},{"floor":8.0,"key":"REST"},{"data":"Biased Cognition","floor":11.0,"key":"SMITH"},{"floor":15.0,"key":"REST"},{"data":"Seek","floor":24.0,"key":"SMITH"},{"data":"Ghostly","floor":32.0,"key":"SMITH"},{"data":"Coolheaded","floor":40,"key":"SMITH"},{"data":"Blizzard","floor":47,"key":"SMITH"},{"floor":49,"key":"RECALL"}],"lesson_learned_per_floor":[[],[],[],[],[],[],[],[],[],[],[],[],[],[],[],[],[],[],[],[],[],[],[],[],[],[],[],[],[],[],[],[],[],[],[],[],[],[],[],[],[],[],[],[],[],[],[],[],[],[],[]],"neow_cost":"NONE","improvable_cards":{},"seed_source_timestamp":479371421684200,"shop_contents":[{"floor":3,"relics":["Regal Pillow","Ancient Tea Set","Orrery"],"cards":["Rip and Tear","Compile Driver","Redo","BootSequence","Flash of Steel","Secret Weapon"],"potions":["FearPotion","Strength Potion","Fire Potion"]},{"floor":22,"relics":["Bag of Marbles"],"cards":["Rip and Tear","Cold Snap","Hologram","Enlightenment","The Bomb"],"potions":["Dexterity Potion","SpeedPotion","CultistPotion"]},{"floor":28,"relics":["Bottled Tornado","Pantograph"],"cards":["Beam Cell","Scrape","Leap","Force Field","Blind","Thinking Ahead"],"potions":["PotionOfCapacity","Dexterity Potion","SkillPotion"]},{"floor":45,"relics":["Shovel","Emotion Chip"],"cards":["Melter","Doom and Gloom","Redo","Stack","Buffer","Forethought","The Bomb"],"potions":["Energy Potion","Energy Potion","FocusPotion"]}],"circlet_count":0,"master_deck":["AscendersBane","Zap+1","Dualcast","Glacier","Electrodynamics+1","Capacitor","Glacier","Ball Lightning","Biased Cognition+1","Turbo","Conserve Battery","Seek+1","Doom and Gloom","Leap","BootSequence","Rainbow","Machine Learning","Go for the Eyes","Undo+1","Skim","White Noise","Heatsinks","Coolheaded+1","Defragment+1","Ghostly+1","Ghostly","Ghostly+1","Capacitor","Compile Driver+1","Blizzard+1","Compile Driver+1","Ghostly+1"],"special_seed":0,"potion_use_per_floor":[[],[],[],[],[],[],["SkillPotion","EssenceOfSteel"],[],[],[],[],[],[],["LiquidMemories"],[],[],[],[],[],[],[],[],[],[],[],[],[],[],[],[],[],[],["PowerPotion"],[],[],[],[],[],["SkillPotion"],[],[],[],[],["Energy Potion"],[],[],[],[],[],["Swift Potion"],[]],"relics":["Cracked Core","PreservedInsect","Strawberry","Shuriken","Pandora\u0027s Box","Membership Card","Art of War","Juzu Bracelet","DataDisk","Eternal Feather","Toolbox","Nloth\u0027s Gift","Tiny House","Lantern","Pocketwatch","DollysMirror","War Paint"],"potions_floor_usage":[39,44,50],"damage_taken":[{"damage":2.0,"enemies":"Jaw Worm","floor":1.0,"turns":3.0},{"damage":0.0,"enemies":"2 Louse","floor":2.0,"turns":2.0},{"damage":3.0,"enemies":"Small Slimes","floor":4.0,"turns":3.0},{"damage":1.0,"enemies":"2 Fungi Beasts","floor":5.0,"turns":2.0},{"damage":50.0,"enemies":"Gremlin Nob","floor":7.0,"turns":5.0},{"damage":11.0,"enemies":"Lagavulin","floor":10.0,"turns":6.0},{"damage":0.0,"enemies":"Lots of Slimes","floor":13.0,"turns":1.0},{"damage":15.0,"enemies":"3 Sentries","floor":14.0,"turns":3.0},{"damage":23.0,"enemies":"The Guardian","floor":16.0,"turns":10.0},{"damage":12.0,"enemies":"Spheric Guardian","floor":18.0,"turns":4.0},{"damage":0.0,"enemies":"Slavers","floor":23.0,"turns":2.0},{"damage":0.0,"enemies":"Book of Stabbing","floor":25.0,"turns":4.0},{"damage":0.0,"enemies":"2 Thieves","floor":27.0,"turns":3.0},{"damage":0.0,"enemies":"Centurion and Healer","floor":29.0,"turns":5.0},{"damage":0.0,"enemies":"Collector","floor":33.0,"turns":8.0},{"damage":0,"enemies":"3 Darklings","floor":35,"turns":3},{"damage":0,"enemies":"Orb Walker","floor":36,"turns":4},{"damage":0,"enemies":"Jaw Worm Horde","floor":39,"turns":3},{"damage":0,"enemies":"Nemesis","floor":41,"turns":7},{"damage":2,"enemies":"2 Orb Walkers","floor":42,"turns":4},{"damage":0,"enemies":"Transient","floor":44,"turns":6},{"damage":0,"enemies":"Writhing Mass","floor":48,"turns":6},{"damage":35,"enemies":"Awakened One","floor":50,"turns":23},{"damage":12,"enemies":"Time Eater","floor":51,"turns":2}],"green_key_taken_log":14,"seed_played":"-7519433104113476761","neow_bonus_log":{"cardsObtained":[],"cardsUpgraded":[],"cardsRemoved":[],"cardsTransformed":[],"relicsObtained":[],"maxHpGained":0,"goldGained":100,"damageTaken":0,"goldLost":0,"maxHpLost":0},"potions_obtained":[{"floor":1.0,"key":"SkillPotion"},{"floor":4.0,"key":"EssenceOfSteel"},{"floor":7.0,"key":"Dexterity Potion"},{"floor":10.0,"key":"LiquidMemories"},{"floor":16.0,"key":"Energy Potion"},{"floor":23.0,"key":"PowerPotion"},{"floor":34,"key":"SkillPotion"},{"floor":39,"key":"CultistPotion"},{"floor":44,"key":"Swift Potion"}],"is_trial":false,"path_per_floor":["M","M","$","M","M","R","E","R","T","E","R","?","M","E","R","B",null,"M","?","?","?","$","E","R","E","T","M","$","M","?","?","R","B",null,"M","M","?","?","M","R","E","?","T","M","$","?","R","M","R","B","B"],"character_chosen":"DEFECT","basemod:card_modifiers":[null,null,null,null,null,null,null,null,null,null,null,null,null,null,null,null,null,null,null,null,null,null,null,null,null,null,null,null,null,null,null,null],"items_purchased":["Electrodynamics","Membership Card","White Noise","Heatsinks","Art of War","Defragment","Toolbox","DollysMirror"],"campfire_rested":2,"item_purchase_floors":[3,22,22,22,22,28,28,45],"current_hp_per_floor":[62,62,62,59,58,58,8,29,36,25,25,25,25,10,33,10,61,49,49,49,42,42,42,42,42,42,42,42,42,39,39,39,39,44,44,44,42,42,42,42,42,40,40,40,40,40,42,42,42,7,0],"gold":87,"neow_bonus":"HUNDRED_GOLD","is_prod":false,"is_daily":false,"rewards_skipped":[{"floor":5,"relics":[],"potions":["Ancient Potion"]},{"floor":35,"relics":[],"potions":["SteroidPotion"]}],"chose_seed":false,"campfire_upgraded":6,"win_rate":0,"floor_exit_playtime":[63,97,139,170,208,218,324,327,329,386,395,401,424,496,498,637,664,737,748,789,792,843,876,882,964,967,1028,1045,1137,1150,1156,1164,1322,1367,1422,1500,1505,1514,1579,1617,1769,1862,1872,2032,2106,2113,2127,2232,2234,2766],"timestamp":1718664117,"blue_key_relic_skipped_log":{"floor":43,"relicID":"Whetstone"},"path_taken":["M","M","$","M","M","R","E","R","T","E","R","?","M","E","R","BOSS","M","?","?","?","$","E","R","E","T","M","$","M","?","?","R","BOSS","M","M","?","?","M","R","E","?","T","M","$","?","R","M","R","BOSS","BOSS"],"build_version":"2022-12-18","purchased_purges":2,"victory":false,"max_hp_per_floor":[71,71,71,71,71,71,71,71,78,78,78,78,78,78,78,78,78,78,78,78,78,78,78,78,78,78,78,78,78,39,39,39,39,44,44,44,42,42,42,42,42,42,42,42,42,42,42,42,42,42,42],"relic_stats":{"counters":[24,119],"Shuriken":[6],"Pandora\u0027s Box":["Doom and Gloom","Leap","Hyperbeam","BootSequence","Lockon","Rainbow","Machine Learning","Go for the Eyes"],"Eternal Feather":2,"PreservedInsect":204,"Art of War":[31],"Juzu Bracelet":2,"Nloth\u0027s Gift":0,"Membership Card":452,"War Paint":["Zap","Undo"],"obtain_stats":[{"Lantern":41,"Tiny House":34,"Eternal Feather":26,"PreservedInsect":7,"Pen Nib":10,"Juzu Bracelet":23,"War Paint":46,"DataDisk":25,"Shuriken":14,"DollysMirror":45,"Strawberry":9,"Toolbox":28,"Pandora\u0027s Box":17,"Art of War":22,"Nloth\u0027s Gift":31,"Membership Card":22,"Cracked Core":0,"Pocketwatch":42},{"Lantern":19,"Tiny House":15,"Eternal Feather":12,"PreservedInsect":5,"Pen Nib":6,"Juzu Bracelet":11,"War Paint":21,"DataDisk":12,"Shuriken":8,"DollysMirror":21,"Strawberry":5,"Toolbox":13,"Pandora\u0027s Box":9,"Art of War":10,"Nloth\u0027s Gift":14,"Membership Card":10,"Cracked Core":0,"Pocketwatch":20},{"Lantern":78,"Tiny House":61,"Eternal Feather":45,"PreservedInsect":15,"Pen Nib":21,"Juzu Bracelet":41,"War Paint":88,"DataDisk":45,"Shuriken":25,"DollysMirror":88,"Strawberry":15,"Toolbox":48,"Pandora\u0027s Box":35,"Art of War":39,"Nloth\u0027s Gift":53,"Membership Card":39,"Cracked Core":0,"Pocketwatch":82}],"Pocketwatch":[27]},"card_choices":[{"not_picked":["Capacitor","Darkness"],"picked":"Glacier","floor":1.0},{"not_picked":["Auto Shields","Fusion","Hologram"],"picked":"SKIP","floor":2.0},{"not_picked":["Force Field","Steam"],"picked":"Capacitor","floor":4.0},{"not_picked":["Hello World","Beam Cell"],"picked":"Glacier","floor":5.0},{"not_picked":["Reinforced Body","Aggregate"],"picked":"Ball Lightning","floor":7.0},{"not_picked":["Hello World","Cold Snap"],"picked":"Biased Cognition","floor":10.0},{"not_picked":["Leap","Compile Driver"],"picked":"Turbo","floor":13.0},{"not_picked":["Doom and Gloom","Undo"],"picked":"Conserve Battery","floor":14.0},{"not_picked":["Rainbow","Fission"],"picked":"Seek","floor":16.0},{"not_picked":["Gash","Cold Snap"],"picked":"Undo","floor":18.0},{"not_picked":["Force Field","Redo","Lockon","Barrage","Fusion","Chill","Stack","Turbo","Tempest","Go for the Eyes","Beam Cell","Coolheaded","Reinforced Body","Melter","Hello World","Steam","FTL","Genetic Algorithm","Scrape"],"picked":"Skim","floor":20.0},{"not_picked":["Storm","Reprogram+1","Melter"],"picked":"SKIP","floor":23.0},{"not_picked":["Static Discharge","Rip and Tear","Go for the Eyes"],"picked":"SKIP","floor":25.0},{"not_picked":["Ball Lightning","Redo"],"picked":"Coolheaded","floor":27.0},{"not_picked":["Consume","Rebound","Stack"],"picked":"SKIP","floor":29.0},{"not_picked":["Multi-Cast","Buffer","Amplify"],"picked":"SKIP","floor":33.0},{"not_picked":["Rebound","Steam"],"picked":"Capacitor","floor":34},{"not_picked":["Steam+1","Loop+1"],"picked":"Compile Driver+1","floor":35},{"not_picked":["Blizzard","Auto Shields","White Noise"],"picked":"SKIP","floor":36},{"not_picked":["Auto Shields","White Noise"],"picked":"Blizzard","floor":36},{"not_picked":["Glacier+1","Double Energy"],"picked":"Compile Driver+1","floor":39},{"not_picked":["Redo","Auto Shields","Genetic Algorithm"],"picked":"SKIP","floor":41},{"not_picked":["Storm","Compile Driver","Heatsinks+1"],"picked":"SKIP","floor":42},{"not_picked":["Streamline","Gash","Reprogram+1"],"picked":"SKIP","floor":44},{"not_picked":["Storm","Beam Cell","Reprogram"],"picked":"SKIP","floor":48}],"player_experience":2528006,"relics_obtained":[{"floor":7.0,"key":"PreservedInsect"},{"floor":9.0,"key":"Strawberry"},{"floor":10.0,"key":"Pen Nib"},{"floor":14.0,"key":"Shuriken"},{"floor":23.0,"key":"Juzu Bracelet"},{"floor":25.0,"key":"DataDisk"},{"floor":26.0,"key":"Eternal Feather"},{"floor":41,"key":"Lantern"},{"floor":42,"key":"Pocketwatch"}],"event_choices":[{"damage_healed":0.0,"max_hp_gain":0.0,"max_hp_loss":0.0,"gold_gain":0.0,"event_name":"Dead Adventurer","player_choice":"Searched \u00270\u0027 times","floor":12.0,"gold_loss":0.0,"damage_taken":0.0},{"damage_healed":0.0,"max_hp_gain":0.0,"max_hp_loss":0.0,"gold_gain":0.0,"event_name":"Vampires","player_choice":"Ignored","floor":19.0,"gold_loss":0.0,"damage_taken":0.0},{"damage_healed":0.0,"max_hp_gain":0.0,"max_hp_loss":0.0,"gold_gain":0.0,"event_name":"The Library","player_choice":"Read","floor":20.0,"gold_loss":0.0,"damage_taken":0.0,"cards_obtained":["Skim"]},{"damage_healed":0.0,"max_hp_gain":0.0,"max_hp_loss":0.0,"gold_gain":50.0,"event_name":"FaceTrader","player_choice":"Touch","floor":21.0,"gold_loss":0.0,"damage_taken":7.0},{"damage_healed":0.0,"max_hp_gain":0.0,"max_hp_loss":39.0,"gold_gain":0.0,"event_name":"Ghosts","player_choice":"Became a Ghost","floor":30.0,"gold_loss":0.0,"damage_taken":0.0,"cards_obtained":["Ghostly","Ghostly","Ghostly"]},{"damage_healed":0.0,"max_hp_gain":0.0,"max_hp_loss":0.0,"gold_gain":0.0,"event_name":"N\u0027loth","player_choice":"Traded Relic","floor":31.0,"relics_lost":["Pen Nib"],"gold_loss":0.0,"damage_taken":0.0,"relics_obtained":["Nloth\u0027s Gift"]},{"damage_healed":0,"gold_gain":0,"player_choice":"Max HP","damage_taken":0,"max_hp_gain":0,"max_hp_loss":2,"event_name":"Winding Halls","floor":37,"gold_loss":0},{"damage_healed":0,"gold_gain":0,"player_choice":"Upgrade","damage_taken":0,"max_hp_gain":0,"max_hp_loss":0,"event_name":"Designer","floor":38,"gold_loss":50,"cards_upgraded":["Ghostly"]},{"damage_healed":0,"gold_gain":0,"player_choice":"Fight","damage_taken":0,"max_hp_gain":0,"max_hp_loss":0,"event_name":"Mysterious Sphere","floor":42,"gold_loss":0},{"damage_healed":0,"gold_gain":0,"player_choice":"Gave Potion","damage_taken":0,"relics_obtained":["War Paint"],"max_hp_gain":0,"max_hp_loss":0,"event_name":"WeMeetAgain","floor":46,"gold_loss":0}],"is_beta":false,"boss_relics":[{"not_picked":["Busted Crown","FrozenCore"],"picked":"Pandora\u0027s Box"},{"not_picked":["Fusion Hammer","Snecko Eye"],"picked":"Tiny House"}],"items_purged_floors":[22,45],"is_endless":false,"potions_floor_spawned":[1,4,5,7,10,16,23,35,39,44],"killed_by":"Time Eater","ascension_level":20,"potion_discard_per_floor":[[],[],[],[],[],[],[],[],[],[],[],[],[],[],[],[],[],[],[],[],[],[],["Dexterity Potion"],[],[],[],[],[],[],[],[],[],[],[],[],[],[],[],[],[],[],[],[],[],[],[],[],[],[],[],[]]}