{"neow_bonuses_skipped_log":["RANDOM_COLORLESS","THREE_SMALL_POTIONS","BOSS_RELIC"],"neow_costs_skipped_log":["NONE","NONE","NONE"],"potions_obtained_entropic_brew":[[],[],[],[],[],[],[],[],[],[],[],[],[],[],[],[],[],[],[],[],[],[],[],[],[],[],[],[],[],[],[],[],[],[],[],[],[],[],[],[],[],[],[],[],[],[],[],[],[],[],[],[],[],[],[],[]],"gold_per_floor":[111,128,148,161,161,161,192,209,258,289,305,340,358,369,369,440,440,459,459,472,472,472,472,497,497,522,548,216,228,228,259,259,331,331,351,89,104,104,122,132,157,192,240,240,256,276,276,303,303,303,303,303,303,18,51,51],"floor_reached":56,"playtime":5434,"items_purged":["Bite","Defend_B","Dualcast"],"score":2153,"play_id":"fe149848-408a-4376-a9a6-5846257214b1","local_time":"20240612202811","score_breakdown":["Floors Climbed (56): 280","Enemies Slain (17): 34","Exordium Elites Killed (3): 30","City Elites Killed (3): 60","Beyond Elites Killed (2): 60","Bosses Slain (4): 500","Librarian: 25","Champion (2): 50","Perfect (1): 50","Ascension (20): 1064"],"is_ascension_mode":true,"potions_obtained_alchemize":[[],[],[],[],[],[],[],[],[],[],[],[],[],[],[],[],[],[],[],[],[],[],[],[],[],[],[],[],[],[],[],[],[],[],[],[],[],[],[],[],[],[],[],[],[],[],[],[],[],[],[],[],[],[],[],[]],"campfire_choices":[{"data":"Cold Snap","floor":6,"key":"SMITH"},{"data":"Electrodynamics","floor":15,"key":"SMITH"},{"data":"Seek","floor":23,"key":"SMITH"},{"data":"Chill","floor":25,"key":"SMITH"},{"data":"Defragment","floor":30,"key":"SMITH"},{"data":"Reboot","floor":32,"key":"SMITH"},{"data":"Turbo","floor":44,"key":"SMITH"},{"data":"Double Energy","floor":47,"key":"SMITH"},{"floor":49,"key":"RECALL"},{"data":"Echo Form","floor":53,"key":"SMITH"}],"lesson_learned_per_floor":[[],[],[],[],[],[],[],[],[],[],[],[],[],[],[],[],[],[],[],[],[],[],[],[],[],[],[],[],[],[],[],[],[],[],[],[],[],[],[],[],[],[],[],[],[],[],[],[],[],[],[],[],[],[],[],[]],"neow_cost":"TEN_PERCENT_HP_LOSS","improvable_cards":{},"seed_source_timestamp":51172653846800,"shop_contents":[{"floor":28,"relics":["Vajra","Bronze Scales"],"cards":["Core Surge","Streamline","Turbo","Conserve Battery","Finesse","Mayhem"],"potions":["DistilledChaos","DuplicationPotion"]},{"floor":36,"relics":["CaptainsWheel","HandDrill"],"cards":["Barrage+1","Ball Lightning+1","Coolheaded","Hologram","Static Discharge","Dark Shackles","Sadistic Nature"],"potions":["FearPotion","Dexterity Potion","FearPotion"]},{"floor":54,"relics":["Bag of Marbles","Shuriken","PrismaticShard"],"cards":["Cold Snap+1","Sweeping Beam+1","Turbo","Deep Breath","HandOfGreed+1"],"potions":["Strength Potion","FearPotion","Dexterity Potion"]}],"circlet_count":0,"master_deck":["AscendersBane","Defend_B","Defend_B","Zap","Cold Snap+1","Chill+1","Echo Form","Ball Lightning","Chill","Electrodynamics+1","BootSequence","Machine Learning","Coolheaded","Turbo+1","Seek+1","Compile Driver","Reinforced Body","Bite","Bite","Bite","Reboot+1","Defragment+1","Echo Form+1","Compile Driver+1","Hologram+1","Dramatic Entrance+1","PanicButton","Discovery","Go for the Eyes+1","Fusion+1","Double Energy+1","Amplify","Recycle","Capacitor","Skim","Ball Lightning+1"],"potion_use_per_floor":[[],[],[],[],[],[],["FocusPotion"],["Explosive Potion"],[],["AttackPotion"],[],[],["GamblersBrew"],[],[],[],[],[],[],[],[],[],[],["DuplicationPotion"],[],[],["SkillPotion","SteroidPotion"],[],[],[],["Block Potion"],[],[],[],[],[],[],[],["LiquidMemories"],[],[],[],[],[],[],[],[],[],[],["GamblersBrew"],[],[],[],[],[],["LiquidBronze","Explosive Potion"]],"relics":["Cracked Core","Calipers","CultistMask","Bottled Tornado","Strawberry","Question Card","Omamori","Inserter","Centennial Puzzle","TungstenRod","Blood Vial","Juzu Bracelet","Toolbox","Molten Egg 2","Astrolabe","Bag of Preparation","Dead Branch","InkBottle","Oddly Smooth Stone","DataDisk"],"potions_floor_usage":[7,8,10,13,24,27,27,31,39,50,56,56],"damage_taken":[{"damage":0,"enemies":"Cultist","floor":1,"turns":3},{"damage":10,"enemies":"2 Louse","floor":2,"turns":3},{"damage":5,"enemies":"Jaw Worm","floor":3,"turns":3},{"damage":4,"enemies":"Looter","floor":4,"turns":4},{"damage":5,"enemies":"3 Sentries","floor":7,"turns":9},{"damage":1,"enemies":"Exordium Wildlife","floor":8,"turns":2},{"damage":8,"enemies":"Gremlin Nob","floor":10,"turns":3},{"damage":6,"enemies":"Blue Slaver","floor":11,"turns":3},{"damage":0,"enemies":"3 Sentries","floor":12,"turns":5},{"damage":0,"enemies":"2 Fungi Beasts","floor":13,"turns":2},{"damage":0,"enemies":"Gremlin Gang","floor":14,"turns":2},{"damage":24,"enemies":"Slime Boss","floor":16,"turns":7},{"damage":14,"enemies":"Chosen","floor":18,"turns":6},{"damage":0,"enemies":"3 Byrds","floor":20,"turns":2},{"damage":33,"enemies":"Slavers","floor":24,"turns":7},{"damage":4,"enemies":"Gremlin Leader","floor":27,"turns":6},{"damage":0,"enemies":"Centurion and Healer","floor":29,"turns":4},{"damage":18,"enemies":"Slavers","floor":31,"turns":3},{"damage":3,"enemies":"Collector","floor":33,"turns":13},{"damage":6,"enemies":"3 Darklings","floor":35,"turns":4},{"damage":12,"enemies":"Orb Walker","floor":37,"turns":5},{"damage":37,"enemies":"Sphere and 2 Shapes","floor":39,"turns":6},{"damage":0,"enemies":"Maw","floor":40,"turns":8},{"damage":0,"enemies":"Mind Bloom Boss Battle","floor":41,"turns":7},{"damage":0,"enemies":"Reptomancer","floor":42,"turns":5},{"damage":4,"enemies":"Transient","floor":45,"turns":6},{"damage":0,"enemies":"Sphere and 2 Shapes","floor":46,"turns":3},{"damage":2,"enemies":"Giant Head","floor":48,"turns":10},{"damage":51,"enemies":"Awakened One","floor":50,"turns":23},{"damage":0,"enemies":"Donu and Deca","floor":51,"turns":12},{"damage":35,"enemies":"Shield and Spear","floor":55,"turns":12},{"damage":79,"enemies":"The Heart","floor":56,"turns":3}],"green_key_taken_log":42,"seed_played":"-7441207455634330992","neow_bonus_log":{"cardsObtained":[],"cardsUpgraded":[],"cardsRemoved":[],"cardsTransformed":[],"relicsObtained":["Calipers"],"maxHpGained":0,"goldGained":0,"damageTaken":0,"goldLost":0,"maxHpLost":7},"potions_obtained":[{"floor":4,"key":"FocusPotion"},{"floor":7,"key":"Explosive Potion"},{"floor":8,"key":"AttackPotion"},{"floor":10,"key":"GamblersBrew"},{"floor":12,"key":"DuplicationPotion"},{"floor":16,"key":"Ancient Potion"},{"floor":20,"key":"SteroidPotion"},{"floor":24,"key":"SkillPotion"},{"floor":31,"key":"SmokeBomb"},{"floor":35,"key":"LiquidMemories"},{"floor":39,"key":"SpeedPotion"},{"floor":41,"key":"LiquidBronze"},{"floor":48,"key":"GamblersBrew"},{"floor":55,"key":"Explosive Potion"}],"is_trial":false,"path_per_floor":["M","M","M","M","?","R","E","M","T","E","M","E","M","M","R","B",null,"M","?","M","?","?","R","E","R","T","E","$","M","R","E","R","B",null,"M","$","M","?","M","M","?","E","T","R","M","M","R","E","R","B","B",null,"R","$","E","B"],"character_chosen":"DEFECT","basemod:card_modifiers":[null,null,null,null,null,null,null,null,null,null,null,null,null,null,null,null,null,null,null,null,null,null,null,null,null,null,null,null,null,null,null,null,null,null,null,null],"items_purchased":["Defragment","Toolbox","Block Potion","Bag of Preparation","Capacitor","Skim"],"campfire_rested":0,"item_purchase_floors":[28,28,28,36,54,54],"current_hp_per_floor":[64,54,49,45,45,45,40,39,46,38,32,32,32,32,32,8,55,41,41,41,41,41,41,22,22,22,46,46,49,49,31,31,48,49,45,45,45,36,11,31,37,43,43,43,49,49,49,49,49,36,49,49,49,49,40,0],"gold":51,"neow_bonus":"ONE_RARE_RELIC","is_prod":false,"is_daily":false,"rewards_skipped":[],"chose_seed":false,"campfire_upgraded":9,"win_rate":0,"floor_exit_playtime":[56,101,127,162,167,173,264,296,299,331,366,441,500,528,537,629,728,809,814,855,860,867,876,1003,1013,1016,1191,1237,1298,1311,1387,1401,1663,1712,1810,1827,1921,1944,2084,2235,2407,2871,2873,2890,3186,3260,3267,3537,3540,4467,4801,4812,4819,4848,5245],"timestamp":1718238491,"blue_key_relic_skipped_log":{"floor":43,"relicID":"Art of War"},"path_taken":["M","?","M","M","?","R","E","?","T","E","M","E","?","M","R","BOSS","M","?","M","?","?","R","E","R","T","E","$","M","R","E","R","BOSS","M","$","M","?","M","M","?","E","T","R","M","M","R","E","R","BOSS","BOSS","R","$","E","BOSS"],"build_version":"2022-12-18","purchased_purges":3,"victory":false,"max_hp_per_floor":[64,64,64,64,64,64,64,64,71,71,71,71,71,71,71,71,71,71,71,71,71,49,49,49,49,49,49,49,49,49,49,49,49,49,49,49,49,49,49,49,49,49,49,49,49,49,49,49,49,49,49,49,49,49,49,49],"relic_stats":{"Calipers":[1784],"Inserter":[66],"counters":[32,191],"Astrolabe":["Compile Driver","Hologram","Dramatic Entrance"],"Dead Branch":[128],"Omamori":1,"Juzu Bracelet":0,"Bag of Preparation":[24],"Bottled Tornado":"Echo Form","Question Card":25,"Blood Vial":22,"Centennial Puzzle":[36],"obtain_stats":[{"Calipers":0,"Inserter":17,"Astrolabe":34,"Dead Branch":41,"Oddly Smooth Stone":48,"Omamori":12,"Juzu Bracelet":27,"Bag of Preparation":36,"Bottled Tornado":7,"Question Card":10,"Blood Vial":26,"Centennial Puzzle":21,"DataDisk":55,"Strawberry":9,"Toolbox":28,"Molten Egg 2":31,"CultistMask":5,"Cracked Core":0,"TungstenRod":24,"InkBottle":42},{"Calipers":0,"Inserter":12,"Astrolabe":19,"Dead Branch":24,"Oddly Smooth Stone":28,"Omamori":9,"Juzu Bracelet":16,"Bag of Preparation":20,"Bottled Tornado":5,"Question Card":7,"Blood Vial":15,"Centennial Puzzle":14,"DataDisk":31,"Strawberry":6,"Toolbox":16,"Molten Egg 2":18,"CultistMask":4,"Cracked Core":0,"TungstenRod":15,"InkBottle":25},{"Calipers":0,"Inserter":46,"Astrolabe":87,"Dead Branch":117,"Oddly Smooth Stone":141,"Omamori":35,"Juzu Bracelet":67,"Bag of Preparation":91,"Bottled Tornado":22,"Question Card":27,"Blood Vial":61,"Centennial Puzzle":54,"DataDisk":188,"Strawberry":24,"Toolbox":67,"Molten Egg 2":74,"CultistMask":13,"Cracked Core":0,"TungstenRod":61,"InkBottle":122}],"TungstenRod":42,"InkBottle":[50]},"card_choices":[{"not_picked":["Beam Cell","Force Field"],"picked":"Cold Snap","floor":1},{"not_picked":["Turbo","Reinforced Body"],"picked":"Rebound","floor":2},{"not_picked":["Go for the Eyes","Stack"],"picked":"Chill","floor":3},{"not_picked":["Beam Cell","Heatsinks"],"picked":"Echo Form","floor":4},{"not_picked":["Rebound","Conserve Battery"],"picked":"Ball Lightning","floor":7},{"not_picked":["Leap","Redo"],"picked":"Chill","floor":8},{"not_picked":["FTL","Go for the Eyes"],"picked":"Electrodynamics","floor":10},{"not_picked":["Conserve Battery","Redo","Hologram"],"picked":"BootSequence","floor":11},{"not_picked":["Scrape","Static Discharge","Coolheaded"],"picked":"Machine Learning","floor":12},{"not_picked":["Leap","Heatsinks","Cold Snap"],"picked":"Coolheaded","floor":13},{"not_picked":["FTL","Coolheaded","Lockon"],"picked":"Turbo","floor":14},{"not_picked":["Core Surge","Thunder Strike","Machine Learning"],"picked":"Seek","floor":16},{"not_picked":["Beam Cell+1","Go for the Eyes","Hologram"],"picked":"Compile Driver","floor":18},{"not_picked":["Rip and Tear","Scrape+1","Static Discharge"],"picked":"Reinforced Body","floor":20},{"not_picked":["Steam","Fusion","Stack"],"picked":"Reboot","floor":24},{"not_picked":["Storm","Stack","BootSequence","Leap"],"picked":"SKIP","floor":27},{"not_picked":["Sweeping Beam","Doom and Gloom","Turbo","Cold Snap"],"picked":"SKIP","floor":29},{"not_picked":["Rainbow","Streamline+1","Leap","Ball Lightning+1"],"picked":"SKIP","floor":31},{"not_picked":["Creative AI","Core Surge+1","Fission"],"picked":"Echo Form","floor":33},{"not_picked":["Force Field+1","Reprogram","Fusion","Lockon+1"],"picked":"SKIP","floor":35},{"not_picked":["Reinforced Body","Rebound+1","Leap","Turbo"],"picked":"SKIP","floor":37},{"not_picked":["Sadistic Nature","Deep Breath","Forethought"],"picked":"PanicButton","floor":38},{"not_picked":["Blind","Chrysalis","Metamorphosis"],"picked":"Discovery","floor":38},{"not_picked":["Bandage Up","Secret Weapon","The Bomb","Good Instincts"],"picked":"SKIP","floor":38},{"not_picked":["Barrage+1","Auto Shields+1","Doom and Gloom+1"],"picked":"Go for the Eyes+1","floor":39},{"not_picked":["Go for the Eyes+1","Steam Power","Leap","Chaos"],"picked":"SKIP","floor":40},{"not_picked":["Force Field","Go for the Eyes+1","Steam Power"],"picked":"Fusion+1","floor":41},{"not_picked":["Steam Power+1","Cold Snap+1","Hello World","Beam Cell+1"],"picked":"SKIP","floor":42},{"not_picked":["Steam Power+1","Cold Snap+1","Hello World","Beam Cell+1"],"picked":"SKIP","floor":42},{"not_picked":["Go for the Eyes+1","Double Energy","White Noise","FTL+1"],"picked":"SKIP","floor":45},{"not_picked":["Go for the Eyes+1","White Noise","FTL+1"],"picked":"Double Energy","floor":45},{"not_picked":["Conserve Battery","Hologram","Beam Cell+1"],"picked":"Amplify","floor":46},{"not_picked":["Steam","Beam Cell+1","Go for the Eyes+1"],"picked":"Recycle","floor":48},{"not_picked":["Undo","Sweeping Beam+1","Ball Lightning+1","FTL+1"],"picked":"SKIP","floor":55},{"not_picked":["Undo","Sweeping Beam+1","FTL+1"],"picked":"Ball Lightning+1","floor":55}],"player_experience":2482703,"relics_obtained":[{"floor":7,"key":"Bottled Tornado"},{"floor":9,"key":"Strawberry"},{"floor":10,"key":"Question Card"},{"floor":12,"key":"Omamori"},{"floor":24,"key":"TungstenRod"},{"floor":26,"key":"Blood Vial"},{"floor":27,"key":"Juzu Bracelet"},{"floor":31,"key":"Molten Egg 2"},{"floor":41,"key":"Dead Branch"},{"floor":42,"key":"InkBottle"},{"floor":48,"key":"Oddly Smooth Stone"},{"floor":55,"key":"DataDisk"}],"event_choices":[{"damage_healed":0,"gold_gain":0,"player_choice":"Trade","damage_taken":0,"relics_obtained":["CultistMask"],"max_hp_gain":0,"max_hp_loss":0,"event_name":"FaceTrader","floor":5,"gold_loss":0},{"damage_healed":0,"gold_gain":0,"player_choice":"Ignored","damage_taken":0,"max_hp_gain":0,"max_hp_loss":0,"event_name":"Cursed Tome","floor":19,"gold_loss":0},{"damage_healed":0,"gold_gain":0,"player_choice":"Opened","damage_taken":0,"relics_obtained":["Centennial Puzzle"],"max_hp_gain":0,"max_hp_loss":0,"event_name":"The Mausoleum","floor":21,"gold_loss":0,"cards_obtained":["Writhe"]},{"damage_healed":0,"gold_gain":0,"player_choice":"Became a vampire","damage_taken":0,"max_hp_gain":0,"max_hp_loss":22,"event_name":"Vampires","floor":22,"gold_loss":0,"cards_obtained":["Bite","Bite","Bite","Bite","Bite"]},{"damage_healed":0,"gold_gain":0,"player_choice":"Memory 3","damage_taken":10,"max_hp_gain":0,"max_hp_loss":0,"event_name":"SensoryStone","floor":38,"gold_loss":0},{"damage_healed":0,"gold_gain":0,"player_choice":"Fight","damage_taken":0,"max_hp_gain":0,"max_hp_loss":0,"event_name":"MindBloom","floor":41,"gold_loss":0}],"is_beta":false,"boss_relics":[{"not_picked":["Busted Crown","Velvet Choker"],"picked":"Inserter"},{"not_picked":["Tiny House","SlaversCollar"],"picked":"Astrolabe"}],"items_purged_floors":[28,36,54],"is_endless":false,"potions_floor_spawned":[4,7,8,10,12,16,20,24,31,35,39,41,48,55],"killed_by":"The Heart","ascension_level":20,"potion_discard_per_floor":[[],[],[],[],[],[],[],[],[],[],[],[],[],[],[],[],[],[],[],["Ancient Potion"],[],[],[],[],[],[],[],[],[],[],[],[],[],[],[],[],[],[],[],[],["SmokeBomb"],[],[],[],[],[],[],["SpeedPotion"],[],[],[],[],[],[],[],[]]}