{"neow_bonuses_skipped_log":["THREE_CARDS","TWO_FIFTY_GOLD","BOSS_RELIC"],"neow_costs_skipped_log":["NONE","PERCENT_DAMAGE","NONE"],"potions_obtained_entropic_brew":[[],[],[],[],[],[],[],[],[],[],[],[],[]],"gold_per_floor":[216,227,152,167,184,184,17,42,42,62,392,392,392],"floor_reached":13,"playtime":360,"items_purged":[],"score":190,"play_id":"3b4b5033-790e-4865-9b90-86b26ca6c13c","local_time":"20240621021159","score_breakdown":["Floors Climbed (13): 65","Enemies Slain (5): 10","Exordium Elites Killed (2): 20","Bosses Slain (0): 0","Ascension (20): 95"],"is_ascension_mode":true,"potions_obtained_alchemize":[[],[],[],[],[],[],[],[],[],[],[],[],[]],"campfire_choices":[{"data":"Ball Lightning","floor":6,"key":"SMITH"},{"data":"Zap","floor":12,"key":"SMITH"}],"lesson_learned_per_floor":[[],[],[],[],[],[],[],[],[],[],[],[],[]],"neow_cost":"NONE","improvable_cards":{},"seed_source_timestamp":768072855136600,"shop_contents":[{"floor":7,"relics":["MealTicket","Toxic Egg 2"],"cards":["Lockon","Meteor Strike","Tempest","Reprogram","Loop","Dark Shackles","Panache"],"potions":["Fire Potion","AttackPotion","CultistPotion"]}],"circlet_count":0,"master_deck":["AscendersBane","Strike_B","Strike_B","Strike_B","Defend_B","Defend_B","Defend_B","Defend_B","Zap+1","Dualcast","Glacier","Ball Lightning+1","Streamline","FTL","Cold Snap","Compile Driver","Sunder","Beam Cell","Coolheaded","Doom and Gloom"],"potion_use_per_floor":[[],[],[],[],[],[],[],["SteroidPotion"],[],[],["AttackPotion"],[],[]],"relics":["Cracked Core","Orrery","Bronze Scales","InkBottle","Old Coin"],"potions_floor_usage":[8,11],"damage_taken":[{"damage":5,"enemies":"Small Slimes","floor":1,"turns":4},{"damage":0,"enemies":"2 Louse","floor":2,"turns":2},{"damage":0,"enemies":"Cultist","floor":4,"turns":3},{"damage":7,"enemies":"2 Fungi Beasts","floor":5,"turns":3},{"damage":12,"enemies":"Lagavulin","floor":8,"turns":4},{"damage":13,"enemies":"3 Louse","floor":10,"turns":2},{"damage":1,"enemies":"3 Sentries","floor":11,"turns":4},{"damage":28,"enemies":"The Mushroom Lair","floor":13,"turns":2}],"seed_played":"885168793831881009","neow_bonus_log":{"cardsObtained":[],"cardsUpgraded":[],"cardsRemoved":[],"cardsTransformed":[],"relicsObtained":[],"maxHpGained":0,"goldGained":100,"damageTaken":0,"goldLost":0,"maxHpLost":0},"potions_obtained":[{"floor":1,"key":"SteroidPotion"},{"floor":5,"key":"Ancient Potion"},{"floor":8,"key":"Ancient Potion"},{"floor":10,"key":"AttackPotion"}],"is_trial":false,"path_per_floor":["M","M","?","M","M","R","$","E","T","M","E","R","?"],"character_chosen":"DEFECT","basemod:card_modifiers":[null,null,null,null,null,null,null,null,null,null,null,null,null,null,null,null,null,null,null,null],"items_purchased":["Orrery"],"campfire_rested":0,"item_purchase_floors":[7],"current_hp_per_floor":[59,59,59,59,52,52,52,40,40,27,26,26,0],"gold":392,"neow_bonus":"HUNDRED_GOLD","is_prod":false,"is_daily":false,"rewards_skipped":[],"chose_seed":false,"campfire_upgraded":2,"win_rate":0,"floor_exit_playtime":[47,60,69,95,124,132,184,221,223,249,321,329],"timestamp":1718950319,"path_taken":["M","M","?","M","M","R","$","E","T","M","E","R","?"],"build_version":"2022-12-18","purchased_purges":0,"victory":false,"max_hp_per_floor":[71,71,71,71,71,71,71,71,71,71,71,71,71],"relic_stats":{"counters":[8,24],"Bronze Scales":[15],"obtain_stats":[{"Bronze Scales":8,"Orrery":7,"Cracked Core":0,"InkBottle":9,"Old Coin":11},{"Bronze Scales":5,"Orrery":4,"Cracked Core":0,"InkBottle":5,"Old Coin":7},{"Bronze Scales":16,"Orrery":12,"Cracked Core":0,"InkBottle":16,"Old Coin":22}],"InkBottle":[2]},"card_choices":[{"not_picked":["Sweeping Beam","Steam"],"picked":"Glacier","floor":1},{"not_picked":["Double Energy","Barrage"],"picked":"Ball Lightning","floor":2},{"not_picked":["Hologram","Beam Cell"],"picked":"Streamline","floor":4},{"not_picked":["Go for the Eyes","Double Energy"],"picked":"FTL","floor":5},{"not_picked":["Fusion","Barrage"],"picked":"Cold Snap","floor":7},{"not_picked":["FTL","Streamline"],"picked":"Compile Driver","floor":7},{"not_picked":["Barrage","Rebound"],"picked":"Sunder","floor":7},{"not_picked":["Darkness","Fusion"],"picked":"Beam Cell","floor":7},{"not_picked":["Fusion","Barrage","Multi-Cast"],"picked":"SKIP","floor":7},{"not_picked":["Ball Lightning","Consume"],"picked":"Coolheaded","floor":8},{"not_picked":["Blizzard","Stack","Redo"],"picked":"SKIP","floor":10},{"not_picked":["Steam","Blizzard"],"picked":"Doom and Gloom","floor":11}],"player_experience":2557802,"relics_obtained":[{"floor":8,"key":"Bronze Scales"},{"floor":9,"key":"InkBottle"},{"floor":11,"key":"Old Coin"}],"event_choices":[{"cards_removed":["Strike_B"],"damage_healed":0,"gold_gain":0,"player_choice":"Card Removal","damage_taken":0,"max_hp_gain":0,"max_hp_loss":0,"event_name":"The Cleric","floor":3,"gold_loss":75},{"damage_healed":0,"gold_gain":0,"player_choice":"Fought Mushrooms","damage_taken":0,"max_hp_gain":0,"max_hp_loss":0,"event_name":"Mushrooms","floor":13,"gold_loss":0}],"is_beta":false,"boss_relics":[],"items_purged_floors":[],"is_endless":false,"potions_floor_spawned":[1,5,8,10],"killed_by":"The Mushroom Lair","ascension_level":20,"potion_discard_per_floor":[[],[],[],[],[],[],[],[],[],["Ancient Potion"],[],[],[]]}