{"neow_bonuses_skipped_log":["RANDOM_COLORLESS","RANDOM_COLORLESS_2","BOSS_RELIC"],"potions_obtained_entropic_brew":[[],[],[],[],[],[],[],[],[],[],[],[],[],[],[],[],[],[],[],[],[],[],[],[],[],[],[],[],[],[],[],[],[]],"neow_costs_skipped_log":["NONE","PERCENT_DAMAGE","NONE"],"gold_per_floor":[119,138,138,138,155,155,180,180,180,197,197,211,229,254,254,327,327,339,42,61,11,26,26,40,67,67,67,82,94,94,9,9,9],"floor_reached":33,"playtime":1639,"items_purged":[],"score":583,"play_id":"38847b42-20f1-40b6-bb5f-41d102dbe4fa","local_time":"20240615215700","score_breakdown":["Floors Climbed (33): 165","Enemies Slain (12): 24","Exordium Elites Killed (2): 20","City Elites Killed (1): 20","Bosses Slain (1): 50","Librarian: 25","Ascension (20): 279"],"is_ascension_mode":true,"potions_obtained_alchemize":[[],[],[],[],[],[],[],[],[],[],[],[],[],[],[],[],[],[],[],[],[],[],[],[],[],[],[],[],[],[],[],[],[]],"campfire_choices":[{"data":"Ball Lightning","floor":6,"key":"SMITH"},{"floor":11,"key":"REST"},{"data":"Go for the Eyes","floor":15,"key":"SMITH"},{"data":"Biased Cognition","floor":23,"key":"SMITH"},{"data":"Ghostly","floor":30,"key":"SMITH"},{"data":"Ghostly","floor":32,"key":"SMITH"}],"lesson_learned_per_floor":[[],[],[],[],[],[],[],[],[],[],[],[],[],[],[],[],[],[],[],[],[],[],[],[],[],[],[],[],[],[],[],[],[]],"neow_cost":"NONE","improvable_cards":{},"seed_source_timestamp":319491779680300,"shop_contents":[{"floor":19,"relics":["Pen Nib","StrikeDummy","Mango"],"cards":["Compile Driver","Scrape","Seek","Amplify","Defragment","Flash of Steel","Thinking Ahead"],"potions":["DuplicationPotion","FocusPotion","ColorlessPotion"]}],"circlet_count":0,"master_deck":["AscendersBane","Strike_B+1","Strike_B","Strike_B+1","Defend_B","Defend_B+1","Defend_B","Defend_B","Zap+1","Dualcast","Go for the Eyes+1","Ball Lightning+1","Conserve Battery","Doom and Gloom","Redo","Cold Snap","Chill","Hologram","Multi-Cast","Compile Driver","Self Repair","Biased Cognition+1","Coolheaded+1","Electrodynamics","BootSequence","Capacitor","Capacitor","Core Surge","Darkness+1","Compile Driver+1","Ghostly+1","Ghostly+1","Ghostly","Glacier","Turbo"],"potion_use_per_floor":[[],[],[],[],[],[],["FocusPotion"],[],[],[],[],[],[],[],[],["SkillPotion"],[],[],[],[],[],[],[],[],["Block Potion"],[],[],[],[],[],[],[],["FocusPotion"]],"relics":["FrozenCore","War Paint","The Courier","Symbiotic Virus","Prayer Wheel","Orrery","Strawberry","Bottled Lightning","MealTicket"],"potions_floor_usage":[7,16,25,33],"damage_taken":[{"damage":0,"enemies":"2 Louse","floor":1,"turns":2},{"damage":4,"enemies":"Jaw Worm","floor":2,"turns":3},{"damage":0,"enemies":"Cultist","floor":5,"turns":2},{"damage":18,"enemies":"3 Sentries","floor":7,"turns":6},{"damage":2,"enemies":"2 Fungi Beasts","floor":10,"turns":2},{"damage":4,"enemies":"Blue Slaver","floor":12,"turns":3},{"damage":6,"enemies":"Large Slime","floor":13,"turns":2},{"damage":5,"enemies":"Lagavulin","floor":14,"turns":5},{"damage":23,"enemies":"The Guardian","floor":16,"turns":14},{"damage":6,"enemies":"Shell Parasite","floor":18,"turns":7},{"damage":7,"enemies":"Chosen","floor":20,"turns":5},{"damage":1,"enemies":"Snecko","floor":22,"turns":5},{"damage":2,"enemies":"Cultist and Chosen","floor":24,"turns":7},{"damage":14,"enemies":"Slavers","floor":25,"turns":5},{"damage":26,"enemies":"3 Cultists","floor":28,"turns":6},{"damage":2,"enemies":"Centurion and Healer","floor":29,"turns":9},{"damage":22,"enemies":"Collector","floor":33,"turns":7}],"seed_played":"-4580416916890177765","neow_bonus_log":{"cardsObtained":[],"cardsUpgraded":[],"cardsRemoved":[],"cardsTransformed":[],"relicsObtained":["War Paint"],"maxHpGained":0,"goldGained":0,"damageTaken":0,"goldLost":0,"maxHpLost":0},"potions_obtained":[{"floor":5,"key":"FocusPotion"},{"floor":12,"key":"FocusPotion"},{"floor":14,"key":"SkillPotion"},{"floor":20,"key":"GamblersBrew"},{"floor":22,"key":"Block Potion"},{"floor":29,"key":"LiquidBronze"}],"is_trial":false,"path_per_floor":["M","M","?","?","M","R","E","?","T","M","R","M","M","E","R","B",null,"M","$","M","?","M","R","M","E","T","?","M","M","R","?","R","B"],"character_chosen":"DEFECT","basemod:card_modifiers":[null,null,null,null,null,null,null,null,null,null,null,null,null,null,null,null,null,null,null,null,null,null,null,null,null,null,null,null,null,null,null,null,null,null,null],"items_purchased":["Self Repair","Orrery","Capacitor","Capacitor"],"campfire_rested":1,"item_purchase_floors":[19,19,19,19],"current_hp_per_floor":[64,60,39,39,39,39,21,21,21,19,40,36,30,25,25,2,54,48,48,48,48,54,54,59,59,59,39,20,18,18,18,18,0],"gold":9,"neow_bonus":"RANDOM_COMMON_RELIC","is_prod":false,"is_daily":false,"rewards_skipped":[],"chose_seed":false,"campfire_upgraded":5,"win_rate":0,"floor_exit_playtime":[44,65,71,80,100,105,173,176,179,202,206,238,261,333,346,521,557,665,712,775,779,866,885,972,1051,1113,1123,1203,1329,1336,1340,1345],"timestamp":1718503020,"path_taken":["M","M","?","?","M","R","E","?","T","M","R","M","?","E","R","BOSS","M","$","M","?","?","R","M","E","T","?","M","M","R","?","R","BOSS"],"build_version":"2022-12-18","purchased_purges":0,"victory":false,"max_hp_per_floor":[71,71,71,71,71,71,71,71,71,71,71,71,71,71,71,71,71,71,71,71,71,71,71,71,78,78,39,39,39,39,39,39,39],"relic_stats":{"counters":[17,90],"Prayer Wheel":6,"MealTicket":0,"The Courier":74,"Bottled Lightning":"Coolheaded","War Paint":["Zap","Defend_B"],"obtain_stats":[{"Strawberry":25,"Orrery":19,"Prayer Wheel":14,"MealTicket":31,"The Courier":7,"Bottled Lightning":26,"War Paint":0,"Cracked Core":0,"Symbiotic Virus":9,"FrozenCore":17},{"Strawberry":14,"Orrery":10,"Prayer Wheel":8,"MealTicket":16,"The Courier":4,"Bottled Lightning":14,"War Paint":0,"Cracked Core":0,"Symbiotic Virus":4,"FrozenCore":9},{"Strawberry":68,"Orrery":46,"Prayer Wheel":25,"MealTicket":83,"The Courier":13,"Bottled Lightning":68,"War Paint":0,"Cracked Core":0,"Symbiotic Virus":13,"FrozenCore":39}],"FrozenCore":[16]},"card_choices":[{"not_picked":["Steam","Hologram"],"picked":"Go for the Eyes","floor":1},{"not_picked":["Steam","Rebound"],"picked":"Ball Lightning","floor":2},{"not_picked":["Sweeping Beam","Beam Cell","Leap"],"picked":"SKIP","floor":5},{"not_picked":["Sweeping Beam","BootSequence"],"picked":"Doom and Gloom","floor":7},{"not_picked":["Turbo","Sunder"],"picked":"Redo","floor":10},{"not_picked":["Stack","Reprogram"],"picked":"Cold Snap","floor":12},{"not_picked":["Blizzard","Stack"],"picked":"Chill","floor":13},{"not_picked":["Aggregate","Rainbow"],"picked":"Hologram","floor":14},{"not_picked":["Thunder Strike","Rainbow"],"picked":"Multi-Cast","floor":16},{"not_picked":["Go for the Eyes","Conserve Battery"],"picked":"Compile Driver","floor":18},{"not_picked":["Beam Cell","Redo","Cold Snap"],"picked":"SKIP","floor":18},{"not_picked":["Coolheaded","Beam Cell"],"picked":"Biased Cognition","floor":19},{"not_picked":["Core Surge","Sweeping Beam"],"picked":"Coolheaded+1","floor":19},{"not_picked":["Chaos","Leap"],"picked":"Electrodynamics","floor":19},{"not_picked":["Storm","Go for the Eyes"],"picked":"BootSequence","floor":19},{"not_picked":["Fusion","Rip and Tear","Barrage"],"picked":"SKIP","floor":19},{"not_picked":["Turbo","Go for the Eyes"],"picked":"Core Surge","floor":20},{"not_picked":["Ball Lightning","Rebound","Coolheaded"],"picked":"SKIP","floor":20},{"not_picked":["Coolheaded+1","Blizzard"],"picked":"Darkness+1","floor":22},{"not_picked":["Sweeping Beam","Hello World","Melter"],"picked":"SKIP","floor":22},{"not_picked":["Stack","Redo"],"picked":"Compile Driver+1","floor":24},{"not_picked":["Stack","Static Discharge","BootSequence"],"picked":"SKIP","floor":24},{"not_picked":["BootSequence","Hello World","Compile Driver"],"picked":"SKIP","floor":25},{"not_picked":["Go for the Eyes","Hologram"],"picked":"Glacier","floor":28},{"not_picked":["Static Discharge","Sweeping Beam","Beam Cell"],"picked":"SKIP","floor":28},{"not_picked":["Skim","Leap"],"picked":"Turbo","floor":29},{"not_picked":["Compile Driver+1","Hologram","Chaos"],"picked":"SKIP","floor":29}],"player_experience":2524172,"relics_obtained":[{"floor":7,"key":"The Courier"},{"floor":9,"key":"Symbiotic Virus"},{"floor":14,"key":"Prayer Wheel"},{"floor":25,"key":"Strawberry"},{"floor":26,"key":"Bottled Lightning"}],"event_choices":[{"damage_healed":0,"gold_gain":0,"player_choice":"Entered Light","damage_taken":21,"max_hp_gain":0,"max_hp_loss":0,"event_name":"Shining Light","floor":3,"gold_loss":0,"cards_upgraded":["Strike_B","Strike_B"]},{"damage_healed":0,"gold_gain":0,"cards_transformed":["Strike_B"],"player_choice":"Change","damage_taken":0,"max_hp_gain":0,"max_hp_loss":0,"event_name":"Living Wall","floor":4,"gold_loss":0,"cards_obtained":["Conserve Battery"]},{"damage_healed":0,"gold_gain":0,"player_choice":"Ignored","damage_taken":0,"max_hp_gain":0,"max_hp_loss":0,"event_name":"Liars Game","floor":8,"gold_loss":0},{"damage_healed":0,"gold_gain":0,"player_choice":"Bet on Murderer","damage_taken":0,"max_hp_gain":0,"max_hp_loss":0,"event_name":"The Joust","floor":21,"gold_loss":50},{"damage_healed":0,"gold_gain":0,"player_choice":"Became a Ghost","damage_taken":0,"max_hp_gain":0,"max_hp_loss":39,"event_name":"Ghosts","floor":27,"gold_loss":0,"cards_obtained":["Ghostly","Ghostly","Ghostly"]},{"damage_healed":0,"gold_gain":0,"player_choice":"Obtained Relic","damage_taken":0,"relics_obtained":["MealTicket"],"max_hp_gain":0,"max_hp_loss":0,"event_name":"Addict","floor":31,"gold_loss":85}],"is_beta":false,"boss_relics":[{"not_picked":["Sozu","Fusion Hammer"],"picked":"FrozenCore"}],"items_purged_floors":[],"is_endless":false,"potions_floor_spawned":[5,12,14,20,22,29],"killed_by":"Collector","ascension_level":20,"potion_discard_per_floor":[[],[],[],[],[],[],[],[],[],[],[],[],[],[],[],[],[],[],[],[],[],["GamblersBrew"],[],[],[],[],[],[],[],[],[],[],[]]}