{"neow_bonuses_skipped_log":["RANDOM_COLORLESS","HUNDRED_GOLD","BOSS_RELIC"],"neow_costs_skipped_log":["NONE","NONE","NONE"],"potions_obtained_entropic_brew":[[],[],[],[],[],[],[],[],[],[],[],[],[],[],[],[]],"gold_per_floor":[116,166,49,67,79,79,111,111,111,111,125,125,125,163,163,163],"floor_reached":16,"playtime":555,"items_purged":[],"score":216,"play_id":"e2116b56-7c61-42a6-b72b-bc59efd04365","local_time":"20240621020552","score_breakdown":["Floors Climbed (16): 80","Enemies Slain (4): 8","Exordium Elites Killed (2): 20","Bosses Slain (0): 0","Ascension (20): 108"],"is_ascension_mode":true,"potions_obtained_alchemize":[[],[],[],[],[],[],[],[],[],[],[],[],[],[],[],[]],"campfire_choices":[{"data":"Darkness","floor":6,"key":"SMITH"},{"data":"Redo","floor":8,"key":"SMITH"},{"data":"Defragment","floor":10,"key":"SMITH"},{"floor":12,"key":"REST"},{"floor":15,"key":"REST"}],"lesson_learned_per_floor":[[],[],[],[],[],[],[],[],[],[],[],[],[],[],[],[]],"neow_cost":"TEN_PERCENT_HP_LOSS","improvable_cards":{},"seed_source_timestamp":767510282139400,"shop_contents":[{"floor":3,"relics":["Blood Vial","Cables","Strange Spoon"],"cards":["Rip and Tear","Sunder","Darkness","Finesse","Chrysalis"],"potions":["FocusPotion","SteroidPotion","ColorlessPotion"]}],"circlet_count":0,"master_deck":["AscendersBane","Strike_B","Strike_B","Strike_B","Strike_B","Defend_B","Defend_B","Defend_B","Defend_B","Zap","Dualcast","Rainbow","Redo+1","Turbo","Defragment+1","Darkness+1","Cold Snap","Creative AI","Compile Driver"],"potion_use_per_floor":[[],[],[],[],[],[],["EssenceOfDarkness"],[],[],[],[],[],[],[],[],[]],"relics":["Cracked Core","Toy Ornithopter","Golden Idol","Smiling Mask"],"potions_floor_usage":[7],"damage_taken":[{"damage":4,"enemies":"Jaw Worm","floor":1,"turns":4},{"damage":0,"enemies":"Cultist","floor":4,"turns":3},{"damage":13,"enemies":"2 Louse","floor":5,"turns":2},{"damage":10,"enemies":"Lagavulin","floor":7,"turns":5},{"damage":9,"enemies":"Large Slime","floor":11,"turns":5},{"damage":35,"enemies":"Gremlin Nob","floor":14,"turns":4},{"damage":23,"enemies":"Hexaghost","floor":16,"turns":9}],"seed_played":"8944297992395824006","neow_bonus_log":{"cardsObtained":[],"cardsUpgraded":[],"cardsRemoved":[],"cardsTransformed":[],"relicsObtained":[],"maxHpGained":0,"goldGained":0,"damageTaken":0,"goldLost":0,"maxHpLost":7},"potions_obtained":[{"floor":1,"key":"EssenceOfDarkness"},{"floor":4,"key":"PotionOfCapacity"},{"floor":11,"key":"SteroidPotion"}],"is_trial":false,"path_per_floor":["M","?","$","M","M","R","E","R","T","R","M","R","?","E","R","B"],"character_chosen":"DEFECT","basemod:card_modifiers":[null,null,null,null,null,null,null,null,null,null,null,null,null,null,null,null,null,null,null],"items_purchased":["Turbo","Defragment"],"campfire_rested":2,"item_purchase_floors":[3,3],"current_hp_per_floor":[60,54,54,54,41,41,31,31,31,31,22,41,41,6,23,0],"gold":163,"neow_bonus":"THREE_RARE_CARDS","is_prod":false,"is_daily":false,"rewards_skipped":[{"floor":5,"relics":[],"potions":["SteroidPotion"]}],"chose_seed":false,"campfire_upgraded":3,"win_rate":0,"floor_exit_playtime":[144,149,164,190,226,237,284,294,298,306,353,357,360,425,426],"timestamp":1718949952,"blue_key_relic_skipped_log":{"floor":9,"relicID":"Shuriken"},"path_taken":["M","?","?","M","M","R","E","R","T","R","M","R","?","E","R","BOSS"],"build_version":"2022-12-18","purchased_purges":0,"victory":false,"max_hp_per_floor":[64,64,64,64,64,64,64,64,64,64,64,64,58,58,58,58],"relic_stats":{"counters":[7,32],"Golden Idol":8,"Smiling Mask":0,"obtain_stats":[{"Golden Idol":13,"Cracked Core":0,"Smiling Mask":14,"Toy Ornithopter":7},{"Golden Idol":5,"Cracked Core":0,"Smiling Mask":6,"Toy Ornithopter":4},{"Golden Idol":19,"Cracked Core":0,"Smiling Mask":23,"Toy Ornithopter":14}],"Toy Ornithopter":0},"card_choices":[{"not_picked":["All For One","Multi-Cast"],"picked":"Rainbow","floor":0},{"not_picked":["Steam Power","Leap"],"picked":"Redo","floor":1},{"not_picked":["Steam","Scrape"],"picked":"Darkness","floor":4},{"not_picked":["Go for the Eyes","Ball Lightning"],"picked":"Cold Snap","floor":5},{"not_picked":["Steam","Reprogram"],"picked":"Creative AI","floor":7},{"not_picked":["Sunder","Redo","Barrage"],"picked":"SKIP","floor":11},{"not_picked":["Heatsinks","Coolheaded"],"picked":"Compile Driver","floor":14}],"player_experience":2557247,"relics_obtained":[{"floor":7,"key":"Toy Ornithopter"},{"floor":14,"key":"Smiling Mask"}],"event_choices":[{"damage_healed":0,"gold_gain":50,"player_choice":"Touch","damage_taken":6,"max_hp_gain":0,"max_hp_loss":0,"event_name":"FaceTrader","floor":2,"gold_loss":0},{"damage_healed":0,"gold_gain":0,"player_choice":"Lose Max HP","damage_taken":0,"relics_obtained":["Golden Idol"],"max_hp_gain":0,"max_hp_loss":6,"event_name":"Golden Idol","floor":13,"gold_loss":0}],"is_beta":false,"boss_relics":[],"items_purged_floors":[],"is_endless":false,"potions_floor_spawned":[1,4,5,11],"killed_by":"Hexaghost","ascension_level":20,"potion_discard_per_floor":[[],[],[],[],[],[],[],[],[],[],[],[],[],[],[],[]]}