{"neow_bonuses_skipped_log":["REMOVE_CARD","RANDOM_COMMON_RELIC","BOSS_RELIC"],"neow_costs_skipped_log":["NONE","NONE","NONE"],"potions_obtained_entropic_brew":[[],[],[],[],[],[],[],[]],"gold_per_floor":[116,116,116,129,149,149,177,177],"floor_reached":8,"playtime":221,"items_purged":[],"score":112,"play_id":"c5674cf6-613c-48a3-b5b2-db8010e70b1c","local_time":"20240614182333","score_breakdown":["Floors Climbed (8): 40","Enemies Slain (3): 6","Exordium Elites Killed (1): 10","Bosses Slain (0): 0","Ascension (20): 56"],"is_ascension_mode":true,"potions_obtained_alchemize":[[],[],[],[],[],[],[],[]],"campfire_choices":[{"floor":6,"key":"REST"}],"lesson_learned_per_floor":[[],[],[],[],[],[],[],[]],"neow_cost":"PERCENT_DAMAGE","improvable_cards":{},"seed_source_timestamp":221708184166600,"shop_contents":[],"circlet_count":0,"master_deck":["AscendersBane","Strike_B+1","Strike_B","Strike_B","Defend_B","Defend_B","Defend_B","Zap+1","Dualcast","Force Field","Fusion","Go for the Eyes+1","Streamline","Rebound","Biased Cognition"],"potion_use_per_floor":[[],[],[],[],[],[],["Block Potion","Fruit Juice"],[]],"relics":["Cracked Core","Bronze Scales"],"potions_floor_usage":[7,7],"damage_taken":[{"damage":8,"enemies":"Small Slimes","floor":1,"turns":3},{"damage":4,"enemies":"Jaw Worm","floor":4,"turns":2},{"damage":0,"enemies":"Cultist","floor":5,"turns":2},{"damage":30,"enemies":"3 Sentries","floor":7,"turns":7},{"damage":13,"enemies":"Red Slaver","floor":8,"turns":2}],"seed_played":"3560725680854101232","neow_bonus_log":{"cardsObtained":["Force Field","Fusion"],"cardsUpgraded":[],"cardsRemoved":[],"cardsTransformed":["Strike_B","Defend_B"],"relicsObtained":[],"maxHpGained":0,"goldGained":0,"damageTaken":18,"goldLost":0,"maxHpLost":0},"potions_obtained":[{"floor":1,"key":"Block Potion"},{"floor":5,"key":"Fruit Juice"}],"is_trial":false,"path_per_floor":["M","?","?","M","M","R","E","M"],"character_chosen":"DEFECT","basemod:card_modifiers":[null,null,null,null,null,null,null,null,null,null,null,null,null,null,null],"items_purchased":[],"campfire_rested":1,"item_purchase_floors":[],"current_hp_per_floor":[38,17,17,13,13,34,9,0],"gold":177,"neow_bonus":"TRANSFORM_TWO_CARDS","is_prod":false,"is_daily":false,"rewards_skipped":[],"chose_seed":false,"campfire_upgraded":0,"win_rate":0,"floor_exit_playtime":[61,64,72,96,116,118,202],"timestamp":1718403813,"path_taken":["M","?","?","M","?","R","E","M"],"build_version":"2022-12-18","purchased_purges":0,"victory":false,"max_hp_per_floor":[71,71,71,71,71,71,76,76],"relic_stats":{"counters":[5,16],"Bronze Scales":[3],"obtain_stats":[{"Bronze Scales":7,"Cracked Core":0},{"Bronze Scales":4,"Cracked Core":0},{"Bronze Scales":14,"Cracked Core":0}]},"card_choices":[{"not_picked":["Scrape","Coolheaded"],"picked":"Go for the Eyes","floor":1},{"not_picked":["Gash","Barrage"],"picked":"Streamline","floor":4},{"not_picked":["Barrage","Recycle"],"picked":"Rebound","floor":5},{"not_picked":["Turbo","Sweeping Beam"],"picked":"Biased Cognition","floor":7}],"player_experience":2492054,"relics_obtained":[{"floor":7,"key":"Bronze Scales"}],"event_choices":[{"damage_healed":0,"gold_gain":0,"player_choice":"Entered Light","damage_taken":21,"max_hp_gain":0,"max_hp_loss":0,"event_name":"Shining Light","floor":2,"gold_loss":0,"cards_upgraded":["Strike_B","Go for the Eyes"]},{"damage_healed":0,"gold_gain":0,"player_choice":"Forge","damage_taken":0,"max_hp_gain":0,"max_hp_loss":0,"event_name":"Accursed Blacksmith","floor":3,"gold_loss":0,"cards_upgraded":["Zap"]}],"is_beta":false,"boss_relics":[],"items_purged_floors":[],"is_endless":false,"potions_floor_spawned":[1,5],"killed_by":"Red Slaver","ascension_level":20,"potion_discard_per_floor":[[],[],[],[],[],[],[],[]]}