{"neow_bonuses_skipped_log":["REMOVE_CARD","TWENTY_PERCENT_HP_BONUS","BOSS_RELIC"],"neow_costs_skipped_log":["NONE","PERCENT_DAMAGE","NONE"],"potions_obtained_entropic_brew":[[],[],[],[],[],[],[],[],[],[],[],[],[],[]],"gold_per_floor":[112,129,139,151,50,50,85,85,85,114,114,127,155,155],"floor_reached":14,"playtime":517,"items_purged":["Strike_B"],"score":200,"play_id":"fe705e8b-841a-4c44-b386-ff7091e33681","local_time":"20240630172014","score_breakdown":["Floors Climbed (14): 70","Enemies Slain (5): 10","Exordium Elites Killed (2): 20","Bosses Slain (0): 0","Ascension (20): 100"],"is_ascension_mode":true,"potions_obtained_alchemize":[[],[],[],[],[],[],[],[],[],[],[],[],[],[]],"campfire_choices":[{"data":"Barrage","floor":6.0,"key":"SMITH"},{"data":"Darkness","floor":8.0,"key":"SMITH"}],"lesson_learned_per_floor":[[],[],[],[],[],[],[],[],[],[],[],[],[],[]],"neow_cost":"NONE","improvable_cards":{},"seed_source_timestamp":1599996446557400,"shop_contents":[{"floor":5,"relics":["Bird Faced Urn","Frozen Egg 2","DollysMirror"],"cards":["Beam Cell","Force Field","Steam","Loop","Panacea","Mayhem"],"potions":["FairyPotion","Ancient Potion","LiquidBronze"]}],"circlet_count":0,"master_deck":["AscendersBane","Strike_B","Strike_B","Strike_B","Defend_B","Defend_B","Defend_B","Defend_B","Zap","Dualcast","Self Repair","Darkness+1","Barrage+1","Ball Lightning","Gash","Reinforced Body","Self Repair","Redo","Cold Snap"],"special_seed":0,"potion_use_per_floor":[[],[],[],[],[],[],["FocusPotion"],[],[],[],[],["Swift Potion"],[],[]],"relics":["Cracked Core","NeowsBlessing","Matryoshka","Letter Opener","TungstenRod","Nunchaku","Odd Mushroom"],"potions_floor_usage":[12],"damage_taken":[{"damage":0.0,"enemies":"Small Slimes","floor":1.0,"turns":1.0},{"damage":0.0,"enemies":"Jaw Worm","floor":2.0,"turns":1.0},{"damage":0.0,"enemies":"2 Louse","floor":3.0,"turns":2.0},{"damage":11.0,"enemies":"2 Fungi Beasts","floor":4.0,"turns":3.0},{"damage":8.0,"enemies":"Gremlin Nob","floor":7.0,"turns":3.0},{"damage":26.0,"enemies":"3 Sentries","floor":10.0,"turns":6.0},{"damage":9,"enemies":"3 Louse","floor":12,"turns":3},{"damage":25,"enemies":"The Mushroom Lair","floor":13,"turns":4},{"damage":62,"enemies":"Gremlin Nob","floor":14,"turns":4}],"seed_played":"296415767187564089","neow_bonus_log":{"cardsObtained":[],"cardsUpgraded":[],"cardsRemoved":[],"cardsTransformed":[],"relicsObtained":["NeowsBlessing"],"maxHpGained":0,"goldGained":0,"damageTaken":0,"goldLost":0,"maxHpLost":0},"potions_obtained":[{"floor":1.0,"key":"FocusPotion"},{"floor":7.0,"key":"Swift Potion"},{"floor":12,"key":"PotionOfCapacity"}],"is_trial":false,"path_per_floor":["M","M","M","M","$","R","E","R","T","E","?","M","?","E"],"character_chosen":"DEFECT","basemod:card_modifiers":[null,null,null,null,null,null,null,null,null,null,null,null,null,null,null,null,null,null,null],"items_purchased":["Gash"],"campfire_rested":0,"item_purchase_floors":[5],"current_hp_per_floor":[64,64,64,60,60,60,59,59,59,33,38,43,32,0],"gold":155,"neow_bonus":"THREE_ENEMY_KILL","is_prod":false,"is_daily":false,"rewards_skipped":[],"chose_seed":false,"campfire_upgraded":2,"win_rate":0,"floor_exit_playtime":[28,47,69,104,151,158,208,217,220,379,383,423,477],"timestamp":1719782414,"path_taken":["M","M","M","M","$","R","E","R","T","E","?","M","?","E"],"build_version":"2022-12-18","purchased_purges":1,"victory":false,"max_hp_per_floor":[71,71,71,71,71,71,71,71,71,71,76,76,76,76],"relic_stats":{"Nunchaku":[1],"Matryoshka":1,"counters":[9,27],"Letter Opener":[0],"obtain_stats":[{"Nunchaku":10,"Matryoshka":7,"NeowsBlessing":0,"Letter Opener":9,"Odd Mushroom":13,"Cracked Core":0,"TungstenRod":9},{"Nunchaku":6,"Matryoshka":5,"NeowsBlessing":0,"Letter Opener":5,"Odd Mushroom":8,"Cracked Core":0,"TungstenRod":5},{"Nunchaku":16,"Matryoshka":10,"NeowsBlessing":0,"Letter Opener":10,"Odd Mushroom":23,"Cracked Core":0,"TungstenRod":10}],"TungstenRod":14},"card_choices":[{"not_picked":["Hologram","Steam"],"picked":"Self Repair","floor":1.0},{"not_picked":["Conserve Battery","Defragment"],"picked":"Darkness","floor":2.0},{"not_picked":["Conserve Battery","Leap"],"picked":"Barrage","floor":3.0},{"not_picked":["Steam","Core Surge"],"picked":"Ball Lightning","floor":4.0},{"not_picked":["Coolheaded","Rebound"],"picked":"Reinforced Body","floor":7.0},{"not_picked":["Sunder","Aggregate"],"picked":"Self Repair","floor":10.0},{"not_picked":["Stack","Sweeping Beam"],"picked":"Redo","floor":12},{"not_picked":["Force Field","Sweeping Beam"],"picked":"Cold Snap","floor":13}],"player_experience":2576864,"relics_obtained":[{"floor":7.0,"key":"Matryoshka"},{"floor":9.0,"key":"Letter Opener"},{"floor":9.0,"key":"TungstenRod"},{"floor":10.0,"key":"Nunchaku"},{"floor":13,"key":"Odd Mushroom"}],"event_choices":[{"damage_healed":0.0,"max_hp_gain":5.0,"max_hp_loss":0.0,"gold_gain":0.0,"event_name":"Big Fish","player_choice":"Donut","floor":11.0,"gold_loss":0.0,"damage_taken":0.0},{"damage_healed":0,"gold_gain":0,"player_choice":"Fought Mushrooms","damage_taken":0,"max_hp_gain":0,"max_hp_loss":0,"event_name":"Mushrooms","floor":13,"gold_loss":0}],"is_beta":false,"boss_relics":[],"items_purged_floors":[5],"is_endless":false,"potions_floor_spawned":[1,7,12],"killed_by":"Gremlin Nob","ascension_level":20,"potion_discard_per_floor":[[],[],[],[],[],[],[],[],[],[],[],[],[],[]]}