{"neow_bonuses_skipped_log":["RANDOM_COLORLESS","THREE_SMALL_POTIONS","BOSS_RELIC"],"neow_costs_skipped_log":["NONE","NONE","NONE"],"potions_obtained_entropic_brew":[[],[],[],[],[],[],[],[],[],[],[],[],[],[],[],[],[],[],[],[],[],[],[],[],[],[],[],[],[],[],[],[],[],[],[],[],[],[],[],[],[],[],[],[],[],[],[],[],[],[],[],[],[],[],[],[],[]],"gold_per_floor":[364,383,136,156,156,181,192,192,192,192,206,232,232,247,247,321,321,336,236,236,186,15,15,47,59,86,105,137,12,44,56,56,128,128,144,144,144,156,113,113,140,165,165,191,203,203,231,251,251,251,251,251,251,37,67,67],"floor_reached":57,"playtime":11945,"items_purged":["Defend_B","Defend_B","Hello World+1"],"score":2766,"play_id":"c3f6b750-566e-49f9-b0e7-75dee7e30571","local_time":"20240630210234","falling_options_log":["Go for the Eyes","Electrodynamics"],"score_breakdown":["Floors Climbed (57): 285","Enemies Slain (14): 28","Exordium Elites Killed (2): 20","City Elites Killed (3): 60","Beyond Elites Killed (3): 90","Bosses Slain (5): 750","C-c-c-combo: 25","Ascension (20): 1258","Heartbreaker: 250"],"is_ascension_mode":true,"potions_obtained_alchemize":[[],[],[],[],[],[],[],[],[],[],[],[],[],[],[],[],[],[],[],[],[],[],[],[],[],[],[],[],[],[],[],[],[],[],[],[],[],[],[],[],[],[],[],[],[],[],[],[],[],[],[],[],[],[],[],[],[]],"campfire_choices":[{"data":"FTL","floor":8.0,"key":"SMITH"},{"data":"Hello World","floor":10.0,"key":"SMITH"},{"data":"Chaos","floor":15.0,"key":"SMITH"},{"floor":23.0,"key":"REST"},{"floor":32.0,"key":"REST"},{"floor":40.0,"key":"RECALL"},{"floor":46.0,"key":"REST"},{"floor":49,"key":"REST"},{"floor":53,"key":"REST"}],"lesson_learned_per_floor":[[],[],[],[],[],[],[],[],[],[],[],[],[],[],[],[],[],[],[],[],[],[],[],[],[],[],[],[],[],[],[],[],[],[],[],[],[],[],[],[],[],[],[],[],[],[],[],[],[],[],[],[],[],[],[],[],[]],"neow_cost":"TEN_PERCENT_HP_LOSS","improvable_cards":{},"seed_source_timestamp":1601862439931900,"shop_contents":[{"floor":3,"relics":["Eternal Feather","Art of War","DollysMirror"],"cards":["Lockon","Fission","Coolheaded","Finesse","Master of Strategy"],"potions":["DuplicationPotion","ColorlessPotion"]},{"floor":19,"relics":["Lizard Tail","Bottled Flame","Sling"],"cards":["Sunder","Barrage","Leap","Redo","Loop","Dramatic Entrance","Metamorphosis"],"potions":["Explosive Potion","AttackPotion","CultistPotion"]},{"floor":22,"relics":["Bronze Scales","PreservedInsect"],"cards":["Go for the Eyes","Sweeping Beam","Auto Shields","Conserve Battery","Defragment","Purity","Violence"],"potions":["DistilledChaos","Regen Potion","Block Potion"]},{"floor":29,"relics":["Oddly Smooth Stone","Question Card","Runic Capacitor"],"cards":["Ball Lightning","Barrage","Rainbow","Turbo","Static Discharge","Impatience","Mayhem"],"potions":["Fire Potion","FocusPotion","Fire Potion"]},{"floor":39,"relics":["Blue Candle","Boot","Toolbox"],"cards":["Cold Snap","Compile Driver","Redo","Chill","Deep Breath","Chrysalis"],"potions":["DistilledChaos","Weak Potion","Fire Potion"]},{"floor":54,"relics":["Calipers","StrikeDummy"],"cards":["Sweeping Beam","Sunder","Redo","Heatsinks","Panacea","Magnetism"],"potions":["DistilledChaos","EssenceOfSteel","ColorlessPotion"]}],"circlet_count":0,"master_deck":["AscendersBane","Defend_B","Dualcast","Glacier","Gash","FTL+1","Conserve Battery","Echo Form","Reinforced Body","Doom and Gloom","Chaos+1","Recycle+1","Compile Driver","Fission","Go for the Eyes","Electrodynamics","Steam Power","Hologram","Aggregate","White Noise","Seek","Skim+1","Coolheaded+1","Compile Driver+1","Turbo+1","Defragment","Machine Learning","Streamline+1","Hologram","White Noise"],"special_seed":0,"potion_use_per_floor":[[],[],[],[],[],["Fire Potion"],[],[],[],[],[],["Weak Potion"],[],[],[],["Fruit Juice"],[],[],[],[],[],[],[],[],[],[],[],["BlessingOfTheForge"],[],["Regen Potion"],[],[],[],[],[],[],[],[],[],[],[],[],[],[],[],[],[],[],[],[],[],[],[],[],[],["PotionOfCapacity"],[]],"relics":["Cracked Core","Kunai","Unceasing Top","Bird Faced Urn","Fusion Hammer","ClockworkSouvenir","Mango","Centennial Puzzle","Bottled Tornado","MealTicket","Astrolabe","Toy Ornithopter","Du-Vu Doll","Vajra","Incense Burner","Chemical X","Akabeko"],"potions_floor_usage":[56],"damage_taken":[{"damage":1.0,"enemies":"Cultist","floor":1.0,"turns":3.0},{"damage":2.0,"enemies":"2 Louse","floor":2.0,"turns":2.0},{"damage":1.0,"enemies":"Jaw Worm","floor":4.0,"turns":4.0},{"damage":1.0,"enemies":"3 Sentries","floor":6.0,"turns":7.0},{"damage":8.0,"enemies":"3 Louse","floor":7.0,"turns":3.0},{"damage":5.0,"enemies":"Red Slaver","floor":11.0,"turns":4.0},{"damage":16.0,"enemies":"Gremlin Nob","floor":12.0,"turns":4.0},{"damage":14.0,"enemies":"Exordium Wildlife","floor":14.0,"turns":5.0},{"damage":12.0,"enemies":"Hexaghost","floor":16.0,"turns":8.0},{"damage":0.0,"enemies":"Spheric Guardian","floor":18.0,"turns":4.0},{"damage":46.0,"enemies":"Book of Stabbing","floor":24.0,"turns":7.0},{"damage":0.0,"enemies":"Chosen","floor":25.0,"turns":4.0},{"damage":0.0,"enemies":"Snake Plant","floor":27.0,"turns":6.0},{"damage":26.0,"enemies":"Gremlin Leader","floor":28.0,"turns":5.0},{"damage":34.0,"enemies":"Slavers","floor":30.0,"turns":4.0},{"damage":0.0,"enemies":"Snecko","floor":31.0,"turns":7.0},{"damage":22.0,"enemies":"Automaton","floor":33.0,"turns":12.0},{"damage":29.0,"enemies":"3 Darklings","floor":35.0,"turns":4.0},{"damage":5.0,"enemies":"Orb Walker","floor":38.0,"turns":3.0},{"damage":7.0,"enemies":"Reptomancer","floor":41.0,"turns":7.0},{"damage":0.0,"enemies":"Mind Bloom Boss Battle","floor":42.0,"turns":8.0},{"damage":12.0,"enemies":"Nemesis","floor":44.0,"turns":7.0},{"damage":18.0,"enemies":"3 Darklings","floor":45.0,"turns":5.0},{"damage":24.0,"enemies":"Giant Head","floor":47.0,"turns":6.0},{"damage":0.0,"enemies":"4 Shapes","floor":48.0,"turns":8.0},{"damage":45,"enemies":"Awakened One","floor":50,"turns":10},{"damage":36,"enemies":"Donu and Deca","floor":51,"turns":10},{"damage":33,"enemies":"Shield and Spear","floor":55,"turns":5},{"damage":63,"enemies":"The Heart","floor":56,"turns":10}],"green_key_taken_log":41,"seed_played":"-6106414280958827955","neow_bonus_log":{"cardsObtained":[],"cardsUpgraded":[],"cardsRemoved":[],"cardsTransformed":[],"relicsObtained":[],"maxHpGained":0,"goldGained":250,"damageTaken":0,"goldLost":0,"maxHpLost":7},"potions_obtained":[{"floor":1.0,"key":"Weak Potion"},{"floor":11.0,"key":"FairyPotion"},{"floor":12.0,"key":"SpeedPotion"},{"floor":14.0,"key":"Fruit Juice"},{"floor":24.0,"key":"BlessingOfTheForge"},{"floor":28.0,"key":"Regen Potion"},{"floor":38.0,"key":"PotionOfCapacity"}],"is_trial":false,"path_per_floor":["M","M","$","M","?","E","M","R","T","R","M","E","?","M","R","B",null,"M","$","?","?","$","R","E","M","T","M","E","$","E","M","R","B",null,"M","?","?","M","$","R","E","?","T","E","M","R","E","M","R","B","B",null,"R","$","E","B",null],"character_chosen":"DEFECT","basemod:card_modifiers":[null,null,null,null,null,null,null,null,null,null,null,null,null,null,null,null,null,null,null,null,null,null,null,null,null,null,null,null,null,null],"items_purchased":["FTL","Hello World","Fire Potion","ClockworkSouvenir","Defragment","Chemical X","Hologram"],"campfire_rested":5,"item_purchase_floors":[3,3,3,22,39,54,54],"current_hp_per_floor":[63,61,61,60,53,52,44,44,44,44,39,23,23,11,11,8,54,58,58,39,39,39,61,33,41,41,47,27,27,11,15,41,25,72,51,51,51,50,65,65,68,76,76,70,62,84,60,74,84,45,19,68,84,84,57,13],"gold":67,"neow_bonus":"TWO_FIFTY_GOLD","is_prod":false,"is_daily":false,"rewards_skipped":[{"floor":4,"relics":[],"potions":["SneckoOil"]},{"floor":25,"relics":[],"potions":["LiquidBronze"]},{"floor":45,"relics":[],"potions":["Fire Potion"]},{"floor":55,"relics":[],"potions":["PowerPotion"]}],"chose_seed":false,"campfire_upgraded":3,"win_rate":0,"floor_exit_playtime":[42,65,88,124,130,219,268,286,289,298,370,433,447,514,520,652,671,1041,1070,1072,1089,1126,1129,1256,1321,1324,1437,2612,2624,2836,2947,2949,3184,3205,3306,3312,3316,3398,3409,3415,3857,4207,9753,10077,10211,10215,10441,10605,10608,10923,11238,11250,11252,11267,11473,11945],"timestamp":1719795754,"blue_key_relic_skipped_log":{"floor":43,"relicID":"CaptainsWheel"},"path_taken":["M","M","$","M","?","E","M","R","T","R","M","E","?","M","R","BOSS","M","$","?","?","$","R","E","?","T","M","E","?","E","M","R","BOSS","M","?","?","M","?","R","E","?","T","E","?","R","E","M","R","BOSS","BOSS","R","$","E","BOSS"],"build_version":"2022-12-18","purchased_purges":3,"victory":true,"max_hp_per_floor":[64,64,64,64,64,64,64,64,64,64,64,64,64,64,64,69,69,69,69,74,74,74,74,88,88,88,88,88,88,88,88,88,88,88,88,88,84,84,84,84,84,84,84,84,84,84,84,84,84,84,84,84,84,84,84,84],"relic_stats":{"Centennial Puzzle":[39],"counters":[29,172],"Bird Faced Urn":[146],"Astrolabe":["Skim","Coolheaded","Compile Driver"],"MealTicket":15,"Kunai":[118],"Chemical X":[9],"Bottled Tornado":"Echo Form","obtain_stats":[{"Astrolabe":34,"Vajra":44,"Mango":24,"Incense Burner":47,"Bottled Tornado":28,"Akabeko":55,"ClockworkSouvenir":22,"Du-Vu Doll":42,"Centennial Puzzle":26,"Bird Faced Urn":12,"MealTicket":30,"Fusion Hammer":17,"Kunai":6,"Chemical X":54,"Cracked Core":0,"Unceasing Top":9,"Toy Ornithopter":41},{"Astrolabe":17,"Vajra":22,"Mango":11,"Incense Burner":24,"Bottled Tornado":14,"Akabeko":28,"ClockworkSouvenir":10,"Du-Vu Doll":21,"Centennial Puzzle":12,"Bird Faced Urn":7,"MealTicket":15,"Fusion Hammer":9,"Kunai":4,"Chemical X":27,"Cracked Core":0,"Unceasing Top":5,"Toy Ornithopter":20},{"Astrolabe":89,"Vajra":118,"Mango":51,"Incense Burner":129,"Bottled Tornado":66,"Akabeko":162,"ClockworkSouvenir":44,"Du-Vu Doll":111,"Centennial Puzzle":55,"Bird Faced Urn":27,"MealTicket":70,"Fusion Hammer":40,"Kunai":16,"Chemical X":157,"Cracked Core":0,"Unceasing Top":19,"Toy Ornithopter":103}],"Unceasing Top":[14],"Toy Ornithopter":5},"card_choices":[{"not_picked":["Chill","Turbo"],"picked":"Glacier","floor":1.0},{"not_picked":["Recycle","Consume"],"picked":"Gash","floor":2.0},{"not_picked":["Rebound","Stack"],"picked":"Conserve Battery","floor":4.0},{"not_picked":["Conserve Battery","Hologram"],"picked":"Echo Form","floor":6.0},{"not_picked":["Rebound","Recycle"],"picked":"Reinforced Body","floor":7.0},{"not_picked":["Beam Cell","Cold Snap"],"picked":"Doom and Gloom","floor":11.0},{"not_picked":["Go for the Eyes","Barrage"],"picked":"Chaos","floor":12.0},{"not_picked":["Beam Cell","Conserve Battery"],"picked":"Compile Driver","floor":14.0},{"not_picked":["Echo Form","All For One"],"picked":"Fission","floor":16.0},{"not_picked":["Steam","Stack"],"picked":"Go for the Eyes","floor":18.0},{"not_picked":["Machine Learning","Barrage"],"picked":"Electrodynamics","floor":24.0},{"not_picked":["Cold Snap","FTL"],"picked":"Steam Power","floor":25.0},{"not_picked":["Reinforced Body","Gash"],"picked":"Hologram","floor":27.0},{"not_picked":["Conserve Battery+1","Stack+1"],"picked":"Aggregate","floor":28.0},{"not_picked":["Rip and Tear","Barrage","Leap"],"picked":"SKIP","floor":30.0},{"not_picked":["Double Energy","Rebound"],"picked":"White Noise","floor":31.0},{"not_picked":["Core Surge","Hyperbeam"],"picked":"Seek","floor":33.0},{"not_picked":["Hello World+1","Force Field","Rebound"],"picked":"SKIP","floor":35.0},{"not_picked":["Genetic Algorithm","Recycle"],"picked":"Turbo+1","floor":38.0},{"not_picked":["Beam Cell+1","Turbo","Cold Snap+1"],"picked":"SKIP","floor":41.0},{"not_picked":["Force Field+1","Streamline+1","Beam Cell"],"picked":"SKIP","floor":42.0},{"not_picked":["Loop","Tempest+1","Barrage"],"picked":"SKIP","floor":44.0},{"not_picked":["Gash","Melter","Coolheaded"],"picked":"SKIP","floor":45.0},{"not_picked":["FTL","Redo"],"picked":"Machine Learning","floor":47.0},{"not_picked":["Ball Lightning","Cold Snap+1"],"picked":"Streamline+1","floor":48},{"not_picked":["Force Field+1","Rebound"],"picked":"White Noise","floor":55}],"player_experience":2578617,"relics_obtained":[{"floor":6.0,"key":"Kunai"},{"floor":9.0,"key":"Unceasing Top"},{"floor":12.0,"key":"Bird Faced Urn"},{"floor":24.0,"key":"Mango"},{"floor":26.0,"key":"Centennial Puzzle"},{"floor":28.0,"key":"Bottled Tornado"},{"floor":30.0,"key":"MealTicket"},{"floor":41.0,"key":"Toy Ornithopter"},{"floor":42.0,"key":"Du-Vu Doll"},{"floor":44.0,"key":"Vajra"},{"floor":47.0,"key":"Incense Burner"},{"floor":55,"key":"Akabeko"}],"event_choices":[{"cards_removed":["Strike_B"],"damage_healed":0.0,"max_hp_gain":0.0,"max_hp_loss":0.0,"gold_gain":0.0,"event_name":"Golden Wing","player_choice":"Card Removal","floor":5.0,"gold_loss":0.0,"damage_taken":7.0},{"damage_healed":0.0,"max_hp_gain":0.0,"max_hp_loss":0.0,"gold_gain":0.0,"cards_transformed":["Strike_B"],"event_name":"Living Wall","player_choice":"Change","floor":13.0,"gold_loss":0.0,"damage_taken":0.0,"cards_obtained":["Recycle"]},{"damage_healed":0.0,"max_hp_gain":5.0,"max_hp_loss":0.0,"gold_gain":0.0,"event_name":"Forgotten Altar","player_choice":"Shed Blood","floor":20.0,"gold_loss":0.0,"damage_taken":24.0},{"damage_healed":0.0,"max_hp_gain":0.0,"max_hp_loss":0.0,"gold_gain":0.0,"event_name":"Designer","player_choice":"Upgrade","floor":21.0,"gold_loss":50.0,"damage_taken":0.0,"cards_upgraded":["Recycle"]},{"cards_removed":["Zap"],"damage_healed":0.0,"max_hp_gain":0.0,"max_hp_loss":0.0,"gold_gain":0.0,"event_name":"Falling","player_choice":"Removed Skill","floor":36.0,"gold_loss":0.0,"damage_taken":0.0},{"damage_healed":0.0,"max_hp_gain":0.0,"max_hp_loss":4.0,"gold_gain":0.0,"event_name":"Winding Halls","player_choice":"Max HP","floor":37.0,"gold_loss":0.0,"damage_taken":0.0},{"damage_healed":0.0,"max_hp_gain":0.0,"max_hp_loss":0.0,"gold_gain":0.0,"event_name":"MindBloom","player_choice":"Fight","floor":42.0,"gold_loss":0.0,"damage_taken":0.0}],"is_beta":false,"boss_relics":[{"not_picked":["Inserter","Tiny House"],"picked":"Fusion Hammer"},{"not_picked":["Runic Dome","SacredBark"],"picked":"Astrolabe"}],"items_purged_floors":[3,19,29],"is_endless":false,"potions_floor_spawned":[1,4,11,12,14,24,25,28,38,45,55],"ascension_level":20,"potion_discard_per_floor":[[],[],[],[],[],[],[],[],[],[],[],[],[],["SpeedPotion"],[],[],[],[],[],[],[],[],[],[],[],[],[],[],[],[],[],[],[],[],[],[],[],[],[],[],[],[],[],[],[],[],[],[],[],[],[],[],[],[],[],[],[]]}