{"neow_bonuses_skipped_log":["THREE_CARDS","THREE_ENEMY_KILL","BOSS_RELIC"],"neow_costs_skipped_log":["NONE","NONE","NONE"],"potions_obtained_entropic_brew":[[],[],[],[],[],[],[],[],[],[],[],[],[],[],[],[]],"gold_per_floor":[368,368,380,209,209,243,243,272,272,272,272,322,322,340,340,340],"floor_reached":16,"playtime":608,"items_purged":[],"score":212,"play_id":"3035e28c-a917-4c0e-bb5a-3bff81eabf94","local_time":"20240626171027","score_breakdown":["Floors Climbed (16): 80","Enemies Slain (3): 6","Exordium Elites Killed (2): 20","Bosses Slain (0): 0","Ascension (20): 106"],"is_ascension_mode":true,"potions_obtained_alchemize":[[],[],[],[],[],[],[],[],[],[],[],[],[],[],[],[]],"campfire_choices":[{"floor":7,"key":"REST"},{"floor":10,"key":"REST"},{"floor":13,"key":"REST"},{"data":"Defragment","floor":15,"key":"SMITH"}],"lesson_learned_per_floor":[[],[],[],[],[],[],[],[],[],[],[],[],[],[],[],[]],"neow_cost":"TEN_PERCENT_HP_LOSS","improvable_cards":{},"seed_source_timestamp":1253736941268200,"shop_contents":[{"floor":4,"relics":["Strawberry","CeramicFish"],"cards":["Go for the Eyes","Gash","White Noise","Coolheaded","Hello World","Deep Breath","Mayhem"],"potions":["Dexterity Potion","FearPotion","AttackPotion"]}],"circlet_count":0,"master_deck":["AscendersBane","Strike_B+1","Strike_B","Strike_B","Strike_B","Defend_B","Defend_B","Defend_B","Zap","Dualcast","Cold Snap","Recycle+1","Ball Lightning","Defragment+1","Ball Lightning","BootSequence","Leap","Ball Lightning"],"potion_use_per_floor":[[],[],[],[],[],[],[],[],[],[],[],[],[],[],[],[]],"relics":["Cracked Core","Orrery","Girya","Lantern","Question Card"],"potions_floor_usage":[],"damage_taken":[{"damage":12,"enemies":"Small Slimes","floor":1,"turns":3},{"damage":7,"enemies":"Jaw Worm","floor":3,"turns":3},{"damage":22,"enemies":"3 Sentries","floor":6,"turns":6},{"damage":24,"enemies":"Gremlin Nob","floor":8,"turns":4},{"damage":3,"enemies":"Cultist","floor":14,"turns":3},{"damage":19,"enemies":"Slime Boss","floor":16,"turns":7}],"seed_played":"-5480556659122580626","neow_bonus_log":{"cardsObtained":[],"cardsUpgraded":[],"cardsRemoved":[],"cardsTransformed":[],"relicsObtained":[],"maxHpGained":0,"goldGained":250,"damageTaken":0,"goldLost":0,"maxHpLost":7},"potions_obtained":[{"floor":8,"key":"SmokeBomb"}],"is_trial":false,"path_per_floor":["M","?","M","$","?","E","R","E","T","R","?","?","R","M","R","B"],"character_chosen":"DEFECT","basemod:card_modifiers":[null,null,null,null,null,null,null,null,null,null,null,null,null,null,null,null,null,null],"items_purchased":["Orrery"],"campfire_rested":3,"item_purchase_floors":[4],"current_hp_per_floor":[52,52,45,45,34,12,31,7,7,26,7,1,20,17,17,0],"gold":340,"neow_bonus":"TWO_FIFTY_GOLD","is_prod":false,"is_daily":false,"rewards_skipped":[],"chose_seed":false,"campfire_upgraded":1,"win_rate":0,"floor_exit_playtime":[96,107,157,296,301,380,382,432,435,438,441,447,449,477,487],"timestamp":1719436227,"path_taken":["M","?","M","$","?","E","R","E","T","R","?","?","R","M","R","BOSS"],"build_version":"2022-12-18","purchased_purges":0,"victory":false,"max_hp_per_floor":[64,64,64,64,64,64,64,64,64,64,64,64,64,64,64,64],"relic_stats":{"Girya":0,"counters":[6,26],"Question Card":1,"obtain_stats":[{"Girya":6,"Lantern":8,"Orrery":4,"Cracked Core":0,"Question Card":9},{"Girya":3,"Lantern":4,"Orrery":2,"Cracked Core":0,"Question Card":4},{"Girya":12,"Lantern":16,"Orrery":6,"Cracked Core":0,"Question Card":16}]},"card_choices":[{"not_picked":["Conserve Battery","Force Field"],"picked":"Cold Snap","floor":1},{"not_picked":["Compile Driver","Barrage"],"picked":"Ball Lightning","floor":3},{"not_picked":["Ball Lightning","Buffer"],"picked":"Defragment","floor":4},{"not_picked":["Double Energy","Beam Cell"],"picked":"Ball Lightning","floor":4},{"not_picked":["Rebound","Ball Lightning"],"picked":"BootSequence","floor":4},{"not_picked":["Redo","Streamline"],"picked":"Leap","floor":4},{"not_picked":["Streamline","Compile Driver","Go for the Eyes"],"picked":"SKIP","floor":4},{"not_picked":["Steam Power","Hello World"],"picked":"Ball Lightning","floor":6},{"not_picked":["Rip and Tear","Rebound","BootSequence"],"picked":"SKIP","floor":8},{"not_picked":["Fusion","Auto Shields","Sweeping Beam","Barrage"],"picked":"SKIP","floor":14}],"player_experience":2565094,"relics_obtained":[{"floor":6,"key":"Girya"},{"floor":8,"key":"Lantern"},{"floor":9,"key":"Question Card"}],"event_choices":[{"damage_healed":0,"gold_gain":0,"cards_transformed":["Defend_B"],"player_choice":"Change","damage_taken":0,"max_hp_gain":0,"max_hp_loss":0,"event_name":"Living Wall","floor":2,"gold_loss":0,"cards_obtained":["Recycle"]},{"damage_healed":0,"gold_gain":0,"player_choice":"Fled","damage_taken":11,"max_hp_gain":0,"max_hp_loss":0,"event_name":"Scrap Ooze","floor":5,"gold_loss":0},{"damage_healed":0,"gold_gain":0,"player_choice":"Entered Light","damage_taken":19,"max_hp_gain":0,"max_hp_loss":0,"event_name":"Shining Light","floor":11,"gold_loss":0,"cards_upgraded":["Recycle","Strike_B"]},{"damage_healed":0,"gold_gain":50,"player_choice":"Touch","damage_taken":6,"max_hp_gain":0,"max_hp_loss":0,"event_name":"FaceTrader","floor":12,"gold_loss":0}],"is_beta":false,"boss_relics":[],"items_purged_floors":[],"is_endless":false,"potions_floor_spawned":[8],"killed_by":"Slime Boss","ascension_level":20,"potion_discard_per_floor":[[],[],[],[],[],[],[],[],[],[],[],[],[],[],[],[]]}