{"neow_bonuses_skipped_log":["REMOVE_CARD","RANDOM_COMMON_RELIC","BOSS_RELIC"],"neow_costs_skipped_log":["NONE","NONE","NONE"],"potions_obtained_entropic_brew":[[],[],[],[],[],[],[],[],[],[],[],[],[],[],[],[],[],[],[],[],[],[],[],[],[],[],[],[]],"gold_per_floor":[16,34,46,62,62,93,93,121,121,121,136,136,169,185,185,257,257,268,268,268,268,281,281,312,312,335,335,335],"floor_reached":28,"playtime":1236,"items_purged":[],"score":512,"play_id":"ce49b53e-4b0f-4b81-b139-f8b19e10f0bd","local_time":"20240630174059","score_breakdown":["Floors Climbed (28): 140","Enemies Slain (8): 16","Exordium Elites Killed (3): 30","City Elites Killed (1): 20","Bosses Slain (1): 50","Ascension (20): 256"],"is_ascension_mode":true,"potions_obtained_alchemize":[[],[],[],[],[],[],[],[],[],[],[],[],[],[],[],[],[],[],[],[],[],[],[],[],[],[],[],[]],"campfire_choices":[{"data":"Sunder","floor":7,"key":"SMITH"},{"data":"Biased Cognition","floor":10,"key":"SMITH"},{"data":"Self Repair","floor":12,"key":"SMITH"},{"data":"Genetic Algorithm","floor":15,"key":"SMITH"},{"data":"Coolheaded","floor":23,"key":"SMITH"},{"data":"RitualDagger","floor":27,"key":"SMITH"}],"lesson_learned_per_floor":[[],[],[],[],[],[],[],[],[],[],[],[],[],[],[],[],[],[],[],[],[],[],[],[],[],[],[],[]],"neow_cost":"NO_GOLD","improvable_cards":{"Genetic Algorithm+1":[18],"RitualDagger+1":[15]},"seed_source_timestamp":1600541948926600,"shop_contents":[],"circlet_count":0,"master_deck":["AscendersBane","Strike_B","Strike_B","Strike_B","Defend_B","Defend_B","Defend_B","Defend_B","Zap","Dualcast","Biased Cognition+1","Go for the Eyes","Rip and Tear","Sunder+1","Steam","Self Repair+1","Genetic Algorithm+1","Static Discharge+1","Conserve Battery","Buffer+1","Skim","Capacitor+1","Coolheaded+1","Hologram","RitualDagger+1"],"potion_use_per_floor":[[],[],[],[],[],["EssenceOfSteel"],[],["Energy Potion"],[],[],[],[],[],[],[],["PowerPotion","FearPotion"],[],[],[],[],[],[],[],[],[],[],[],[]],"relics":["FrozenCore","Ginger","Pocketwatch","The Courier","Frozen Egg 2","Ancient Tea Set"],"potions_floor_usage":[6,8,16,16],"damage_taken":[{"damage":7,"enemies":"Jaw Worm","floor":1,"turns":2},{"damage":0,"enemies":"Cultist","floor":2,"turns":3},{"damage":6,"enemies":"Small Slimes","floor":3,"turns":3},{"damage":4,"enemies":"Looter","floor":4,"turns":3},{"damage":11,"enemies":"3 Sentries","floor":6,"turns":6},{"damage":8,"enemies":"Gremlin Nob","floor":8,"turns":3},{"damage":10,"enemies":"Lots of Slimes","floor":11,"turns":5},{"damage":14,"enemies":"3 Sentries","floor":13,"turns":5},{"damage":1,"enemies":"Blue Slaver","floor":14,"turns":2},{"damage":6,"enemies":"Hexaghost","floor":16,"turns":7},{"damage":5,"enemies":"Spheric Guardian","floor":18,"turns":7},{"damage":26,"enemies":"2 Thieves","floor":22,"turns":2},{"damage":16,"enemies":"Gremlin Leader","floor":24,"turns":8},{"damage":14,"enemies":"Centurion and Healer","floor":28,"turns":7}],"seed_played":"-5451241707718683869","neow_bonus_log":{"cardsObtained":[],"cardsUpgraded":[],"cardsRemoved":[],"cardsTransformed":[],"relicsObtained":[],"maxHpGained":0,"goldGained":0,"damageTaken":0,"goldLost":99,"maxHpLost":0},"potions_obtained":[{"floor":2,"key":"EssenceOfSteel"},{"floor":3,"key":"Weak Potion"},{"floor":6,"key":"Energy Potion"},{"floor":8,"key":"FearPotion"},{"floor":14,"key":"PowerPotion"},{"floor":24,"key":"SteroidPotion"}],"is_trial":false,"path_per_floor":["M","M","M","M","?","E","R","E","T","R","M","R","E","M","R","B",null,"M","?","?","?","M","R","E","?","T","R","M"],"character_chosen":"DEFECT","basemod:card_modifiers":[null,null,null,null,null,null,null,null,null,null,null,null,null,null,null,null,null,null,null,null,null,null,null,null,null],"items_purchased":[],"campfire_rested":0,"item_purchase_floors":[],"current_hp_per_floor":[57,57,51,47,47,36,36,35,35,35,32,32,28,27,27,31,61,66,66,66,66,50,50,44,38,38,38,24],"gold":335,"neow_bonus":"THREE_RARE_CARDS","is_prod":false,"is_daily":false,"rewards_skipped":[{"floor":5,"relics":[],"potions":["EssenceOfSteel","GamblersBrew"]}],"chose_seed":false,"campfire_upgraded":6,"win_rate":0,"floor_exit_playtime":[51,80,112,144,161,239,249,300,303,334,414,429,495,531,541,665,704,815,850,854,864,902,912,1091,1114,1121,1127],"timestamp":1719783659,"blue_key_relic_skipped_log":{"floor":26,"relicID":"Regal Pillow"},"path_taken":["M","M","M","M","?","E","R","E","T","R","M","R","E","M","R","BOSS","M","?","?","?","?","R","E","?","T","R","M"],"build_version":"2022-12-18","purchased_purges":0,"victory":false,"max_hp_per_floor":[71,71,71,71,71,71,71,71,71,71,71,71,71,71,71,71,71,71,71,71,71,71,71,71,71,71,71,71],"relic_stats":{"counters":[14,63],"The Courier":0,"Ginger":[7],"Ancient Tea Set":[2],"obtain_stats":[{"The Courier":9,"Ginger":6,"Frozen Egg 2":13,"Cracked Core":0,"Ancient Tea Set":24,"Pocketwatch":8,"FrozenCore":17},{"The Courier":6,"Ginger":5,"Frozen Egg 2":8,"Cracked Core":0,"Ancient Tea Set":13,"Pocketwatch":6,"FrozenCore":10},{"The Courier":20,"Ginger":17,"Frozen Egg 2":30,"Cracked Core":0,"Ancient Tea Set":56,"Pocketwatch":20,"FrozenCore":39}],"FrozenCore":[12],"Pocketwatch":[75]},"card_choices":[{"not_picked":["Creative AI","Echo Form"],"picked":"Biased Cognition","floor":0},{"not_picked":["Redo","Storm"],"picked":"Go for the Eyes","floor":1},{"not_picked":["Double Energy","Beam Cell"],"picked":"Rip and Tear","floor":2},{"not_picked":["Turbo","Beam Cell"],"picked":"Sunder","floor":3},{"not_picked":["White Noise","Barrage"],"picked":"Steam","floor":4},{"not_picked":["Go for the Eyes","Rip and Tear"],"picked":"Self Repair","floor":6},{"not_picked":["Streamline","Blizzard","Sweeping Beam"],"picked":"SKIP","floor":8},{"not_picked":["Biased Cognition","Go for the Eyes"],"picked":"Genetic Algorithm","floor":11},{"not_picked":["Go for the Eyes","Cold Snap"],"picked":"Static Discharge+1","floor":13},{"not_picked":["Reprogram","Scrape"],"picked":"Conserve Battery","floor":14},{"not_picked":["Amplify","Seek"],"picked":"Buffer+1","floor":16},{"not_picked":["Sweeping Beam","Heatsinks+1"],"picked":"Skim","floor":18},{"not_picked":["Static Discharge+1","Streamline","Rebound","Beam Cell","Barrage","Rip and Tear","Compile Driver","Loop+1","Gash","Conserve Battery","Turbo","Recycle","Reinforced Body","Glacier","Force Field","Go for the Eyes","Stack","Hologram","Coolheaded"],"picked":"Capacitor+1","floor":19},{"not_picked":["Redo","Gash"],"picked":"Coolheaded","floor":22},{"not_picked":["Stack+1","Streamline"],"picked":"Hologram","floor":24}],"player_experience":2577381,"relics_obtained":[{"floor":6,"key":"Ginger"},{"floor":8,"key":"Pocketwatch"},{"floor":9,"key":"The Courier"},{"floor":13,"key":"Frozen Egg 2"},{"floor":24,"key":"Ancient Tea Set"}],"event_choices":[{"damage_healed":0,"gold_gain":0,"player_choice":"Got Potions","damage_taken":0,"max_hp_gain":0,"max_hp_loss":0,"event_name":"Lab","floor":5,"gold_loss":0},{"damage_healed":0,"gold_gain":0,"player_choice":"Read","damage_taken":0,"max_hp_gain":0,"max_hp_loss":0,"event_name":"The Library","floor":19,"gold_loss":0,"cards_obtained":["Capacitor"]},{"damage_healed":0,"gold_gain":0,"player_choice":"Ignored","damage_taken":0,"max_hp_gain":0,"max_hp_loss":0,"event_name":"Ghosts","floor":20,"gold_loss":0},{"cards_removed":["Strike_B"],"damage_healed":0,"gold_gain":0,"player_choice":"Purged","damage_taken":0,"max_hp_gain":0,"max_hp_loss":0,"event_name":"Purifier","floor":21,"gold_loss":0},{"damage_healed":0,"gold_gain":0,"player_choice":"Joined the Cult","damage_taken":6,"max_hp_gain":0,"max_hp_loss":0,"event_name":"Nest","floor":25,"gold_loss":0,"cards_obtained":["RitualDagger"]}],"is_beta":false,"boss_relics":[{"not_picked":["Calling Bell","Busted Crown"],"picked":"FrozenCore"}],"items_purged_floors":[],"is_endless":false,"potions_floor_spawned":[2,3,6,8,14,24],"killed_by":"Centurion and Healer","ascension_level":20,"potion_discard_per_floor":[[],[],[],[],[],[],[],[],[],[],[],[],[],["Weak Potion"],[],[],[],[],[],[],[],[],[],[],[],[],[],[]]}