{"neow_bonuses_skipped_log":["RANDOM_COLORLESS","THREE_ENEMY_KILL","BOSS_RELIC"],"potions_obtained_entropic_brew":[[],[],[],[],[],[],[],[],[],[],[],[],[],[],[],[],[],[],[],[],[],[],[],[],[],[],[],[],[],[],[],[],[],[],[],[],[],[],[],[],["Block Potion","SpeedPotion"],[],[],[],[],[],[],[],[],[],[],[],[],[],[],[],[]],"neow_costs_skipped_log":["NONE","NONE","NONE"],"gold_per_floor":[19,36,36,52,65,65,91,91,91,107,120,132,162,87,87,158,158,178,195,209,209,259,259,259,287,287,287,73,73,105,116,116,191,191,202,217,232,251,251,251,282,282,282,298,331,344,58,58,58,58,58,58,58,58,87,87],"floor_reached":57,"playtime":14133,"items_purged":["Defend_B"],"score":2828,"play_id":"66a4378b-8904-4ece-aa46-190cf090d5e8","local_time":"20240703005853","score_breakdown":["Floors Climbed (57): 285","Enemies Slain (17): 34","Exordium Elites Killed (2): 20","City Elites Killed (2): 40","Beyond Elites Killed (2): 60","Bosses Slain (5): 750","Champion (3): 75","Overkill: 25","Ascension (20): 1289","Heartbreaker: 250"],"is_ascension_mode":true,"potions_obtained_alchemize":[[],[],[],[],[],[],[],[],[],[],[],[],[],[],[],[],[],[],[],[],[],[],[],[],[],[],[],[],[],[],[],[],[],[],[],[],[],[],[],[],[],[],[],[],[],[],[],[],[],[],[],[],[],[],[],[],[]],"campfire_choices":[{"data":"Ball Lightning","floor":6,"key":"SMITH"},{"floor":8,"key":"REST"},{"data":"Zap","floor":15,"key":"SMITH"},{"data":"Consume","floor":23,"key":"SMITH"},{"data":"Capacitor","floor":27,"key":"SMITH"},{"data":"Loop","floor":29,"key":"SMITH"},{"floor":32,"key":"REST"},{"data":"Hologram","floor":40,"key":"SMITH"},{"data":"Rainbow","floor":42,"key":"SMITH"},{"floor":49,"key":"RECALL"},{"data":"Defragment","floor":53,"key":"SMITH"}],"lesson_learned_per_floor":[[],[],[],[],[],[],[],[],[],[],[],[],[],[],[],[],[],[],[],[],[],[],[],[],[],[],[],[],[],[],[],[],[],[],[],[],[],[],[],[],[],[],[],[],[],[],[],[],[],[],[],[],[],[],[],[],[]],"neow_cost":"NO_GOLD","improvable_cards":{},"seed_source_timestamp":1786635206554800,"shop_contents":[{"floor":28,"relics":["Bronze Scales","Art of War"],"cards":["Sweeping Beam","Rebound","Turbo","Steam","Finesse","HandOfGreed"],"potions":["SmokeBomb","SteroidPotion","ColorlessPotion"]},{"floor":47,"relics":["Eternal Feather","White Beast Statue","ClockworkSouvenir"],"cards":["Hyperbeam","Conserve Battery","Stack","Jack Of All Trades","Transmutation"],"potions":["SkillPotion","Ancient Potion","Regen Potion"]},{"floor":54,"relics":["Oddly Smooth Stone","Mango","Runic Capacitor"],"cards":["Sunder","Doom and Gloom","Redo","Tempest","Hello World","Madness","Apotheosis"],"potions":["PotionOfCapacity","CultistPotion","DistilledChaos"]}],"circlet_count":0,"master_deck":["AscendersBane","Strike_B","Strike_B","Defend_B","Defend_B","Defend_B","Zap+1","Dualcast","Cold Snap","Ball Lightning+1","Capacitor+1","Compile Driver","Chill","Conserve Battery","Undo","Reboot","Reinforced Body","Consume+1","Reprogram","Beam Cell","Recycle","Loop+1","White Noise","Electrodynamics","Defragment+1","Force Field+1","Coolheaded+1","Hologram+1","Rainbow+1","Self Repair","Echo Form","Doom and Gloom","Compile Driver+1"],"potion_use_per_floor":[[],[],[],[],[],[],["Explosive Potion"],[],[],[],[],[],[],[],[],["SteroidPotion"],[],["AttackPotion"],[],["LiquidMemories"],[],[],[],[],["Fire Potion"],[],[],[],[],[],["Energy Potion"],[],["CultistPotion"],[],[],[],[],[],[],[],["Explosive Potion","EntropicBrew","Block Potion"],[],[],[],["SpeedPotion"],[],[],[],[],[],["Dexterity Potion"],[],[],[],[],["SkillPotion"],[]],"relics":["Cracked Core","Incense Burner","WarpedTongs","Regal Pillow","PreservedInsect","Symbiotic Virus","Snecko Eye","Singing Bowl","Calipers","Cables","Toolbox","Happy Flower","Nuclear Battery","Mummified Hand","Blood Vial","Toy Ornithopter","Pear"],"potions_floor_usage":[7,16,18,20,25,31,33,41,41,41,45,51,56],"damage_taken":[{"damage":2,"enemies":"Jaw Worm","floor":1,"turns":3},{"damage":4,"enemies":"Cultist","floor":2,"turns":4},{"damage":8,"enemies":"2 Louse","floor":4,"turns":2},{"damage":9,"enemies":"Blue Slaver","floor":5,"turns":5},{"damage":12,"enemies":"3 Sentries","floor":7,"turns":5},{"damage":1,"enemies":"Gremlin Gang","floor":10,"turns":7},{"damage":0,"enemies":"3 Louse","floor":11,"turns":3},{"damage":4,"enemies":"Exordium Thugs","floor":12,"turns":4},{"damage":5,"enemies":"Lagavulin","floor":13,"turns":5},{"damage":11,"enemies":"Hexaghost","floor":16,"turns":9},{"damage":8,"enemies":"Chosen","floor":18,"turns":5},{"damage":0,"enemies":"2 Thieves","floor":19,"turns":4},{"damage":4,"enemies":"Snecko","floor":20,"turns":6},{"damage":0,"enemies":"Gremlin Leader","floor":25,"turns":6},{"damage":43,"enemies":"Slavers","floor":30,"turns":3},{"damage":5,"enemies":"3 Cultists","floor":31,"turns":6},{"damage":7,"enemies":"Collector","floor":33,"turns":11},{"damage":0,"enemies":"Orb Walker","floor":35,"turns":3},{"damage":0,"enemies":"3 Shapes","floor":36,"turns":3},{"damage":0,"enemies":"Maw","floor":37,"turns":7},{"damage":0,"enemies":"4 Shapes","floor":38,"turns":12},{"damage":31,"enemies":"Giant Head","floor":41,"turns":10},{"damage":0,"enemies":"Transient","floor":44,"turns":6},{"damage":0,"enemies":"Reptomancer","floor":45,"turns":6},{"damage":5,"enemies":"Jaw Worm Horde","floor":46,"turns":4},{"damage":19,"enemies":"Donu and Deca","floor":50,"turns":9},{"damage":13,"enemies":"Awakened One","floor":51,"turns":15},{"damage":27,"enemies":"Shield and Spear","floor":55,"turns":8},{"damage":55,"enemies":"The Heart","floor":56,"turns":10}],"green_key_taken_log":45,"seed_played":"-5710188955648281374","neow_bonus_log":{"cardsObtained":[],"cardsUpgraded":[],"cardsRemoved":[],"cardsTransformed":[],"relicsObtained":["Incense Burner"],"maxHpGained":0,"goldGained":0,"damageTaken":0,"goldLost":99,"maxHpLost":0},"potions_obtained":[{"floor":4,"key":"AttackPotion"},{"floor":5,"key":"Explosive Potion"},{"floor":7,"key":"SteroidPotion"},{"floor":18,"key":"LiquidMemories"},{"floor":19,"key":"Fire Potion"},{"floor":25,"key":"CultistPotion"},{"floor":30,"key":"Energy Potion"},{"floor":37,"key":"FearPotion"},{"floor":38,"key":"Explosive Potion"},{"floor":39,"key":"EntropicBrew"},{"floor":44,"key":"Dexterity Potion"},{"floor":45,"key":"Ancient Potion"},{"floor":55,"key":"SkillPotion"}],"is_trial":false,"path_per_floor":["M","M","?","M","M","R","E","R","T","M","M","M","E","?","R","B",null,"M","M","M","?","?","R","T","E","T","R","$","R","E","M","R","B",null,"M","M","M","M","?","R","E","R","T","M","E","M","$","T","R","B","B",null,"R","$","E","B",null],"character_chosen":"DEFECT","basemod:card_modifiers":[null,null,null,null,null,null,null,null,null,null,null,null,null,null,null,null,null,null,null,null,null,null,null,null,null,null,null,null,null,null,null,null,null],"items_purchased":["Loop","Toolbox","Echo Form","Doom and Gloom"],"campfire_rested":2,"item_purchase_floors":[28,28,47,47],"current_hp_per_floor":[62,58,58,50,41,41,29,65,65,64,64,60,55,55,55,44,64,56,56,52,52,52,52,52,52,52,52,52,52,11,6,42,35,64,64,64,64,64,64,64,33,33,33,33,42,48,48,48,48,45,59,73,73,73,68,20],"gold":87,"neow_bonus":"ONE_RARE_RELIC","is_prod":false,"is_daily":false,"rewards_skipped":[{"floor":11,"relics":[],"potions":["DuplicationPotion"]},{"floor":13,"relics":[],"potions":["AttackPotion"]},{"floor":39,"relics":[],"potions":["AttackPotion"]},{"floor":46,"relics":[],"potions":["ColorlessPotion"]}],"chose_seed":false,"campfire_upgraded":8,"win_rate":0,"floor_exit_playtime":[44,73,118,149,202,213,289,296,299,386,438,499,577,584,596,733,776,850,914,1002,1009,1013,1023,1026,1128,1131,1139,1152,1159,1224,1353,1538,1788,1806,1899,1968,2112,2339,12319,12338,12642,12653,12655,12805,12935,13057,13076,13078,13082,13300,13675,13687,13706,13715,13892,14133],"timestamp":1719982733,"blue_key_relic_skipped_log":{"floor":43,"relicID":"Shuriken"},"path_taken":["M","M","?","?","M","R","E","R","T","M","M","M","E","?","R","BOSS","M","M","M","?","?","R","?","E","T","R","$","R","E","M","R","BOSS","M","M","M","?","?","R","E","R","T","M","E","M","$","?","R","BOSS","BOSS","R","$","E","BOSS"],"build_version":"2022-12-18","purchased_purges":1,"victory":true,"max_hp_per_floor":[71,71,71,71,71,71,71,71,71,71,71,71,71,71,71,71,71,71,71,71,71,71,71,71,71,71,71,71,71,73,73,73,73,73,73,73,73,73,73,73,73,73,73,73,75,77,77,77,77,77,77,77,77,77,87,87],"relic_stats":{"Regal Pillow":30,"Calipers":[4379],"Singing Bowl":6,"Happy Flower":[36],"counters":[29,181],"PreservedInsect":384,"WarpedTongs":[174],"Cables":[105,25,48,17,15],"Blood Vial":10,"Mummified Hand":[96],"Snecko Eye":[262,252,265,241,-445],"obtain_stats":[{"Regal Pillow":7,"Calipers":25,"Pear":55,"Singing Bowl":24,"Happy Flower":30,"PreservedInsect":9,"Incense Burner":0,"WarpedTongs":3,"Cables":26,"Nuclear Battery":34,"Blood Vial":45,"Mummified Hand":41,"Snecko Eye":17,"Toolbox":28,"Cracked Core":0,"Symbiotic Virus":13,"Toy Ornithopter":48},{"Regal Pillow":5,"Calipers":14,"Pear":28,"Singing Bowl":13,"Happy Flower":15,"PreservedInsect":5,"Incense Burner":0,"WarpedTongs":2,"Cables":14,"Nuclear Battery":17,"Blood Vial":24,"Mummified Hand":22,"Snecko Eye":10,"Toolbox":14,"Cracked Core":0,"Symbiotic Virus":9,"Toy Ornithopter":25},{"Regal Pillow":19,"Calipers":68,"Pear":171,"Singing Bowl":62,"Happy Flower":71,"PreservedInsect":19,"Incense Burner":0,"WarpedTongs":7,"Cables":68,"Nuclear Battery":88,"Blood Vial":135,"Mummified Hand":123,"Snecko Eye":47,"Toolbox":68,"Cracked Core":0,"Symbiotic Virus":38,"Toy Ornithopter":139}],"Toy Ornithopter":10},"card_choices":[{"not_picked":["Redo","Beam Cell"],"picked":"Cold Snap","floor":1},{"not_picked":["Turbo","Beam Cell"],"picked":"Ball Lightning","floor":2},{"not_picked":["Hologram","Stack"],"picked":"Capacitor","floor":4},{"not_picked":["White Noise","Auto Shields"],"picked":"Compile Driver","floor":5},{"not_picked":["Steam Power","Rebound"],"picked":"Chill","floor":7},{"not_picked":["Gash","Redo","Stack"],"picked":"SKIP","floor":10},{"not_picked":["Amplify","Stack","Hello World"],"picked":"SKIP","floor":11},{"not_picked":["Storm","Streamline"],"picked":"Conserve Battery","floor":12},{"not_picked":["Recycle","Hello World"],"picked":"Undo","floor":13},{"not_picked":["Machine Learning","Thunder Strike"],"picked":"Reboot","floor":16},{"not_picked":["Hologram","Scrape+1"],"picked":"Reinforced Body","floor":18},{"not_picked":["Conserve Battery+1","Coolheaded"],"picked":"Consume","floor":19},{"not_picked":["Blizzard","Auto Shields","Scrape"],"picked":"SKIP","floor":20},{"not_picked":["Darkness","Multi-Cast"],"picked":"Recycle","floor":25},{"not_picked":["Gash+1","Tempest","Cold Snap"],"picked":"Singing Bowl","floor":30},{"not_picked":["Coolheaded","Stack"],"picked":"White Noise","floor":31},{"not_picked":["Amplify","Reboot"],"picked":"Electrodynamics","floor":33},{"not_picked":["Tempest","Barrage"],"picked":"Defragment","floor":35},{"not_picked":["FTL","Hello World+1"],"picked":"Force Field+1","floor":36},{"not_picked":["Cold Snap+1","White Noise"],"picked":"Coolheaded+1","floor":37},{"not_picked":["Leap","Double Energy+1"],"picked":"Hologram","floor":38},{"not_picked":["All For One","Thunder Strike"],"picked":"Rainbow","floor":41},{"not_picked":["Barrage+1","Consume"],"picked":"Self Repair","floor":44},{"not_picked":["Reprogram","FTL","Ball Lightning"],"picked":"Singing Bowl","floor":45},{"not_picked":["Cold Snap+1","Rebound","BootSequence+1"],"picked":"Singing Bowl","floor":46},{"not_picked":["Conserve Battery","Double Energy"],"picked":"Compile Driver+1","floor":55}],"player_experience":2599892,"relics_obtained":[{"floor":7,"key":"Regal Pillow"},{"floor":9,"key":"PreservedInsect"},{"floor":13,"key":"Symbiotic Virus"},{"floor":24,"key":"Singing Bowl"},{"floor":25,"key":"Calipers"},{"floor":26,"key":"Cables"},{"floor":30,"key":"Happy Flower"},{"floor":41,"key":"Mummified Hand"},{"floor":45,"key":"Blood Vial"},{"floor":48,"key":"Toy Ornithopter"},{"floor":55,"key":"Pear"}],"event_choices":[{"damage_healed":0,"gold_gain":0,"player_choice":"Rummage","damage_taken":0,"relics_obtained":["WarpedTongs"],"max_hp_gain":0,"max_hp_loss":0,"event_name":"Accursed Blacksmith","floor":3,"gold_loss":0,"cards_obtained":["Pain"]},{"cards_removed":["Pain"],"damage_healed":0,"gold_gain":0,"player_choice":"Card Removal","damage_taken":0,"max_hp_gain":0,"max_hp_loss":0,"event_name":"The Cleric","floor":14,"gold_loss":75},{"damage_healed":0,"gold_gain":0,"cards_transformed":["Strike_B","Strike_B"],"player_choice":"Became Test Subject","damage_taken":0,"max_hp_gain":0,"max_hp_loss":0,"event_name":"Drug Dealer","floor":21,"gold_loss":0,"cards_obtained":["Reprogram","Beam Cell"]},{"damage_healed":0,"gold_gain":50,"player_choice":"Stole From Cult","damage_taken":0,"max_hp_gain":0,"max_hp_loss":0,"event_name":"Nest","floor":22,"gold_loss":0},{"damage_healed":0,"gold_gain":0,"player_choice":"Got Potions","damage_taken":0,"max_hp_gain":0,"max_hp_loss":0,"event_name":"Lab","floor":39,"gold_loss":0}],"is_beta":false,"boss_relics":[{"not_picked":["Velvet Choker","SlaversCollar"],"picked":"Snecko Eye"},{"not_picked":["Sozu","Black Star"],"picked":"Nuclear Battery"}],"items_purged_floors":[47],"is_endless":false,"potions_floor_spawned":[4,5,7,11,13,18,19,25,30,37,38,44,45,46,55],"ascension_level":20,"potion_discard_per_floor":[[],[],[],[],[],[],[],[],[],[],[],[],[],[],[],[],[],[],[],[],[],[],[],[],[],[],[],[],[],[],[],[],[],[],[],[],[],[],["FearPotion"],[],[],[],[],[],[],[],[],[],[],[],[],[],[],[],[],[],[]]}