{"neow_bonuses_skipped_log":["UPGRADE_CARD","HUNDRED_GOLD","BOSS_RELIC"],"potions_obtained_entropic_brew":[[],[],[],[],[],[],[],[],[],[],[],[],[],[],[],[],[],[],[],[],[],[],[]],"neow_costs_skipped_log":["NONE","NONE","NONE"],"gold_per_floor":[119,130,149,149,149,149,167,199,199,199,231,248,283,301,301,378,378,406,433,445,457,469,481],"floor_reached":23,"playtime":965,"items_purged":[],"score":447,"play_id":"9662c1b0-9fd1-44f1-912c-ce2f07a1c9e6","local_time":"20240830145919","score_breakdown":["Floors Climbed (23): 115","Enemies Slain (8): 16","Exordium Elites Killed (3): 30","City Elites Killed (0): 0","Bosses Slain (1): 50","Collector (1): 25","Ascension (20): 211"],"is_ascension_mode":true,"potions_obtained_alchemize":[[],[],[],[],[],[],[],[],[],[],[],[],[],[],[],[],[],[],[],[],[],[],[]],"campfire_choices":[{"data":"Streamline","floor":6.0,"key":"SMITH"},{"data":"Ball Lightning","floor":10.0,"key":"SMITH"},{"data":"Coolheaded","floor":15.0,"key":"SMITH"}],"lesson_learned_per_floor":[[],[],[],[],[],[],[],[],[],[],[],[],[],[],[],[],[],[],[],[],[],[],[]],"neow_cost":"TEN_PERCENT_HP_LOSS","improvable_cards":{},"seed_source_timestamp":503149902953600,"shop_contents":[],"circlet_count":0,"master_deck":["AscendersBane","Defend_B","Defend_B","Defend_B","Dualcast","Master of Strategy","Coolheaded+1","Cold Snap","Streamline+1","Leap","Ball Lightning+1","Conserve Battery","Glacier","Coolheaded","Blizzard","Biased Cognition","CurseOfTheBell","Glacier","Bite","Bite","Bite","Bite","Bite","Capacitor","Reboot","Sunder"],"special_seed":0,"potion_use_per_floor":[[],[],[],[],[],[],[],[],[],[],["Swift Potion"],["Regen Potion","Energy Potion"],["FocusPotion"],[],[],["LiquidMemories","Swift Potion"],[],[],["SkillPotion"],[],[],[],["PowerPotion"]],"relics":["Cracked Core","Girya","White Beast Statue","Eternal Feather","Matryoshka","Calling Bell","MawBank","StrikeDummy","WingedGreaves"],"potions_floor_usage":[23],"damage_taken":[{"damage":0.0,"enemies":"2 Louse","floor":1.0,"turns":2.0},{"damage":7.0,"enemies":"Small Slimes","floor":2.0,"turns":3.0},{"damage":0.0,"enemies":"Jaw Worm","floor":3.0,"turns":4.0},{"damage":16.0,"enemies":"Large Slime","floor":7.0,"turns":5.0},{"damage":11.0,"enemies":"Lagavulin","floor":8.0,"turns":7.0},{"damage":30.0,"enemies":"Gremlin Nob","floor":11.0,"turns":4.0},{"damage":5.0,"enemies":"Exordium Wildlife","floor":12.0,"turns":6.0},{"damage":8.0,"enemies":"3 Sentries","floor":13.0,"turns":6.0},{"damage":2.0,"enemies":"3 Louse","floor":14.0,"turns":4.0},{"damage":9.0,"enemies":"The Guardian","floor":16.0,"turns":13.0},{"damage":0.0,"enemies":"Spheric Guardian","floor":18.0,"turns":6.0},{"damage":2.0,"enemies":"Chosen","floor":19.0,"turns":5.0},{"damage":59,"enemies":"Slavers","floor":23,"turns":3}],"seed_played":"-9183555858746213635","neow_bonus_log":{"cardsObtained":[],"cardsUpgraded":[],"cardsRemoved":[],"cardsTransformed":[],"relicsObtained":[],"maxHpGained":0,"goldGained":0,"damageTaken":0,"goldLost":0,"maxHpLost":7},"potions_obtained":[{"floor":1.0,"key":"Swift Potion"},{"floor":2.0,"key":"Swift Potion"},{"floor":8.0,"key":"Energy Potion"},{"floor":11.0,"key":"Regen Potion"},{"floor":12.0,"key":"FocusPotion"},{"floor":13.0,"key":"Swift Potion"},{"floor":14.0,"key":"LiquidMemories"},{"floor":16.0,"key":"FearPotion"},{"floor":18.0,"key":"SkillPotion"},{"floor":19.0,"key":"PowerPotion"}],"is_trial":false,"path_per_floor":["M","M","M","?","?","R","M","E","T","R","E","M","E","M","R","B",null,"M","M","?","?","?","E"],"character_chosen":"DEFECT","basemod:card_modifiers":[null,null,null,null,null,null,null,null,null,null,null,null,null,null,null,null,null,null,null,null,null,null,null,null,null,null],"items_purchased":[],"campfire_rested":0,"item_purchase_floors":[],"current_hp_per_floor":[64,57,57,62,62,62,46,35,35,35,5,15,7,5,17,8,54,54,52,48,48,48,0],"gold":481,"neow_bonus":"RANDOM_COLORLESS_2","is_prod":false,"is_daily":false,"rewards_skipped":[],"chose_seed":false,"campfire_upgraded":3,"win_rate":0,"floor_exit_playtime":[49,78,118,121,125,130,179,251,254,262,314,385,456,504,512,707,735,798,855,864,882,898],"timestamp":1725044359,"path_taken":["M","M","M","?","?","R","M","E","T","R","E","M","E","?","R","BOSS","M","M","?","?","?","E"],"build_version":"2022-12-18","purchased_purges":0,"victory":false,"max_hp_per_floor":[64,64,64,69,69,69,69,69,69,69,69,69,69,69,69,69,69,69,69,48,48,48,48],"relic_stats":{"Girya":0,"Matryoshka":0,"counters":[13,68],"Eternal Feather":12,"WingedGreaves":0,"MawBank":72,"obtain_stats":[{"Calling Bell":17,"Girya":8,"Matryoshka":13,"Eternal Feather":11,"WingedGreaves":17,"Cracked Core":0,"MawBank":17,"StrikeDummy":17,"White Beast Statue":9},{"Calling Bell":10,"Girya":5,"Matryoshka":8,"Eternal Feather":6,"WingedGreaves":10,"Cracked Core":0,"MawBank":10,"StrikeDummy":10,"White Beast Statue":5},{"Calling Bell":54,"Girya":21,"Matryoshka":37,"Eternal Feather":25,"WingedGreaves":54,"Cracked Core":0,"MawBank":54,"StrikeDummy":54,"White Beast Statue":21}],"White Beast Statue":[0.0,0.0,0.12000000000000002,0.0,0.5800000000000001,0.0,0.30000000000000004,0.0,0.0,0.0,0.0,2.6476800000000003]},"card_choices":[{"not_picked":["Thinking Ahead","Secret Technique"],"picked":"Master of Strategy","floor":0.0},{"not_picked":["Static Discharge","Go for the Eyes"],"picked":"Coolheaded","floor":1.0},{"not_picked":["Leap","Hologram"],"picked":"Cold Snap","floor":2.0},{"not_picked":["Gash","Stack"],"picked":"Streamline","floor":3.0},{"not_picked":["Go for the Eyes","Hologram"],"picked":"Leap","floor":7.0},{"not_picked":["All For One","Streamline"],"picked":"Ball Lightning","floor":8.0},{"not_picked":["Undo","Melter"],"picked":"Conserve Battery","floor":11.0},{"not_picked":["Ball Lightning","Stack"],"picked":"Glacier","floor":12.0},{"not_picked":["Meteor Strike","Stack"],"picked":"Coolheaded","floor":13.0},{"not_picked":["Go for the Eyes","Barrage"],"picked":"Blizzard","floor":14.0},{"not_picked":["Seek","Meteor Strike"],"picked":"Biased Cognition","floor":16.0},{"not_picked":["Blizzard","Cold Snap","Scrape"],"picked":"SKIP","floor":18.0},{"not_picked":["Sunder+1","Ball Lightning"],"picked":"Glacier","floor":19.0},{"not_picked":["Steam","Force Field","Barrage","Ball Lightning","Scrape","Recycle","Sunder","FTL","Go for the Eyes","Consume","Defragment","Hello World","Cold Snap","Gash","Coolheaded","Redo","Conserve Battery","Turbo","Auto Shields"],"picked":"Capacitor","floor":21.0}],"player_experience":2692221,"relics_obtained":[{"floor":8.0,"key":"Girya"},{"floor":9.0,"key":"White Beast Statue"},{"floor":11.0,"key":"Eternal Feather"},{"floor":13.0,"key":"Matryoshka"},{"floor":17.0,"key":"MawBank"},{"floor":17.0,"key":"StrikeDummy"},{"floor":17.0,"key":"WingedGreaves"}],"event_choices":[{"damage_healed":0.0,"max_hp_gain":5.0,"max_hp_loss":0.0,"gold_gain":0.0,"event_name":"Big Fish","player_choice":"Donut","floor":4.0,"gold_loss":0.0,"damage_taken":0.0},{"damage_healed":0.0,"max_hp_gain":0.0,"max_hp_loss":0.0,"gold_gain":0.0,"event_name":"Liars Game","player_choice":"Ignored","floor":5.0,"gold_loss":0.0,"damage_taken":0.0},{"damage_healed":0.0,"max_hp_gain":0.0,"max_hp_loss":21.0,"gold_gain":0.0,"event_name":"Vampires","player_choice":"Became a vampire","floor":20.0,"gold_loss":0.0,"damage_taken":0.0,"cards_obtained":["Bite","Bite","Bite","Bite","Bite"]},{"damage_healed":0.0,"max_hp_gain":0.0,"max_hp_loss":0.0,"gold_gain":0.0,"event_name":"The Library","player_choice":"Read","floor":21.0,"gold_loss":0.0,"damage_taken":0.0,"cards_obtained":["Capacitor"]},{"damage_healed":0,"gold_gain":0,"cards_transformed":["Defend_B","Zap"],"player_choice":"Became Test Subject","damage_taken":0,"max_hp_gain":0,"max_hp_loss":0,"event_name":"Drug Dealer","floor":22,"gold_loss":0,"cards_obtained":["Reboot","Sunder"]}],"is_beta":false,"boss_relics":[{"not_picked":["SacredBark","Ectoplasm"],"picked":"Calling Bell"}],"items_purged_floors":[],"is_endless":false,"potions_floor_spawned":[1,2,8,11,12,13,14,16,18,19],"killed_by":"Slavers","ascension_level":20,"potion_discard_per_floor":[[],[],[],[],[],[],[],["Swift Potion"],[],[],[],[],[],[],[],[],[],[],[],[],[],[],[]]}