{"neow_bonuses_skipped_log":["THREE_CARDS","TEN_PERCENT_HP_BONUS","BOSS_RELIC"],"neow_costs_skipped_log":["NONE","NONE","NONE"],"potions_obtained_entropic_brew":[[],[],[],[],[],[],[],[],[],[],[],[],[],[],[],[],[],[],[],[],[],[],[],[],[],[],[],[],[],[],[],[],[],[],[],[],[],[],[],[],[],[],[],[],[],[],[],[],[],[],[],[],[],[],[],[]],"gold_per_floor":[366,516,171,183,197,197,227,63,63,43,43,55,82,94,94,173,173,187,187,200,125,137,163,163,194,194,210,227,257,65,15,15,88,88,98,1097,464,474,474,506,506,517,517,542,115,115,147,97,97,97,97,97,97,44,77,77],"floor_reached":56,"playtime":3814,"items_purged":["Doubt","Strike_B","Strike_B","Normality","Normality","Zap"],"score":2227,"play_id":"3c4b0560-1bfc-4073-b973-c146699a0316","local_time":"20240920182641","falling_options_log":["Cold Snap","Capacitor+1"],"score_breakdown":["Floors Climbed (56): 280","Enemies Slain (13): 26","Exordium Elites Killed (2): 20","City Elites Killed (3): 60","Beyond Elites Killed (3): 90","Bosses Slain (4): 500","Raining Money (2067): 50","Collector (1): 25","Champion (2): 50","Overkill: 25","C-c-c-combo: 25","Ascension (20): 1076"],"is_ascension_mode":true,"potions_obtained_alchemize":[[],[],[],[],[],[],[],[],[],[],[],[],[],[],[],[],[],[],[],[],[],[],[],[],[],[],[],[],[],[],[],[],[],[],[],[],[],[],[],[],[],[],[],[],[],[],[],[],[],[],[],[],[],[],[],[]],"campfire_choices":[{"data":"Apotheosis","floor":6.0,"key":"SMITH"},{"floor":11.0,"key":"REST"},{"data":"Self Repair","floor":15,"key":"SMITH"},{"data":"Chaos","floor":24,"key":"SMITH"},{"floor":32,"key":"RECALL"},{"data":"Loop","floor":41,"key":"SMITH"},{"data":"Skim","floor":49,"key":"SMITH"},{"data":"Hologram","floor":53,"key":"SMITH"}],"lesson_learned_per_floor":[[],[],[],[],[],[],[],[],[],[],[],[],[],[],[],[],[],[],[],[],[],[],[],[],[],[],[],[],[],[],[],[],[],[],[],[],[],[],[],[],[],[],[],[],[],[],[],[],[],[],[],[],[],[],[],[]],"neow_cost":"PERCENT_DAMAGE","improvable_cards":{},"seed_source_timestamp":735727074260700,"shop_contents":[{"floor":3,"relics":["Singing Bowl","Molten Egg 2","Cauldron"],"cards":["Sweeping Beam","Meteor Strike","Conserve Battery","Leap","Forethought"],"potions":["DuplicationPotion","SkillPotion","DistilledChaos"]},{"floor":8,"relics":["Ancient Tea Set","Calipers"],"cards":["Rebound","Rip and Tear","Conserve Battery","Seek","Static Discharge","Mind Blast","Transmutation"],"potions":["EssenceOfSteel","FearPotion","Regen Potion"]},{"floor":30,"relics":["Regal Pillow","Oddly Smooth Stone","DollysMirror"],"cards":["FTL","Melter","Stack+1","Dark Shackles+1","Thinking Ahead+1"],"potions":["SpeedPotion","Weak Potion","ColorlessPotion"]},{"floor":31,"relics":["WingedGreaves","Gambling Chip","Frozen Eye"],"cards":["Streamline","Gash","Auto Shields+1","Hologram+1","Self Repair","Forethought+1","Chrysalis+1"],"potions":["Regen Potion","Weak Potion","LiquidMemories"]},{"floor":37,"relics":["PrismaticShard"],"cards":["Go for the Eyes","Sunder","Leap+1","Darkness+1","Hello World","Purity+1","Panache"],"potions":["LiquidMemories","GamblersBrew","AttackPotion"]},{"floor":45,"relics":["Happy Flower"],"cards":["Streamline","Thunder Strike","Stack+1","Steam+1","Storm","Finesse+1","Metamorphosis+1"],"potions":["Fruit Juice","SpeedPotion"]},{"floor":48,"relics":["Darkstone Periapt","StoneCalendar","OrangePellets"],"cards":["Streamline","Beam Cell","Redo+1","Chill+1","Static Discharge","Blind+1","Chrysalis+1"],"potions":["Fire Potion","Dexterity Potion","LiquidBronze"]},{"floor":54,"relics":["Vajra","CaptainsWheel","Orrery"],"cards":["Beam Cell","Scrape","Stack+1","Glacier+1","Self Repair","Bandage Up+1","Apotheosis+1"],"potions":["SmokeBomb","DistilledChaos"]}],"circlet_count":0,"master_deck":["AscendersBane","Defend_B","Dualcast","Conserve Battery","Apotheosis+1","Self Repair+1","Beam Cell","Doom and Gloom","Ball Lightning","Cold Snap","Electrodynamics","Fusion","Hologram+1","Chaos+1","Skim+1","Coolheaded","Loop+1","Amplify+1","Coolheaded+1","Capacitor","Rainbow+1","Rainbow+1","Sweeping Beam+1","Streamline+1","Capacitor+1","Coolheaded+1","Master of Strategy+1","Secret Technique+1","PanicButton+1","Compile Driver+1","Coolheaded+1"],"special_seed":0,"potion_use_per_floor":[[],[],[],[],["LiquidMemories"],[],[],[],[],[],[],[],[],[],[],[],[],[],[],[],[],[],[],[],[],[],[],[],["DuplicationPotion"],[],[],[],[],[],[],[],[],[],[],["FocusPotion"],[],[],[],["Fire Potion"],[],[],[],[],[],[],["FocusPotion"],[],[],[],["FairyPotion"],["Explosive Potion","FocusPotion"]],"relics":["Cracked Core","Dead Branch","Runic Capacitor","InkBottle","Meat on the Bone","Nuclear Battery","Smiling Mask","Blue Candle","Toxic Egg 2","Astrolabe","Mummified Hand","Incense Burner","Eternal Feather","Ornamental Fan","Orichalcum","Bag of Preparation","Medical Kit","Unceasing Top","Letter Opener"],"potions_floor_usage":[29,40,44,51,56,56],"damage_taken":[{"damage":1.0,"enemies":"2 Louse","floor":1.0,"turns":3.0},{"damage":6.0,"enemies":"Cultist","floor":4.0,"turns":3.0},{"damage":2.0,"enemies":"Jaw Worm","floor":5.0,"turns":2.0},{"damage":32.0,"enemies":"Gremlin Nob","floor":7.0,"turns":4.0},{"damage":8.0,"enemies":"Blue Slaver","floor":12.0,"turns":3.0},{"damage":12.0,"enemies":"Lagavulin","floor":13.0,"turns":5.0},{"damage":1,"enemies":"Exordium Wildlife","floor":14,"turns":3},{"damage":21,"enemies":"The Guardian","floor":16,"turns":11},{"damage":11,"enemies":"Shell Parasite","floor":18,"turns":4},{"damage":20,"enemies":"2 Thieves","floor":20,"turns":4},{"damage":4,"enemies":"Snecko","floor":22,"turns":6},{"damage":0,"enemies":"Gremlin Leader","floor":23,"turns":5},{"damage":44,"enemies":"Book of Stabbing","floor":25,"turns":5},{"damage":9,"enemies":"Centurion and Healer","floor":27,"turns":5},{"damage":17,"enemies":"Snake Plant","floor":28,"turns":3},{"damage":0,"enemies":"Gremlin Leader","floor":29,"turns":5},{"damage":37,"enemies":"Automaton","floor":33,"turns":10},{"damage":24,"enemies":"3 Shapes","floor":35,"turns":4},{"damage":10,"enemies":"Orb Walker","floor":38,"turns":4},{"damage":26,"enemies":"Nemesis","floor":40,"turns":11},{"damage":25,"enemies":"Spire Growth","floor":42,"turns":5},{"damage":30,"enemies":"Reptomancer","floor":44,"turns":7},{"damage":29,"enemies":"Giant Head","floor":47,"turns":6},{"damage":50,"enemies":"Donu and Deca","floor":50,"turns":11},{"damage":28,"enemies":"Awakened One","floor":51,"turns":26},{"damage":86,"enemies":"Shield and Spear","floor":55,"turns":8},{"damage":53,"enemies":"The Heart","floor":56,"turns":2}],"green_key_taken_log":40,"seed_played":"-2254017710230066545","neow_bonus_log":{"cardsObtained":[],"cardsUpgraded":[],"cardsRemoved":[],"cardsTransformed":[],"relicsObtained":[],"maxHpGained":0,"goldGained":250,"damageTaken":18,"goldLost":0,"maxHpLost":0},"potions_obtained":[{"floor":1.0,"key":"LiquidMemories"},{"floor":4.0,"key":"LiquidBronze"},{"floor":10.0,"key":"Ancient Potion"},{"floor":14,"key":"SkillPotion"},{"floor":16,"key":"FocusPotion"},{"floor":22,"key":"DuplicationPotion"},{"floor":29,"key":"FairyPotion"},{"floor":40,"key":"Fire Potion"},{"floor":44,"key":"Fire Potion"},{"floor":55,"key":"Explosive Potion"}],"is_trial":false,"path_per_floor":["M","?","$","M","M","R","E","$","T","?","R","M","E","M","R","B",null,"M","?","M","?","M","E","R","E","T","M","M","E","$","$","R","B",null,"M","?","$","M","?","E","R","M","T","E","$","?","E","$","R","B","B",null,"R","$","E","B"],"character_chosen":"DEFECT","basemod:card_modifiers":[null,null,null,null,null,null,null,null,null,null,null,null,null,null,null,null,null,null,null,null,null,null,null,null,null,null,null,null,null,null,null],"items_purchased":["Apotheosis","Self Repair","Runic Capacitor","Coolheaded+1","Capacitor","Mummified Hand","Incense Burner","Bag of Preparation","Medical Kit","FocusPotion","FocusPotion"],"campfire_rested":1,"item_purchase_floors":[3,3,8,30,30,37,37,45,45,45,54],"current_hp_per_floor":[45,45,45,49,47,47,25,25,25,25,46,45,43,42,42,43,64,63,63,53,53,59,69,69,47,47,48,53,63,63,63,63,48,65,51,51,51,41,41,47,62,57,57,49,49,39,42,42,60,42,46,65,71,71,41,0],"gold":77,"neow_bonus":"TWO_FIFTY_GOLD","is_prod":false,"is_daily":false,"rewards_skipped":[{"floor":13,"relics":[],"potions":["BlessingOfTheForge"]},{"floor":27,"relics":[],"potions":["SkillPotion"]},{"floor":28,"relics":[],"potions":["Swift Potion"]},{"floor":33,"relics":[],"potions":["FearPotion"]}],"chose_seed":false,"campfire_upgraded":6,"win_rate":0,"floor_exit_playtime":[41,45,62,88,112,117,166,179,181,185,193,221,270,306,311,435,453,515,518,577,581,686,757,765,840,844,919,971,1075,1105,1111,1114,1340,1367,1446,1455,1469,1545,1550,1762,1769,1893,1896,2071,2092,2114,2327,2357,2363,2756,3436,3450,3458,3469,3748],"timestamp":1726871201,"blue_key_relic_skipped_log":{"floor":26,"relicID":"Girya"},"path_taken":["M","?","$","M","M","R","E","$","T","?","R","?","E","M","R","BOSS","M","?","M","?","M","E","R","E","T","M","M","E","?","$","R","BOSS","M","?","$","M","?","E","R","M","T","E","$","?","E","?","R","BOSS","BOSS","R","$","E","BOSS"],"build_version":"2022-12-18","purchased_purges":6,"victory":false,"max_hp_per_floor":[71,71,71,71,71,71,71,71,71,71,71,71,71,71,71,71,71,71,71,71,71,71,71,71,71,71,71,71,71,71,71,71,71,71,71,71,71,71,71,71,71,71,71,71,71,71,71,71,71,71,71,71,71,71,71,71],"relic_stats":{"counters":[27,165],"Dead Branch":[111],"Blue Candle":[4],"Astrolabe":["Rainbow","Sweeping Beam","Streamline"],"Eternal Feather":39,"Bag of Preparation":[10],"Letter Opener":[10],"Orichalcum":[36],"Smiling Mask":500,"Medical Kit":[7],"Mummified Hand":[95],"Ornamental Fan":[68],"obtain_stats":[{"Dead Branch":7,"Blue Candle":25,"Astrolabe":34,"Eternal Feather":40,"Runic Capacitor":8,"Incense Burner":37,"Bag of Preparation":45,"Letter Opener":55,"Orichalcum":44,"Smiling Mask":23,"Medical Kit":45,"Nuclear Battery":17,"Mummified Hand":37,"Ornamental Fan":43,"Toxic Egg 2":29,"Cracked Core":0,"InkBottle":9,"Unceasing Top":47,"Meat on the Bone":13},{"Dead Branch":4,"Blue Candle":13,"Astrolabe":17,"Eternal Feather":20,"Runic Capacitor":4,"Incense Burner":18,"Bag of Preparation":22,"Letter Opener":26,"Orichalcum":22,"Smiling Mask":12,"Medical Kit":22,"Nuclear Battery":8,"Mummified Hand":18,"Ornamental Fan":21,"Toxic Egg 2":16,"Cracked Core":0,"InkBottle":4,"Unceasing Top":23,"Meat on the Bone":6},{"Dead Branch":12,"Blue Candle":58,"Astrolabe":81,"Eternal Feather":100,"Runic Capacitor":12,"Incense Burner":85,"Bag of Preparation":112,"Letter Opener":163,"Orichalcum":112,"Smiling Mask":53,"Medical Kit":112,"Nuclear Battery":34,"Mummified Hand":85,"Ornamental Fan":105,"Toxic Egg 2":71,"Cracked Core":0,"InkBottle":12,"Unceasing Top":118,"Meat on the Bone":20}],"InkBottle":[86],"Unceasing Top":[2],"Meat on the Bone":120},"card_choices":[{"not_picked":["BootSequence","Barrage"],"picked":"Conserve Battery","floor":1.0},{"not_picked":["Turbo","Go for the Eyes"],"picked":"Beam Cell","floor":4.0},{"not_picked":["Rebound","Redo"],"picked":"Doom and Gloom","floor":5.0},{"not_picked":["White Noise","Reinforced Body"],"picked":"Ball Lightning","floor":7.0},{"not_picked":["Redo","Doom and Gloom","Self Repair"],"picked":"SKIP","floor":12.0},{"not_picked":["Force Field","Gash","Scrape"],"picked":"SKIP","floor":13},{"not_picked":["All For One","Barrage"],"picked":"Cold Snap","floor":14},{"not_picked":["Core Surge","Rainbow"],"picked":"Electrodynamics","floor":16},{"not_picked":["Tempest","Gash"],"picked":"Fusion","floor":18},{"not_picked":["Sweeping Beam","Streamline"],"picked":"Hologram","floor":20},{"not_picked":["Gash","Conserve Battery"],"picked":"Chaos","floor":22},{"not_picked":["Ball Lightning","Heatsinks+1"],"picked":"Skim","floor":23},{"not_picked":["Static Discharge+1","Streamline","Hyperbeam"],"picked":"SKIP","floor":25},{"not_picked":["Loop","Rebound"],"picked":"Coolheaded","floor":27},{"not_picked":["FTL","Storm"],"picked":"Loop","floor":28},{"not_picked":["Leap+1","Sunder+1"],"picked":"Amplify+1","floor":29},{"not_picked":["Machine Learning","Buffer"],"picked":"Rainbow+1","floor":33},{"not_picked":["Redo+1","Steam+1","Reprogram+1"],"picked":"SKIP","floor":35},{"not_picked":["Streamline","Sweeping Beam"],"picked":"Capacitor+1","floor":38},{"not_picked":["Chaos+1","Buffer"],"picked":"Coolheaded+1","floor":40},{"not_picked":["Auto Shields+1","Melter","Ball Lightning"],"picked":"SKIP","floor":42},{"not_picked":["Doom and Gloom","Sweeping Beam","Ball Lightning+1"],"picked":"SKIP","floor":44},{"not_picked":["Deep Breath+1","Panacea+1"],"picked":"Master of Strategy+1","floor":46},{"not_picked":["Magnetism","Purity+1"],"picked":"Secret Technique+1","floor":46},{"not_picked":["Panacea+1","Metamorphosis+1"],"picked":"PanicButton+1","floor":46},{"not_picked":["Chill+1","Scrape+1"],"picked":"Compile Driver+1","floor":47},{"not_picked":["Reboot+1","Glacier+1"],"picked":"Coolheaded+1","floor":55}],"player_experience":2721989,"relics_obtained":[{"floor":7.0,"key":"Dead Branch"},{"floor":9.0,"key":"InkBottle"},{"floor":13,"key":"Meat on the Bone"},{"floor":23,"key":"Smiling Mask"},{"floor":25,"key":"Blue Candle"},{"floor":29,"key":"Toxic Egg 2"},{"floor":40,"key":"Eternal Feather"},{"floor":43,"key":"Ornamental Fan"},{"floor":44,"key":"Orichalcum"},{"floor":47,"key":"Unceasing Top"},{"floor":55,"key":"Letter Opener"}],"event_choices":[{"damage_healed":0.0,"max_hp_gain":0.0,"max_hp_loss":0.0,"gold_gain":150.0,"event_name":"Liars Game","player_choice":"AGREE","floor":2.0,"gold_loss":0.0,"damage_taken":0.0,"cards_obtained":["Doubt"]},{"damage_healed":0.0,"max_hp_gain":0.0,"max_hp_loss":0.0,"gold_gain":0.0,"event_name":"The Woman in Blue","player_choice":"Bought 1 Potion","floor":10.0,"gold_loss":0.0,"damage_taken":0.0},{"damage_healed":0,"gold_gain":0,"player_choice":"Ignored","damage_taken":0,"max_hp_gain":0,"max_hp_loss":0,"event_name":"Ghosts","floor":19,"gold_loss":0},{"cards_removed":["Strike_B"],"damage_healed":0,"gold_gain":0,"player_choice":"Gave Gold","damage_taken":0,"max_hp_gain":0,"max_hp_loss":0,"event_name":"Beggar","floor":21,"gold_loss":75},{"damage_healed":0,"gold_gain":999,"player_choice":"Gold","damage_taken":0,"max_hp_gain":0,"max_hp_loss":0,"event_name":"MindBloom","floor":36,"gold_loss":0,"cards_obtained":["Normality","Normality"]},{"cards_removed":["Defend_B"],"damage_healed":0,"gold_gain":0,"player_choice":"Removed Skill","damage_taken":0,"max_hp_gain":0,"max_hp_loss":0,"event_name":"Falling","floor":39,"gold_loss":0},{"damage_healed":0,"gold_gain":0,"player_choice":"Memory 3","damage_taken":10,"max_hp_gain":0,"max_hp_loss":0,"event_name":"SensoryStone","floor":46,"gold_loss":0}],"is_beta":false,"boss_relics":[{"not_picked":["Tiny House","Ectoplasm"],"picked":"Nuclear Battery"},{"not_picked":["FrozenCore","Pandora\u0027s Box"],"picked":"Astrolabe"}],"items_purged_floors":[3,30,31,37,45,48],"is_endless":false,"potions_floor_spawned":[1,4,13,14,16,22,27,28,29,33,40,44,55],"killed_by":"The Heart","ascension_level":20,"potion_discard_per_floor":[[],[],[],[],[],[],[],[],[],[],[],[],[],["Ancient Potion"],[],["SkillPotion"],[],[],[],[],[],["LiquidBronze"],[],[],[],[],[],[],[],[],[],[],[],[],[],[],[],[],[],[],[],[],[],[],["Fire Potion"],[],[],[],[],[],[],[],[],[],[],[]]}