{"neow_bonuses_skipped_log":["THREE_CARDS","THREE_SMALL_POTIONS","BOSS_RELIC"],"potions_obtained_entropic_brew":[[],[],[],[],[],[],[],[],[],[],[],[],[],[],[],[],[],[],[],[],[],[],[],[],[],[],[],[],[]],"neow_costs_skipped_log":["NONE","NONE","NONE"],"gold_per_floor":[13,28,28,28,40,40,73,86,86,86,118,118,131,150,150,224,224,241,254,304,316,9,36,36,56,110,130,130,130],"floor_reached":29,"playtime":1161,"items_purged":[],"score":614,"play_id":"2e4a6478-42d6-4b10-b2c7-5845940b7a81","local_time":"20240919010451","score_breakdown":["Floors Climbed (29): 145","Enemies Slain (11): 22","Exordium Elites Killed (2): 20","City Elites Killed (1): 20","Bosses Slain (1): 50","Perfect (1): 50","Ascension (20): 307"],"is_ascension_mode":true,"potions_obtained_alchemize":[[],[],[],[],[],[],[],[],[],[],[],[],[],[],[],[],[],[],[],[],[],[],[],[],[],[],[],[],[]],"campfire_choices":[{"data":"Zap","floor":6,"key":"SMITH"},{"floor":10,"key":"REST"},{"data":"Biased Cognition","floor":12,"key":"SMITH"},{"data":"Seek","floor":15,"key":"SMITH"},{"data":"Recycle","floor":24,"key":"SMITH"},{"data":"Coolheaded","floor":28,"key":"SMITH"}],"lesson_learned_per_floor":[[],[],[],[],[],[],[],[],[],[],[],[],[],[],[],[],[],[],[],[],[],[],[],[],[],[],[],[],[]],"neow_cost":"NO_GOLD","improvable_cards":{},"seed_source_timestamp":589484701223100,"shop_contents":[{"floor":4,"relics":["Mummified Hand","Centennial Puzzle","Medical Kit"],"cards":["Melter","Rebound","Conserve Battery","Genetic Algorithm","Capacitor","Panacea","Master of Strategy"],"potions":["Swift Potion","Block Potion","SteroidPotion"]},{"floor":22,"relics":["Happy Flower","DollysMirror"],"cards":["Barrage","Rebound","Tempest","Loop","Trip","Transmutation"],"potions":["ColorlessPotion","Energy Potion"]}],"circlet_count":0,"master_deck":["AscendersBane","Strike_B","Strike_B","Strike_B","Defend_B","Defend_B","Defend_B","Defend_B","Zap+1","Dualcast","Seek+1","Melter","Steam","Beam Cell","Coolheaded+1","Biased Cognition+1","Sweeping Beam","Conserve Battery","Ball Lightning","Recycle+1","Rainbow","Coolheaded","Echo Form","Glacier","Loop","Compile Driver+1","Capacitor"],"potion_use_per_floor":[[],[],[],[],[],[],["SkillPotion"],["LiquidMemories"],[],[],[],[],[],[],[],["DuplicationPotion"],[],[],["Weak Potion"],[],[],[],["Energy Potion","Block Potion"],[],[],[],["DuplicationPotion"],[],["Explosive Potion"]],"relics":["Cracked Core","Darkstone Periapt","Gremlin Horn","Blue Candle","Coffee Dripper","DataDisk","Kunai","Ancient Tea Set"],"potions_floor_usage":[7,8,16,19,23,23,27,29],"damage_taken":[{"damage":0,"enemies":"Small Slimes","floor":1,"turns":2},{"damage":6,"enemies":"Cultist","floor":2,"turns":3},{"damage":1,"enemies":"Jaw Worm","floor":5,"turns":3},{"damage":18,"enemies":"3 Sentries","floor":7,"turns":10},{"damage":13,"enemies":"Gremlin Gang","floor":8,"turns":4},{"damage":7,"enemies":"Lagavulin","floor":11,"turns":6},{"damage":5,"enemies":"Large Slime","floor":13,"turns":4},{"damage":9,"enemies":"Red Slaver","floor":14,"turns":2},{"damage":0,"enemies":"Slime Boss","floor":16,"turns":4},{"damage":0,"enemies":"Chosen","floor":18,"turns":3},{"damage":12,"enemies":"2 Thieves","floor":19,"turns":3},{"damage":12,"enemies":"Centurion and Healer","floor":21,"turns":4},{"damage":1,"enemies":"Gremlin Leader","floor":23,"turns":4},{"damage":15,"enemies":"Chosen and Byrds","floor":25,"turns":7},{"damage":5,"enemies":"Snake Plant","floor":27,"turns":3},{"damage":14,"enemies":"Slavers","floor":29,"turns":1}],"seed_played":"5023359072698351107","neow_bonus_log":{"cardsObtained":[],"cardsUpgraded":[],"cardsRemoved":[],"cardsTransformed":[],"relicsObtained":[],"maxHpGained":0,"goldGained":0,"damageTaken":0,"goldLost":99,"maxHpLost":0},"potions_obtained":[{"floor":1,"key":"SkillPotion"},{"floor":5,"key":"Weak Potion"},{"floor":7,"key":"LiquidMemories"},{"floor":11,"key":"DuplicationPotion"},{"floor":19,"key":"Energy Potion"},{"floor":23,"key":"DuplicationPotion"},{"floor":25,"key":"Explosive Potion"}],"is_trial":false,"path_per_floor":["M","M","?","$","M","R","E","M","T","R","E","R","M","M","R","B",null,"M","M","?","M","$","E","R","M","T","M","R","E"],"character_chosen":"DEFECT","basemod:card_modifiers":[null,null,null,null,null,null,null,null,null,null,null,null,null,null,null,null,null,null,null,null,null,null,null,null,null,null,null],"items_purchased":["DataDisk","Glacier","Block Potion"],"campfire_rested":1,"item_purchase_floors":[22,22,22],"current_hp_per_floor":[64,58,58,58,57,57,39,26,26,47,40,40,35,26,26,26,60,60,48,41,29,29,28,28,13,13,8,8,0],"gold":130,"neow_bonus":"THREE_RARE_CARDS","is_prod":false,"is_daily":false,"rewards_skipped":[{"floor":13,"relics":[],"potions":["Explosive Potion"]}],"chose_seed":false,"campfire_upgraded":5,"win_rate":0,"floor_exit_playtime":[48,80,89,98,132,159,287,350,353,361,448,454,497,528,547,629,679,723,792,796,861,881,973,987,1076,1079,1135,1143],"timestamp":1726722291,"path_taken":["M","M","?","?","M","R","E","M","T","R","E","R","M","M","R","BOSS","M","M","?","M","$","E","R","M","T","M","R","E"],"build_version":"2022-12-18","purchased_purges":0,"victory":false,"max_hp_per_floor":[71,71,71,71,71,71,71,71,71,71,71,71,71,71,71,71,71,71,71,71,71,71,71,71,71,71,71,71,71],"relic_stats":{"Darkstone Periapt":0,"Gremlin Horn":[6,6],"counters":[16,63],"Blue Candle":[0],"Kunai":[2],"Ancient Tea Set":[2],"obtain_stats":[{"Darkstone Periapt":7,"DataDisk":22,"Gremlin Horn":9,"Blue Candle":11,"Coffee Dripper":17,"Kunai":23,"Cracked Core":0,"Ancient Tea Set":26},{"Darkstone Periapt":4,"DataDisk":12,"Gremlin Horn":5,"Blue Candle":6,"Coffee Dripper":9,"Kunai":13,"Cracked Core":0,"Ancient Tea Set":14},{"Darkstone Periapt":18,"DataDisk":48,"Gremlin Horn":22,"Blue Candle":28,"Coffee Dripper":38,"Kunai":52,"Cracked Core":0,"Ancient Tea Set":59}]},"card_choices":[{"not_picked":["Reboot","Amplify"],"picked":"Seek","floor":0},{"not_picked":["Redo","Skim"],"picked":"Melter","floor":1},{"not_picked":["Barrage","Stack"],"picked":"Steam","floor":2},{"not_picked":["Hologram","Redo"],"picked":"Coolheaded","floor":5},{"not_picked":["Stack","Sunder"],"picked":"Biased Cognition","floor":7},{"not_picked":["Storm","Steam Power"],"picked":"Sweeping Beam","floor":8},{"not_picked":["Darkness","Sweeping Beam"],"picked":"Conserve Battery","floor":11},{"not_picked":["Hello World","Steam"],"picked":"Ball Lightning","floor":13},{"not_picked":["Auto Shields","Chaos"],"picked":"Recycle","floor":14},{"not_picked":["Buffer","Seek"],"picked":"Rainbow","floor":16},{"not_picked":["Aggregate","Turbo"],"picked":"Coolheaded","floor":18},{"not_picked":["Stack","Genetic Algorithm+1"],"picked":"Echo Form","floor":19},{"not_picked":["Stack+1","Rebound+1","Reprogram"],"picked":"SKIP","floor":21},{"not_picked":["Consume","Blizzard"],"picked":"Loop","floor":23},{"not_picked":["White Noise","Barrage"],"picked":"Compile Driver+1","floor":25},{"not_picked":["Stack","Redo"],"picked":"Capacitor","floor":27}],"player_experience":2716642,"relics_obtained":[{"floor":7,"key":"Darkstone Periapt"},{"floor":9,"key":"Gremlin Horn"},{"floor":11,"key":"Blue Candle"},{"floor":23,"key":"Kunai"},{"floor":26,"key":"Ancient Tea Set"}],"event_choices":[{"damage_healed":0,"gold_gain":0,"cards_transformed":["Strike_B"],"player_choice":"Transformed","damage_taken":0,"max_hp_gain":0,"max_hp_loss":0,"event_name":"Transmorgrifier","floor":3,"gold_loss":0,"cards_obtained":["Beam Cell"]},{"damage_healed":0,"gold_gain":50,"player_choice":"Touch","damage_taken":7,"max_hp_gain":0,"max_hp_loss":0,"event_name":"FaceTrader","floor":20,"gold_loss":0}],"is_beta":false,"boss_relics":[{"not_picked":["Snecko Eye","Philosopher\u0027s Stone"],"picked":"Coffee Dripper"}],"items_purged_floors":[],"is_endless":false,"potions_floor_spawned":[1,5,7,11,13,19,23,25],"killed_by":"Slavers","ascension_level":20,"potion_discard_per_floor":[[],[],[],[],[],[],[],[],[],[],[],[],[],[],[],[],[],[],[],[],[],[],[],[],[],[],[],[],[]]}