{"neow_bonuses_skipped_log":["THREE_ENEMY_KILL","ONE_RARE_RELIC","BOSS_RELIC"],"neow_costs_skipped_log":["NONE","PERCENT_DAMAGE","NONE"],"potions_obtained_entropic_brew":[[],[],[],[],[],[],[],[],[],[],[],[],[],[],[],[]],"gold_per_floor":[119,131,151,162,172,172,97,112,138,170,170,170,196,196,196,196],"floor_reached":16,"playtime":666,"items_purged":[],"score":224,"play_id":"af611fd3-2dc6-4439-b4c9-5cbfd7ec1384","local_time":"20241006201549","score_breakdown":["Floors Climbed (16): 80","Enemies Slain (6): 12","Exordium Elites Killed (2): 20","Bosses Slain (0): 0","Ascension (20): 112"],"is_ascension_mode":true,"potions_obtained_alchemize":[[],[],[],[],[],[],[],[],[],[],[],[],[],[],[],[]],"campfire_choices":[{"data":"Ball Lightning","floor":6,"key":"SMITH"},{"data":"Streamline","floor":11,"key":"SMITH"},{"data":"Genetic Algorithm","floor":15,"key":"SMITH"}],"lesson_learned_per_floor":[[],[],[],[],[],[],[],[],[],[],[],[],[],[],[],[]],"neow_cost":"NONE","improvable_cards":{"Genetic Algorithm+1":[14]},"seed_source_timestamp":2127835377336700,"shop_contents":[],"circlet_count":0,"master_deck":["AscendersBane","Strike_B","Strike_B","Defend_B","Defend_B","Defend_B","Defend_B","Zap+1","Dualcast","Coolheaded","Genetic Algorithm+1","Rebound","Ball Lightning+1","Streamline+1","Chill","Coolheaded"],"potion_use_per_floor":[[],[],[],[],[],[],[],[],[],[],[],[],[],[],[],["BlessingOfTheForge"]],"relics":["Cracked Core","MealTicket","Question Card","Vajra"],"potions_floor_usage":[16],"damage_taken":[{"damage":0,"enemies":"Cultist","floor":1,"turns":3},{"damage":0,"enemies":"Jaw Worm","floor":2,"turns":3},{"damage":0,"enemies":"2 Louse","floor":3,"turns":3},{"damage":0,"enemies":"Exordium Wildlife","floor":4,"turns":3},{"damage":16,"enemies":"Large Slime","floor":5,"turns":10},{"damage":1,"enemies":"Blue Slaver","floor":8,"turns":4},{"damage":11,"enemies":"Gremlin Nob","floor":10,"turns":3},{"damage":3,"enemies":"Lagavulin","floor":13,"turns":6},{"damage":41,"enemies":"Hexaghost","floor":16,"turns":11}],"seed_played":"-4362087549402289808","neow_bonus_log":{"cardsObtained":[],"cardsUpgraded":["Zap"],"cardsRemoved":[],"cardsTransformed":[],"relicsObtained":[],"maxHpGained":0,"goldGained":0,"damageTaken":0,"goldLost":0,"maxHpLost":0},"potions_obtained":[{"floor":1,"key":"PotionOfCapacity"},{"floor":4,"key":"BlessingOfTheForge"}],"is_trial":false,"path_per_floor":["M","M","M","M","M","R","?","M","T","E","R","?","E","?","R","B"],"character_chosen":"DEFECT","basemod:card_modifiers":[null,null,null,null,null,null,null,null,null,null,null,null,null,null,null,null],"items_purchased":[],"campfire_rested":0,"item_purchase_floors":[],"current_hp_per_floor":[64,64,64,64,48,48,48,47,47,36,36,36,33,38,38,0],"gold":196,"neow_bonus":"UPGRADE_CARD","is_prod":false,"is_daily":false,"rewards_skipped":[{"floor":8,"relics":[],"potions":["Strength Potion"]},{"floor":10,"relics":[],"potions":["Dexterity Potion"]}],"chose_seed":false,"campfire_upgraded":3,"win_rate":0,"floor_exit_playtime":[64,93,119,151,302,307,314,384,387,436,449,456,519,522,536],"timestamp":1728260149,"path_taken":["M","M","?","M","M","R","?","M","T","E","R","?","E","?","R","BOSS"],"build_version":"2022-12-18","purchased_purges":0,"victory":false,"max_hp_per_floor":[71,71,71,71,71,71,71,71,71,71,71,71,71,76,76,76],"relic_stats":{"counters":[9,46],"MealTicket":0,"Question Card":1,"obtain_stats":[{"Vajra":13,"MealTicket":9,"Cracked Core":0,"Question Card":10},{"Vajra":8,"MealTicket":6,"Cracked Core":0,"Question Card":7},{"Vajra":35,"MealTicket":26,"Cracked Core":0,"Question Card":29}]},"card_choices":[{"not_picked":["BootSequence","Chaos"],"picked":"Coolheaded","floor":1},{"not_picked":["Reprogram","Recycle","Beam Cell"],"picked":"SKIP","floor":2},{"not_picked":["Hologram","Rebound"],"picked":"Genetic Algorithm","floor":3},{"not_picked":["Conserve Battery","Skim"],"picked":"Rebound","floor":4},{"not_picked":["Beam Cell","Hello World"],"picked":"Ball Lightning","floor":5},{"not_picked":["Rip and Tear","Compile Driver"],"picked":"Streamline","floor":8},{"not_picked":["Rebound","Genetic Algorithm"],"picked":"Chill","floor":10},{"not_picked":["Steam","Barrage","Redo"],"picked":"Coolheaded","floor":13}],"player_experience":2730811,"relics_obtained":[{"floor":9,"key":"MealTicket"},{"floor":10,"key":"Question Card"},{"floor":13,"key":"Vajra"}],"event_choices":[{"cards_removed":["Strike_B"],"damage_healed":0,"gold_gain":0,"player_choice":"Card Removal","damage_taken":0,"max_hp_gain":0,"max_hp_loss":0,"event_name":"The Cleric","floor":7,"gold_loss":75},{"cards_removed":["Strike_B"],"damage_healed":0,"gold_gain":0,"player_choice":"Forget","damage_taken":0,"max_hp_gain":0,"max_hp_loss":0,"event_name":"Living Wall","floor":12,"gold_loss":0},{"damage_healed":0,"gold_gain":0,"player_choice":"Donut","damage_taken":0,"max_hp_gain":5,"max_hp_loss":0,"event_name":"Big Fish","floor":14,"gold_loss":0}],"is_beta":false,"boss_relics":[],"items_purged_floors":[],"is_endless":false,"potions_floor_spawned":[1,4,8,10],"killed_by":"Hexaghost","ascension_level":20,"potion_discard_per_floor":[[],[],[],[],[],[],[],[],[],[],[],[],[],[],[],[]]}