{"neow_bonuses_skipped_log":["THREE_CARDS","TEN_PERCENT_HP_BONUS","BOSS_RELIC"],"neow_costs_skipped_log":["NONE","NONE","NONE"],"potions_obtained_entropic_brew":[[],[],[],[],[],[],[],[],[],[],[],[],[],[],[],[],[],[],[],[],[],[],[],[]],"gold_per_floor":[114,114,127,139,139,139,174,194,268,285,319,333,333,96,96,169,169,181,231,241,253,253,253,253],"floor_reached":24,"playtime":3468,"items_purged":["Strike_B"],"score":416,"play_id":"691c936d-a2e9-4e55-badd-96da0a149ddb","local_time":"20250108162900","score_breakdown":["Floors Climbed (24): 120","Enemies Slain (9): 18","Exordium Elites Killed (2): 20","City Elites Killed (0): 0","Bosses Slain (1): 50","Ascension (20): 208"],"is_ascension_mode":true,"potions_obtained_alchemize":[[],[],[],[],[],[],[],[],[],[],[],[],[],[],[],[],[],[],[],[],[],[],[],[]],"campfire_choices":[{"data":"Go for the Eyes","floor":6,"key":"SMITH"},{"data":"Echo Form","floor":15,"key":"SMITH"},{"data":"Seek","floor":23,"key":"SMITH"}],"lesson_learned_per_floor":[[],[],[],[],[],[],[],[],[],[],[],[],[],[],[],[],[],[],[],[],[],[],[],[]],"neow_cost":"TEN_PERCENT_HP_LOSS","improvable_cards":{},"seed_source_timestamp":2286662485309000,"shop_contents":[{"floor":14,"relics":["Toy Ornithopter","Medical Kit"],"cards":["Melter","Blizzard","Redo","Leap","Loop","Bandage Up","The Bomb"],"potions":["SteroidPotion","LiquidMemories","EssenceOfSteel"]}],"circlet_count":0,"master_deck":["AscendersBane","Strike_B","Strike_B","Strike_B","Defend_B","Defend_B","Defend_B","Defend_B","Zap+1","Dualcast","Echo Form+1","Go for the Eyes+1","Sunder+1","Leap","Ball Lightning","Conserve Battery","Cold Snap","Seek+1","Self Repair+1","Compile Driver"],"potion_use_per_floor":[[],[],[],[],[],[],[],["ColorlessPotion"],[],[],[],[],[],[],[],[],[],[],[],["Block Potion"],[],[],[],[]],"relics":["Cracked Core","Ginger","Pantograph","DataDisk","Lantern","Coffee Dripper"],"potions_floor_usage":[8,20],"damage_taken":[{"damage":2,"enemies":"Jaw Worm","floor":1,"turns":4},{"damage":4,"enemies":"Cultist","floor":3,"turns":4},{"damage":18,"enemies":"Small Slimes","floor":4,"turns":3},{"damage":5,"enemies":"Lagavulin","floor":7,"turns":7},{"damage":9,"enemies":"Exordium Thugs","floor":8,"turns":3},{"damage":4,"enemies":"Blue Slaver","floor":10,"turns":3},{"damage":11,"enemies":"3 Sentries","floor":11,"turns":4},{"damage":4,"enemies":"Looter","floor":12,"turns":3},{"damage":4,"enemies":"The Guardian","floor":16,"turns":9},{"damage":9,"enemies":"Chosen","floor":18,"turns":3},{"damage":5,"enemies":"Shell Parasite","floor":20,"turns":5},{"damage":19,"enemies":"3 Cultists","floor":21,"turns":5},{"damage":35,"enemies":"Book of Stabbing","floor":24,"turns":5}],"seed_played":"8660245534275489748","neow_bonus_log":{"cardsObtained":[],"cardsUpgraded":[],"cardsRemoved":[],"cardsTransformed":[],"relicsObtained":[],"maxHpGained":0,"goldGained":0,"damageTaken":0,"goldLost":0,"maxHpLost":7},"potions_obtained":[{"floor":4,"key":"SteroidPotion"},{"floor":7,"key":"ColorlessPotion"},{"floor":8,"key":"Fire Potion"},{"floor":16,"key":"Block Potion"}],"is_trial":false,"path_per_floor":["M","?","M","M","?","R","E","M","T","M","E","M","?","$","R","B",null,"M","?","M","M","?","R","E"],"character_chosen":"DEFECT","basemod:card_modifiers":[null,null,null,null,null,null,null,null,null,null,null,null,null,null,null,null,null,null,null,null],"items_purchased":["Lantern"],"campfire_rested":0,"item_purchase_floors":[14],"current_hp_per_floor":[62,62,58,40,40,40,35,26,26,22,11,7,3,3,3,24,54,45,45,60,51,34,34,0],"gold":253,"neow_bonus":"THREE_RARE_CARDS","is_prod":false,"is_daily":false,"rewards_skipped":[{"floor":11,"relics":[],"potions":["FearPotion"]},{"floor":18,"relics":[],"potions":["Swift Potion"]}],"chose_seed":false,"campfire_upgraded":3,"win_rate":0,"floor_exit_playtime":[1225,1241,1276,1310,1324,1340,1407,1446,1448,1487,1566,1602,1606,1645,1653,1778,1847,1907,1910,3048,3265,3269,3315],"timestamp":1736371740,"path_taken":["M","?","M","?","?","R","E","M","T","M","E","M","?","$","R","BOSS","M","?","M","M","?","R","E"],"build_version":"2022-12-18","purchased_purges":1,"victory":false,"max_hp_per_floor":[64,64,64,64,64,64,64,64,64,64,64,64,64,64,64,64,64,64,64,64,64,69,69,69],"relic_stats":{"counters":[13,58],"Pantograph":25,"Ginger":[2],"obtain_stats":[{"DataDisk":11,"Lantern":14,"Pantograph":9,"Coffee Dripper":17,"Ginger":7,"Cracked Core":0},{"DataDisk":7,"Lantern":8,"Pantograph":5,"Coffee Dripper":9,"Ginger":4,"Cracked Core":0},{"DataDisk":28,"Lantern":31,"Pantograph":21,"Coffee Dripper":40,"Ginger":18,"Cracked Core":0}]},"card_choices":[{"not_picked":["All For One","Creative AI"],"picked":"Echo Form","floor":0},{"not_picked":["Stack","Blizzard"],"picked":"Go for the Eyes","floor":1},{"not_picked":["Stack","Turbo"],"picked":"Sunder","floor":3},{"not_picked":["Consume","Blizzard"],"picked":"Leap","floor":4},{"not_picked":["Leap","Melter"],"picked":"Ball Lightning","floor":7},{"not_picked":["Ball Lightning","Barrage"],"picked":"Conserve Battery","floor":8},{"not_picked":["Creative AI","Gash","Rebound"],"picked":"SKIP","floor":10},{"not_picked":["Compile Driver","Rebound","Go for the Eyes"],"picked":"SKIP","floor":11},{"not_picked":["FTL","Sunder"],"picked":"Cold Snap","floor":12},{"not_picked":["Machine Learning","All For One"],"picked":"Seek","floor":16},{"not_picked":["Rebound","Gash"],"picked":"Self Repair+1","floor":18},{"not_picked":["Sweeping Beam","Streamline+1"],"picked":"Compile Driver","floor":20},{"not_picked":["Gash","Redo","Scrape"],"picked":"SKIP","floor":21}],"player_experience":2788175,"relics_obtained":[{"floor":7,"key":"Ginger"},{"floor":9,"key":"Pantograph"},{"floor":11,"key":"DataDisk"}],"event_choices":[{"damage_healed":0,"gold_gain":0,"player_choice":"Upgraded","damage_taken":0,"max_hp_gain":0,"max_hp_loss":0,"event_name":"Upgrade Shrine","floor":2,"gold_loss":0,"cards_upgraded":["Zap"]},{"damage_healed":0,"gold_gain":0,"player_choice":"Grow","damage_taken":0,"max_hp_gain":0,"max_hp_loss":0,"event_name":"Living Wall","floor":5,"gold_loss":0,"cards_upgraded":["Sunder"]},{"damage_healed":0,"gold_gain":0,"player_choice":"Bought 0 Potions","damage_taken":0,"max_hp_gain":0,"max_hp_loss":0,"event_name":"The Woman in Blue","floor":13,"gold_loss":0},{"damage_healed":0,"gold_gain":50,"player_choice":"Stole From Cult","damage_taken":0,"max_hp_gain":0,"max_hp_loss":0,"event_name":"Nest","floor":19,"gold_loss":0},{"damage_healed":0,"gold_gain":0,"player_choice":"Shed Blood","damage_taken":22,"max_hp_gain":5,"max_hp_loss":0,"event_name":"Forgotten Altar","floor":22,"gold_loss":0}],"is_beta":false,"boss_relics":[{"not_picked":["FrozenCore","SacredBark"],"picked":"Coffee Dripper"}],"items_purged_floors":[14],"is_endless":false,"potions_floor_spawned":[4,7,8,11,16,18],"killed_by":"Book of Stabbing","ascension_level":20,"potion_discard_per_floor":[[],[],[],[],[],[],[],[],[],[],[],[],[],[],[],["SteroidPotion"],[],[],[],[],[],[],[],[]]}