{"neow_bonuses_skipped_log":["THREE_CARDS","THREE_ENEMY_KILL","BOSS_RELIC"],"neow_costs_skipped_log":["NONE","NONE","NONE"],"potions_obtained_entropic_brew":[[],[],[],[],[],[],[],[],[],[],[],[],[],[],[],[],[],[],[],[],[],[],[],[],[],[],[]],"gold_per_floor":[15,15,29,29,43,43,56,87,111,111,140,140,140,155,155,229,229,242,262,275,275,325,359,359,377,423,423],"floor_reached":27,"playtime":1302,"items_purged":[],"score":586,"play_id":"6dd3d263-7762-477e-8646-2e98325fb9ae","local_time":"20250222024733","score_breakdown":["Floors Climbed (27): 135","Enemies Slain (9): 18","Exordium Elites Killed (2): 20","City Elites Killed (1): 20","Bosses Slain (1): 50","Perfect (1): 50","Ascension (20): 293"],"is_ascension_mode":true,"potions_obtained_alchemize":[[],[],[],[],[],[],[],[],[],[],[],[],[],[],[],[],[],[],[],[],[],[],[],[],[],[],[]],"campfire_choices":[{"data":"Ball Lightning","floor":6,"key":"SMITH"},{"floor":10,"key":"REST"},{"data":"Electrodynamics","floor":12,"key":"SMITH"},{"data":"Hologram","floor":15,"key":"SMITH"},{"data":"Genetic Algorithm","floor":24,"key":"SMITH"}],"lesson_learned_per_floor":[[],[],[],[],[],[],[],[],[],[],[],[],[],[],[],[],[],[],[],[],[],[],[],[],[],[],[]],"neow_cost":"NO_GOLD","improvable_cards":{"Genetic Algorithm+1":[7]},"seed_source_timestamp":854406886400100,"shop_contents":[],"circlet_count":0,"master_deck":["AscendersBane","Defend_B","Defend_B","Defend_B","Zap","Dualcast","Hologram+1","Self Repair","Ball Lightning+1","Leap","Beam Cell","Electrodynamics+1","Reinforced Body","Echo Form","Sunder","Compile Driver+1","Genetic Algorithm+1","Rainbow","All For One","Defragment","Writhe"],"potion_use_per_floor":[[],[],[],[],[],[],["SpeedPotion"],["Energy Potion"],[],[],[],[],[],[],[],["Regen Potion"],[],[],[],["Fire Potion"],[],[],["Swift Potion"],[],[],[],[]],"relics":["Cracked Core","Bag of Marbles","Bag of Preparation","Nunchaku","Tiny Chest","FossilizedHelix","Cursed Key","Question Card","Omamori"],"potions_floor_usage":[7,8,16,20,23],"damage_taken":[{"damage":7,"enemies":"Small Slimes","floor":1,"turns":3},{"damage":5,"enemies":"2 Louse","floor":3,"turns":4},{"damage":0,"enemies":"Jaw Worm","floor":5,"turns":4},{"damage":7,"enemies":"Exordium Wildlife","floor":7,"turns":3},{"damage":34,"enemies":"Gremlin Nob","floor":8,"turns":4},{"damage":30,"enemies":"Lagavulin","floor":11,"turns":5},{"damage":0,"enemies":"Looter","floor":14,"turns":2},{"damage":0,"enemies":"Slime Boss","floor":16,"turns":6},{"damage":8,"enemies":"3 Byrds","floor":18,"turns":3},{"damage":0,"enemies":"Shell Parasite","floor":19,"turns":2},{"damage":8,"enemies":"Chosen and Byrds","floor":20,"turns":6},{"damage":21,"enemies":"Slavers","floor":23,"turns":4},{"damage":21,"enemies":"Snake Plant","floor":25,"turns":5},{"damage":28,"enemies":"Book of Stabbing","floor":27,"turns":6}],"seed_played":"9085107904290405622","neow_bonus_log":{"cardsObtained":[],"cardsUpgraded":[],"cardsRemoved":["Defend_B","Strike_B"],"cardsTransformed":[],"relicsObtained":[],"maxHpGained":0,"goldGained":0,"damageTaken":0,"goldLost":99,"maxHpLost":0},"potions_obtained":[{"floor":3,"key":"SpeedPotion"},{"floor":5,"key":"Energy Potion"},{"floor":11,"key":"Regen Potion"},{"floor":16,"key":"Swift Potion"},{"floor":18,"key":"Fire Potion"}],"is_trial":false,"path_per_floor":["M","?","M","?","M","R","M","E","T","R","E","R","T","M","R","B",null,"M","M","M","?","?","E","R","M","T","E"],"character_chosen":"DEFECT","basemod:card_modifiers":[null,null,null,null,null,null,null,null,null,null,null,null,null,null,null,null,null,null,null,null,null],"items_purchased":[],"campfire_rested":1,"item_purchase_floors":[],"current_hp_per_floor":[57,57,59,33,40,40,40,13,13,34,11,11,11,11,11,33,62,54,54,53,53,53,32,32,25,25,0],"gold":423,"neow_bonus":"REMOVE_TWO","is_prod":false,"is_daily":false,"rewards_skipped":[],"chose_seed":false,"campfire_upgraded":4,"win_rate":0,"floor_exit_playtime":[73,82,118,124,168,181,282,366,369,374,464,475,478,502,522,650,696,781,837,936,945,953,1075,1112,1206,1212],"timestamp":1740210453,"path_taken":["M","?","M","?","M","R","M","E","T","R","E","R","?","M","R","BOSS","M","M","M","?","?","E","R","M","T","E"],"build_version":"2022-12-18","purchased_purges":0,"victory":false,"max_hp_per_floor":[71,71,71,71,71,71,71,71,71,71,71,71,71,71,71,71,71,71,71,71,71,71,71,71,71,71,71],"relic_stats":{"Nunchaku":[4],"counters":[14,57],"Tiny Chest":0,"Bag of Preparation":[18],"Omamori":0,"Cursed Key":1,"Question Card":1,"obtain_stats":[{"Nunchaku":9,"Tiny Chest":11,"Bag of Marbles":4,"Bag of Preparation":8,"Omamori":26,"Cracked Core":0,"Cursed Key":17,"Question Card":23,"FossilizedHelix":13},{"Nunchaku":5,"Tiny Chest":6,"Bag of Marbles":2,"Bag of Preparation":5,"Omamori":13,"Cracked Core":0,"Cursed Key":8,"Question Card":12,"FossilizedHelix":6},{"Nunchaku":18,"Tiny Chest":23,"Bag of Marbles":7,"Bag of Preparation":18,"Omamori":51,"Cracked Core":0,"Cursed Key":31,"Question Card":46,"FossilizedHelix":23}],"FossilizedHelix":[66]},"card_choices":[{"not_picked":["Redo","Turbo"],"picked":"Hologram","floor":1},{"not_picked":["Hologram","Cold Snap"],"picked":"Ball Lightning","floor":3},{"not_picked":["Consume","Heatsinks"],"picked":"Leap","floor":5},{"not_picked":["Cold Snap","Barrage"],"picked":"Beam Cell","floor":7},{"not_picked":["Tempest","Undo"],"picked":"Electrodynamics","floor":8},{"not_picked":["Go for the Eyes","Cold Snap"],"picked":"Reinforced Body","floor":11},{"not_picked":["Go for the Eyes","Sweeping Beam","Beam Cell"],"picked":"SKIP","floor":14},{"not_picked":["Machine Learning","Amplify"],"picked":"Echo Form","floor":16},{"not_picked":["Force Field","Cold Snap"],"picked":"Sunder","floor":18},{"not_picked":["Redo","Stack"],"picked":"Compile Driver+1","floor":19},{"not_picked":["Aggregate","Go for the Eyes"],"picked":"Genetic Algorithm","floor":20},{"not_picked":["Core Surge","Go for the Eyes","Ball Lightning"],"picked":"SKIP","floor":23},{"not_picked":["Gash","Coolheaded","Leap+1"],"picked":"Defragment","floor":25}],"player_experience":2814134,"relics_obtained":[{"floor":8,"key":"Bag of Preparation"},{"floor":9,"key":"Nunchaku"},{"floor":11,"key":"Tiny Chest"},{"floor":13,"key":"FossilizedHelix"},{"floor":23,"key":"Question Card"},{"floor":26,"key":"Omamori"}],"event_choices":[{"damage_healed":0,"gold_gain":0,"cards_transformed":["Strike_B"],"player_choice":"Change","damage_taken":0,"max_hp_gain":0,"max_hp_loss":0,"event_name":"Living Wall","floor":2,"gold_loss":0,"cards_obtained":["Self Repair"]},{"damage_healed":0,"gold_gain":0,"player_choice":"Success","damage_taken":26,"relics_obtained":["Bag of Marbles"],"max_hp_gain":0,"max_hp_loss":0,"event_name":"Scrap Ooze","floor":4,"gold_loss":0},{"damage_healed":0,"gold_gain":0,"cards_transformed":["Strike_B","Strike_B"],"player_choice":"Became Test Subject","damage_taken":0,"max_hp_gain":0,"max_hp_loss":0,"event_name":"Drug Dealer","floor":21,"gold_loss":0,"cards_obtained":["Rainbow","All For One"]},{"damage_healed":0,"gold_gain":50,"player_choice":"Stole From Cult","damage_taken":0,"max_hp_gain":0,"max_hp_loss":0,"event_name":"Nest","floor":22,"gold_loss":0}],"is_beta":false,"boss_relics":[{"not_picked":["Busted Crown","FrozenCore"],"picked":"Cursed Key"}],"items_purged_floors":[],"is_endless":false,"potions_floor_spawned":[3,5,11,16,18],"killed_by":"Book of Stabbing","ascension_level":20,"potion_discard_per_floor":[[],[],[],[],[],[],[],[],[],[],[],[],[],[],[],[],[],[],[],[],[],[],[],[],[],[],[]]}