{"neow_bonuses_skipped_log":["TRANSFORM_CARD","TEN_PERCENT_HP_BONUS","BOSS_RELIC"],"neow_costs_skipped_log":["NONE","NONE","NONE"],"potions_obtained_entropic_brew":[[],[],[],[],[],[],[],[],[],[],[],[],[],[],[],[],[],[],[],[],[],[],[],[]],"gold_per_floor":[118,138,151,76,94,94,111,142,142,142,154,154,174,184,184,255,255,273,246,260,185,213,213,213],"floor_reached":24,"playtime":1796,"items_purged":["Strike_B"],"score":404,"play_id":"5b810015-953f-4359-861f-e451d51cb5c7","local_time":"20250520112718","score_breakdown":["Floors Climbed (24): 120","Enemies Slain (11): 22","Exordium Elites Killed (1): 10","City Elites Killed (0): 0","Bosses Slain (1): 50","Ascension (20): 202"],"is_ascension_mode":true,"potions_obtained_alchemize":[[],[],[],[],[],[],[],[],[],[],[],[],[],[],[],[],[],[],[],[],[],[],[],[]],"campfire_choices":[{"data":"Rip and Tear","floor":6,"key":"SMITH"},{"floor":12,"key":"REST"},{"data":"Chill","floor":15,"key":"SMITH"},{"floor":23,"key":"REST"}],"lesson_learned_per_floor":[[],[],[],[],[],[],[],[],[],[],[],[],[],[],[],[],[],[],[],[],[],[],[],[]],"neow_cost":"PERCENT_DAMAGE","improvable_cards":{},"seed_source_timestamp":454217382336300,"shop_contents":[{"floor":4,"relics":["Bronze Scales","Potion Belt","Lee\u0027s Waffle"],"cards":["Gash","Sweeping Beam","Chaos","Rainbow","Hello World","Enlightenment","Transmutation"],"potions":["SpeedPotion","SteroidPotion","SpeedPotion"]}],"circlet_count":0,"master_deck":["AscendersBane","Strike_B","Strike_B","Defend_B","Defend_B","Defend_B","Defend_B","Zap","Dualcast","Echo Form","Steam","Rip and Tear+1","Chill+1","Streamline","FTL","Turbo","Buffer","FTL","Cold Snap","Seek","Beam Cell+1","Loop"],"potion_use_per_floor":[[],[],[],[],[],[],[],["ColorlessPotion"],[],[],["Fire Potion"],[],["AttackPotion"],[],[],["Fire Potion"],[],[],[],[],[],[],[],["PotionOfCapacity","FocusPotion"]],"relics":["Cracked Core","InkBottle","Ornamental Fan","Nuclear Battery","Red Mask"],"potions_floor_usage":[8,11,13,16,24,24],"damage_taken":[{"damage":1,"enemies":"Cultist","floor":1,"turns":4},{"damage":2,"enemies":"2 Louse","floor":2,"turns":3},{"damage":6,"enemies":"Small Slimes","floor":3,"turns":2},{"damage":4,"enemies":"Blue Slaver","floor":5,"turns":3},{"damage":3,"enemies":"Looter","floor":7,"turns":2},{"damage":29,"enemies":"Gremlin Nob","floor":8,"turns":4},{"damage":0,"enemies":"2 Fungi Beasts","floor":11,"turns":2},{"damage":0,"enemies":"Large Slime","floor":13,"turns":4},{"damage":0,"enemies":"Lots of Slimes","floor":14,"turns":6},{"damage":1,"enemies":"The Guardian","floor":16,"turns":13},{"damage":11,"enemies":"Spheric Guardian","floor":18,"turns":6},{"damage":8,"enemies":"2 Thieves","floor":19,"turns":4},{"damage":1,"enemies":"Shelled Parasite and Fungi","floor":20,"turns":4},{"damage":31,"enemies":"Masked Bandits","floor":22,"turns":5},{"damage":29,"enemies":"Gremlin Leader","floor":24,"turns":2}],"seed_played":"3926042084317434526","neow_bonus_log":{"cardsObtained":[],"cardsUpgraded":[],"cardsRemoved":[],"cardsTransformed":[],"relicsObtained":[],"maxHpGained":0,"goldGained":0,"damageTaken":18,"goldLost":0,"maxHpLost":0},"potions_obtained":[{"floor":2,"key":"LiquidBronze"},{"floor":3,"key":"ColorlessPotion"},{"floor":10,"key":"Fire Potion"},{"floor":10,"key":"AttackPotion"},{"floor":13,"key":"FocusPotion"},{"floor":14,"key":"Fire Potion"},{"floor":16,"key":"PotionOfCapacity"}],"is_trial":false,"path_per_floor":["M","M","M","$","M","R","M","E","T","?","M","R","M","M","R","B",null,"M","M","M","?","?","R","E"],"character_chosen":"DEFECT","basemod:card_modifiers":[null,null,null,null,null,null,null,null,null,null,null,null,null,null,null,null,null,null,null,null,null,null],"items_purchased":[],"campfire_rested":2,"item_purchase_floors":[],"current_hp_per_floor":[45,43,37,37,33,33,30,1,1,1,1,22,22,22,22,21,59,48,40,39,39,8,29,0],"gold":213,"neow_bonus":"THREE_RARE_CARDS","is_prod":false,"is_daily":false,"rewards_skipped":[{"floor":22,"relics":[],"potions":["Block Potion"]}],"chose_seed":false,"campfire_upgraded":2,"win_rate":0,"floor_exit_playtime":[139,193,233,275,327,342,375,467,469,475,516,518,627,876,908,1191,1234,1388,1487,1581,1609,1746,1748],"timestamp":1747754838,"path_taken":["M","?","M","$","M","R","M","E","T","?","M","R","M","M","R","BOSS","M","M","M","?","?","R","E"],"build_version":"2022-12-18","purchased_purges":1,"victory":false,"max_hp_per_floor":[71,71,71,71,71,71,71,71,71,71,71,71,71,71,71,71,71,71,71,71,71,71,71,71],"relic_stats":{"counters":[15,64],"Ornamental Fan":[76],"obtain_stats":[{"Ornamental Fan":9,"Red Mask":22,"Cracked Core":0,"InkBottle":8,"Nuclear Battery":17},{"Ornamental Fan":6,"Red Mask":14,"Cracked Core":0,"InkBottle":6,"Nuclear Battery":10},{"Ornamental Fan":18,"Red Mask":62,"Cracked Core":0,"InkBottle":18,"Nuclear Battery":43}],"InkBottle":[19]},"card_choices":[{"not_picked":["Thunder Strike","Seek"],"picked":"Echo Form","floor":0},{"not_picked":["Coolheaded","Scrape"],"picked":"Steam","floor":1},{"not_picked":["Double Energy","Gash"],"picked":"Rip and Tear","floor":2},{"not_picked":["Aggregate","Cold Snap"],"picked":"Chill","floor":3},{"not_picked":["Stack","Thunder Strike"],"picked":"Streamline","floor":5},{"not_picked":["Beam Cell","Rip and Tear"],"picked":"FTL","floor":7},{"not_picked":["Hologram","Chaos"],"picked":"Turbo","floor":8},{"not_picked":["Barrage","Aggregate"],"picked":"Buffer","floor":11},{"not_picked":["Melter","Redo"],"picked":"FTL","floor":13},{"not_picked":["Chaos","Hello World"],"picked":"Cold Snap","floor":14},{"not_picked":["Fission","Creative AI"],"picked":"Seek","floor":16},{"not_picked":["Rebound","Coolheaded"],"picked":"Beam Cell+1","floor":18},{"not_picked":["BootSequence","Ball Lightning","Gash"],"picked":"SKIP","floor":19},{"not_picked":["Turbo","Beam Cell","Heatsinks"],"picked":"SKIP","floor":20},{"not_picked":["Multi-Cast","Recycle"],"picked":"Loop","floor":22}],"player_experience":2880753,"relics_obtained":[{"floor":8,"key":"InkBottle"},{"floor":9,"key":"Ornamental Fan"},{"floor":22,"key":"Red Mask"}],"event_choices":[{"damage_healed":0,"gold_gain":0,"player_choice":"Got Potions","damage_taken":0,"max_hp_gain":0,"max_hp_loss":0,"event_name":"Lab","floor":10,"gold_loss":0},{"cards_removed":["Strike_B"],"damage_healed":0,"gold_gain":0,"player_choice":"Gave Gold","damage_taken":0,"max_hp_gain":0,"max_hp_loss":0,"event_name":"Beggar","floor":21,"gold_loss":75},{"damage_healed":0,"gold_gain":0,"player_choice":"Fought Bandits","damage_taken":0,"max_hp_gain":0,"max_hp_loss":0,"event_name":"Masked Bandits","floor":22,"gold_loss":0}],"is_beta":false,"boss_relics":[{"not_picked":["Inserter","Velvet Choker"],"picked":"Nuclear Battery"}],"items_purged_floors":[4],"is_endless":false,"potions_floor_spawned":[2,3,13,14,16,22],"killed_by":"Gremlin Leader","ascension_level":20,"potion_discard_per_floor":[[],[],[],[],[],[],[],[],[],["LiquidBronze"],[],[],[],[],[],[],[],[],[],[],[],[],[],[]]}