{"neow_bonuses_skipped_log":["UPGRADE_CARD","THREE_ENEMY_KILL","TRANSFORM_TWO_CARDS"],"neow_costs_skipped_log":["NONE","NONE","PERCENT_DAMAGE"],"potions_obtained_entropic_brew":[[],[],[],[],[],[],[],[],[],[],[],[],[],[],[],[],[],[],[],[],[],[],[],[],[],[],[],[],[],[],[],[],[],[],[],[],[],[],[],[],[],[],[],[],[],[],[],[],[],[],[],[],[],[],[],[],[]],"gold_per_floor":[115,115,135,148,128,163,163,180,180,191,191,216,229,243,243,317,317,317,317,317,118,118,118,118,118,118,118,118,118,118,118,118,118,118,118,118,118,118,118,118,118,118,118,118,118,118,118,118,118,118,118,118,118,18,18,18],"floor_reached":57,"playtime":7170,"items_purged":["Defend_B","Bite"],"score":2792,"play_id":"2e571f03-bcb9-4e6f-a572-201c9ec538b6","local_time":"20250520132745","falling_options_log":["Glacier","Echo Form+1"],"score_breakdown":["Floors Climbed (57): 285","Enemies Slain (18): 36","Exordium Elites Killed (2): 20","City Elites Killed (2): 40","Beyond Elites Killed (3): 90","Bosses Slain (5): 750","Collector (1): 25","Well Fed: 25","Champion (1): 25","Ascension (20): 1246","Heartbreaker: 250"],"is_ascension_mode":true,"potions_obtained_alchemize":[[],[],[],[],[],[],[],[],[],[],[],[],[],[],[],[],[],[],[],[],[],[],[],[],[],[],[],[],[],[],[],[],[],[],[],[],[],[],[],[],[],[],[],[],[],[],[],[],[],[],[],[],[],[],[],[],[]],"campfire_choices":[{"data":"Genetic Algorithm","floor":7,"key":"SMITH"},{"floor":11,"key":"REST"},{"data":"Barrage","floor":15,"key":"SMITH"},{"data":"Biased Cognition","floor":24,"key":"SMITH"},{"data":"Heatsinks","floor":27,"key":"SMITH"},{"data":"Echo Form","floor":32,"key":"SMITH"},{"data":"Defragment","floor":40,"key":"SMITH"},{"data":"Skim","floor":42,"key":"SMITH"},{"floor":49,"key":"RECALL"},{"data":"Blizzard","floor":53,"key":"SMITH"}],"lesson_learned_per_floor":[[],[],[],[],[],[],[],[],[],[],[],[],[],[],[],[],[],[],[],[],[],[],[],[],[],[],[],[],[],[],[],[],[],[],[],[],[],[],[],[],[],[],[],[],[],[],[],[],[],[],[],[],[],[],[],[],[]],"neow_cost":"NONE","improvable_cards":{"Genetic Algorithm+1":[133]},"seed_source_timestamp":456068825094900,"shop_contents":[{"floor":21,"relics":["Happy Flower","Toy Ornithopter","HandDrill"],"cards":["Go for the Eyes","Rebound","Chaos","Good Instincts","Magnetism"],"potions":["Dexterity Potion","EssenceOfSteel","Swift Potion"]},{"floor":54,"relics":["War Paint","StrikeDummy","Orrery"],"cards":["Blizzard","Melter","Leap","Conserve Battery","Static Discharge","Purity","Metamorphosis"],"potions":["SkillPotion","CultistPotion","DistilledChaos"]}],"circlet_count":0,"master_deck":["AscendersBane","Defend_B","Defend_B","Defend_B","Zap","Dualcast","Glacier","Ball Lightning","Genetic Algorithm+1","Core Surge","Hologram","Echo Form+1","Skim+1","Self Repair","Biased Cognition+1","Chill","Bite","Bite","Bite","Bite","Reinforced Body","Heatsinks+1","Turbo","Coolheaded","Hologram","Rainbow","Defragment+1","Glacier+1","Blizzard+1","Loop"],"potion_use_per_floor":[[],[],[],[],[],["BlessingOfTheForge"],[],[],[],[],[],[],[],["EssenceOfSteel"],[],[],[],[],[],[],[],[],["Ancient Potion"],[],[],[],[],["Explosive Potion"],[],[],[],[],[],[],[],[],[],[],[],[],[],[],[],[],[],[],[],[],[],[],[],[],[],[],["FocusPotion"],["FocusPotion","LiquidBronze"],[]],"relics":["Inserter","Matryoshka","Cables","Dream Catcher","Darkstone Periapt","Ectoplasm","FaceOfCleric","Sundial","Orichalcum","Gremlin Horn","Boot","Coffee Dripper","Calipers","CeramicFish","MealTicket","Singing Bowl","Incense Burner"],"potions_floor_usage":[6,14,23,28,55,56,56],"damage_taken":[{"damage":5,"enemies":"Small Slimes","floor":1,"turns":5},{"damage":2,"enemies":"Jaw Worm","floor":3,"turns":7},{"damage":0,"enemies":"Cultist","floor":4,"turns":3},{"damage":31,"enemies":"Gremlin Nob","floor":6,"turns":4},{"damage":1,"enemies":"2 Fungi Beasts","floor":8,"turns":6},{"damage":3,"enemies":"Exordium Wildlife","floor":10,"turns":4},{"damage":5,"enemies":"Lagavulin","floor":12,"turns":12},{"damage":0,"enemies":"Lots of Slimes","floor":13,"turns":7},{"damage":17,"enemies":"Exordium Thugs","floor":14,"turns":5},{"damage":13,"enemies":"Hexaghost","floor":16,"turns":8},{"damage":1,"enemies":"Spheric Guardian","floor":18,"turns":5},{"damage":0,"enemies":"Chosen","floor":22,"turns":6},{"damage":34,"enemies":"Slavers","floor":23,"turns":8},{"damage":59,"enemies":"Shelled Parasite and Fungi","floor":25,"turns":11},{"damage":9,"enemies":"Gremlin Leader","floor":28,"turns":8},{"damage":6,"enemies":"Snake Plant","floor":29,"turns":5},{"damage":1,"enemies":"Cultist and Chosen","floor":30,"turns":9},{"damage":3,"enemies":"3 Cultists","floor":31,"turns":5},{"damage":52,"enemies":"Collector","floor":33,"turns":10},{"damage":22,"enemies":"Orb Walker","floor":35,"turns":7},{"damage":28,"enemies":"2 Orb Walkers","floor":36,"turns":6},{"damage":6,"enemies":"3 Shapes","floor":38,"turns":9},{"damage":32,"enemies":"Writhing Mass","floor":39,"turns":7},{"damage":0,"enemies":"Reptomancer","floor":41,"turns":9},{"damage":15,"enemies":"Nemesis","floor":44,"turns":7},{"damage":0,"enemies":"Sphere and 2 Shapes","floor":45,"turns":10},{"damage":19,"enemies":"Reptomancer","floor":46,"turns":12},{"damage":22,"enemies":"Jaw Worm Horde","floor":47,"turns":6},{"damage":25,"enemies":"Donu and Deca","floor":50,"turns":15},{"damage":21,"enemies":"Time Eater","floor":51,"turns":20},{"damage":45,"enemies":"Shield and Spear","floor":55,"turns":13},{"damage":65,"enemies":"The Heart","floor":56,"turns":13}],"green_key_taken_log":44,"seed_played":"1552614558516894445","neow_bonus_log":{"cardsObtained":[],"cardsUpgraded":[],"cardsRemoved":[],"cardsTransformed":[],"relicsObtained":["Inserter"],"maxHpGained":0,"goldGained":0,"damageTaken":0,"goldLost":0,"maxHpLost":0},"potions_obtained":[{"floor":1,"key":"BlessingOfTheForge"},{"floor":5,"key":"EssenceOfSteel"},{"floor":6,"key":"SteroidPotion"},{"floor":14,"key":"Ancient Potion"},{"floor":25,"key":"Explosive Potion"},{"floor":28,"key":"Energy Potion"},{"floor":41,"key":"Block Potion"},{"floor":44,"key":"PotionOfCapacity"},{"floor":46,"key":"FocusPotion"},{"floor":47,"key":"FocusPotion"},{"floor":55,"key":"LiquidBronze"}],"is_trial":false,"path_per_floor":["M","?","M","M","?","E","R","M","T","M","R","E","M","M","R","B",null,"M","?","?","$","M","E","R","M","T","R","E","M","M","M","R","B",null,"M","?","?","M","M","R","E","R","T","E","M","E","M","?","R","B","B",null,"R","$","E","B",null],"character_chosen":"DEFECT","basemod:card_modifiers":[null,null,null,null,null,null,null,null,null,null,null,null,null,null,null,null,null,null,null,null,null,null,null,null,null,null,null,null,null,null],"items_purchased":["Reinforced Body","Heatsinks"],"campfire_rested":1,"item_purchase_floors":[21,21],"current_hp_per_floor":[59,54,52,52,52,21,21,20,20,17,38,33,35,20,20,16,57,58,58,58,58,72,69,69,74,74,74,75,76,77,78,78,59,74,70,53,81,82,79,79,84,84,84,85,86,89,90,90,90,91,92,92,92,92,79,40],"gold":18,"neow_bonus":"BOSS_RELIC","is_prod":false,"is_daily":false,"rewards_skipped":[{"floor":8,"relics":[],"potions":["Dexterity Potion"]},{"floor":10,"relics":[],"potions":["Energy Potion"]},{"floor":22,"relics":[],"potions":["Strength Potion"]},{"floor":29,"relics":[],"potions":["ColorlessPotion"]},{"floor":31,"relics":[],"potions":["SpeedPotion"]}],"chose_seed":false,"campfire_upgraded":8,"win_rate":0,"floor_exit_playtime":[484,488,696,744,757,798,806,941,950,1009,1023,1150,1414,1493,1507,1597,1620,1877,1890,1898,2012,2560,2857,2865,3040,3044,3140,3301,3401,3548,3661,3668,3971,3990,4096,4203,4382,4547,4677,4684,5172,5256,5258,5409,5734,5968,6085,6103,6105,6332,6594,6606,6617,6654,6961,7170],"timestamp":1747762065,"blue_key_relic_skipped_log":{"floor":43,"relicID":"Blue Candle"},"path_taken":["M","?","M","M","?","E","R","M","T","M","R","E","M","?","R","BOSS","M","?","?","$","M","E","R","M","T","R","E","?","M","?","R","BOSS","M","?","?","?","M","R","E","R","T","E","?","E","M","?","R","BOSS","BOSS","R","$","E","BOSS"],"build_version":"2022-12-18","purchased_purges":2,"victory":true,"max_hp_per_floor":[71,71,71,71,71,71,71,71,71,71,71,71,71,71,71,71,71,71,71,71,71,72,73,73,74,74,74,75,76,77,78,78,79,79,80,81,81,82,83,83,84,84,84,85,86,89,90,90,90,91,92,92,92,92,93,94],"relic_stats":{"Darkstone Periapt":0,"Inserter":[127],"Calipers":[23319],"Gremlin Horn":[39,39],"Singing Bowl":2,"counters":[32,262],"CeramicFish":0,"Orichalcum":[192],"Boot":[70],"Cables":[215,46,163,6,0],"Dream Catcher":1,"Matryoshka":2,"FaceOfCleric":21,"Sundial":[26],"MealTicket":0,"Ectoplasm":577,"obtain_stats":[{"Darkstone Periapt":9,"Inserter":0,"Calipers":36,"Gremlin Horn":26,"Singing Bowl":46,"CeramicFish":41,"Incense Burner":55,"Orichalcum":26,"Boot":28,"Cables":6,"Blood Vial":12,"Dream Catcher":9,"Matryoshka":2,"FaceOfCleric":20,"Sundial":23,"MealTicket":44,"Ectoplasm":17,"Coffee Dripper":34,"Cracked Core":0},{"Darkstone Periapt":5,"Inserter":0,"Calipers":21,"Gremlin Horn":14,"Singing Bowl":27,"CeramicFish":24,"Incense Burner":31,"Orichalcum":14,"Boot":15,"Cables":4,"Blood Vial":7,"Dream Catcher":5,"Matryoshka":1,"FaceOfCleric":11,"Sundial":13,"MealTicket":25,"Ectoplasm":10,"Coffee Dripper":19,"Cracked Core":0},{"Darkstone Periapt":25,"Inserter":0,"Calipers":141,"Gremlin Horn":91,"Singing Bowl":195,"CeramicFish":166,"Incense Burner":249,"Orichalcum":91,"Boot":99,"Cables":19,"Blood Vial":41,"Dream Catcher":25,"Matryoshka":5,"FaceOfCleric":66,"Sundial":80,"MealTicket":173,"Ectoplasm":61,"Coffee Dripper":128,"Cracked Core":0}]},"card_choices":[{"not_picked":["Barrage","Beam Cell"],"picked":"Glacier","floor":1},{"not_picked":["Loop","Compile Driver"],"picked":"Ball Lightning","floor":3},{"not_picked":["White Noise","Gash"],"picked":"Barrage","floor":4},{"not_picked":["Rip and Tear","Rebound"],"picked":"Genetic Algorithm","floor":6},{"not_picked":["Leap","Barrage"],"picked":"Static Discharge","floor":8},{"not_picked":["Steam","FTL"],"picked":"Core Surge","floor":10},{"not_picked":["Leap","Turbo"],"picked":"Hologram","floor":11},{"not_picked":["Barrage","Hologram"],"picked":"Echo Form","floor":12},{"not_picked":["Gash","Redo"],"picked":"Skim","floor":13},{"not_picked":["Turbo","Ball Lightning"],"picked":"Self Repair","floor":14},{"not_picked":["Machine Learning","Multi-Cast"],"picked":"Biased Cognition","floor":16},{"not_picked":["Barrage","Compile Driver"],"picked":"Chill","floor":18},{"not_picked":["Hello World","Redo"],"picked":"Turbo","floor":22},{"not_picked":["Undo","Compile Driver"],"picked":"Coolheaded","floor":23},{"not_picked":["Beam Cell","Cold Snap","Rebound"],"picked":"SKIP","floor":25},{"not_picked":["Conserve Battery","Streamline+1"],"picked":"Hologram","floor":28},{"not_picked":["Coolheaded","Cold Snap","Conserve Battery"],"picked":"SKIP","floor":29},{"not_picked":["Rebound+1","BootSequence","Gash"],"picked":"SKIP","floor":30},{"not_picked":["Steam","Compile Driver","Conserve Battery"],"picked":"SKIP","floor":31},{"not_picked":["Hyperbeam","Meteor Strike"],"picked":"Rainbow","floor":33},{"not_picked":["Steam","Chill","Rip and Tear+1"],"picked":"SKIP","floor":35},{"not_picked":["Rebound","Conserve Battery"],"picked":"Defragment","floor":36},{"not_picked":["Cold Snap","Reprogram","Compile Driver"],"picked":"SKIP","floor":38},{"not_picked":["Rip and Tear","Cold Snap","Barrage"],"picked":"SKIP","floor":39},{"not_picked":["Tempest+1","Hologram","Reboot"],"picked":"SKIP","floor":41},{"not_picked":["Auto Shields","Stack"],"picked":"Glacier+1","floor":44},{"not_picked":["Stack","Beam Cell","Meteor Strike"],"picked":"SKIP","floor":45},{"not_picked":["Barrage+1","Beam Cell+1","Static Discharge"],"picked":"Singing Bowl","floor":46},{"not_picked":["Sweeping Beam","Coolheaded"],"picked":"Blizzard","floor":47},{"not_picked":["Genetic Algorithm+1","Auto Shields+1"],"picked":"Loop","floor":55}],"player_experience":2882549,"relics_obtained":[{"floor":6,"key":"Cables"},{"floor":9,"key":"Dream Catcher"},{"floor":9,"key":"Darkstone Periapt"},{"floor":12,"key":"Blood Vial"},{"floor":23,"key":"Sundial"},{"floor":26,"key":"Orichalcum"},{"floor":26,"key":"Gremlin Horn"},{"floor":28,"key":"Boot"},{"floor":36,"key":"Calipers"},{"floor":41,"key":"CeramicFish"},{"floor":44,"key":"MealTicket"},{"floor":46,"key":"Singing Bowl"},{"floor":55,"key":"Incense Burner"}],"event_choices":[{"damage_healed":0,"gold_gain":0,"player_choice":"Success","damage_taken":5,"relics_obtained":["Matryoshka"],"max_hp_gain":0,"max_hp_loss":0,"event_name":"Scrap Ooze","floor":2,"gold_loss":0},{"damage_healed":0,"gold_gain":0,"player_choice":"Bought 1 Potion","damage_taken":0,"max_hp_gain":0,"max_hp_loss":0,"event_name":"The Woman in Blue","floor":5,"gold_loss":0},{"damage_healed":0,"gold_gain":0,"player_choice":"Became a vampire (Vial)","damage_taken":0,"max_hp_gain":0,"max_hp_loss":0,"event_name":"Vampires","floor":19,"relics_lost":["Blood Vial"],"gold_loss":0,"cards_obtained":["Bite","Bite","Bite","Bite","Bite"]},{"damage_healed":0,"gold_gain":0,"player_choice":"Trade","damage_taken":0,"relics_obtained":["FaceOfCleric"],"max_hp_gain":0,"max_hp_loss":0,"event_name":"FaceTrader","floor":20,"gold_loss":0},{"damage_healed":0,"gold_gain":0,"player_choice":"Fight","damage_taken":0,"max_hp_gain":0,"max_hp_loss":0,"event_name":"Mysterious Sphere","floor":36,"gold_loss":0},{"cards_removed":["Static Discharge"],"damage_healed":28,"gold_gain":0,"player_choice":"Offered Uncommon","damage_taken":0,"max_hp_gain":0,"max_hp_loss":0,"event_name":"Bonfire Elementals","floor":37,"gold_loss":0},{"cards_removed":["Barrage"],"damage_healed":0,"gold_gain":0,"player_choice":"Removed Attack","damage_taken":0,"max_hp_gain":0,"max_hp_loss":0,"event_name":"Falling","floor":48,"gold_loss":0}],"is_beta":false,"boss_relics":[{"not_picked":["Tiny House","Velvet Choker"],"picked":"Ectoplasm"},{"not_picked":["Cursed Key","Empty Cage"],"picked":"Coffee Dripper"}],"items_purged_floors":[21,54],"is_endless":false,"potions_floor_spawned":[1,6,8,10,14,22,25,28,29,31,41,44,46,47,55],"ascension_level":20,"potion_discard_per_floor":[[],[],[],[],[],[],[],[],[],[],[],[],[],[],[],[],[],[],[],[],[],[],[],[],[],[],[],[],[],[],[],[],[],[],[],[],[],[],[],[],["SteroidPotion"],[],[],["Block Potion"],[],["Energy Potion"],["PotionOfCapacity"],[],[],[],[],[],[],[],[],[],[]]}