{"neow_bonuses_skipped_log":["TRANSFORM_CARD","THREE_ENEMY_KILL","BOSS_RELIC"],"neow_costs_skipped_log":["NONE","NONE","NONE"],"potions_obtained_entropic_brew":[[],[],[],[],[],[],[],[],[],[],[],[],[],[],[],[]],"gold_per_floor":[116,136,136,136,30,30,54,87,114,152,152,177,202,6,6,6],"floor_reached":16,"playtime":6171,"items_purged":["Defend_B"],"score":220,"play_id":"9a7c1c88-523b-40f1-8ae6-63e1be2de3c9","local_time":"20250520105706","score_breakdown":["Floors Climbed (16): 80","Enemies Slain (5): 10","Exordium Elites Killed (2): 20","Bosses Slain (0): 0","Ascension (20): 110"],"is_ascension_mode":true,"potions_obtained_alchemize":[[],[],[],[],[],[],[],[],[],[],[],[],[],[],[],[]],"campfire_choices":[{"data":"Streamline","floor":6.0,"key":"SMITH"},{"floor":11.0,"key":"REST"},{"data":"Reprogram","floor":15,"key":"SMITH"}],"lesson_learned_per_floor":[[],[],[],[],[],[],[],[],[],[],[],[],[],[],[],[]],"neow_cost":"PERCENT_DAMAGE","improvable_cards":{},"seed_source_timestamp":0,"shop_contents":[{"floor":5,"relics":["Art of War","Whetstone","Lee\u0027s Waffle"],"cards":["Core Surge","Scrape","Double Energy","Darkness","Loop","Good Instincts","Metamorphosis"],"potions":["LiquidBronze","Energy Potion"]},{"floor":14,"relics":["Regal Pillow","Letter Opener"],"cards":["Core Surge","Streamline","Tempest","Storm","Dark Shackles","Chrysalis"],"potions":["SteroidPotion","ColorlessPotion","Block Potion"]}],"circlet_count":0,"master_deck":["AscendersBane","Strike_B","Strike_B","Defend_B","Defend_B","Defend_B","Zap","Dualcast","FTL","Streamline+1","Buffer","Go for the Eyes","Cold Snap","Double Energy","Reprogram+1","Leap"],"special_seed":0,"potion_use_per_floor":[[],[],[],[],[],[],[],["PowerPotion"],[],[],[],[],[],[],[],[]],"relics":["Cracked Core","Golden Idol","Smiling Mask","Turnip","Vajra","Shuriken","Membership Card"],"potions_floor_usage":[],"damage_taken":[{"damage":2.0,"enemies":"Jaw Worm","floor":1.0,"turns":3.0},{"damage":5.0,"enemies":"Small Slimes","floor":2.0,"turns":2.0},{"damage":2.0,"enemies":"2 Louse","floor":7.0,"turns":2.0},{"damage":5.0,"enemies":"3 Sentries","floor":8.0,"turns":3.0},{"damage":10.0,"enemies":"Lagavulin","floor":10.0,"turns":6.0},{"damage":6.0,"enemies":"Blue Slaver","floor":12.0,"turns":3.0},{"damage":7,"enemies":"Red Slaver","floor":13,"turns":4},{"damage":19,"enemies":"Hexaghost","floor":16,"turns":9}],"seed_played":"6205202763722952613","neow_bonus_log":{"cardsObtained":[],"cardsUpgraded":[],"cardsRemoved":["Strike_B","Strike_B"],"cardsTransformed":[],"relicsObtained":[],"maxHpGained":0,"goldGained":0,"damageTaken":18,"goldLost":0,"maxHpLost":0},"potions_obtained":[{"floor":1.0,"key":"PowerPotion"},{"floor":10.0,"key":"PotionOfCapacity"}],"is_trial":false,"path_per_floor":["M","M","?","?","$","R","M","E","T","E","R","M","M","$","R","B"],"character_chosen":"DEFECT","basemod:card_modifiers":[null,null,null,null,null,null,null,null,null,null,null,null,null,null,null,null],"items_purchased":["SteroidPotion","Membership Card","Leap"],"campfire_rested":1,"item_purchase_floors":[5,14,14],"current_hp_per_floor":[44,39,39,28,28,28,26,21,21,11,30,24,17,17,17,0],"gold":6,"neow_bonus":"REMOVE_TWO","is_prod":false,"is_daily":false,"rewards_skipped":[{"floor":7,"relics":[],"potions":["ColorlessPotion"]},{"floor":12,"relics":[],"potions":["LiquidMemories"]}],"chose_seed":false,"campfire_upgraded":2,"win_rate":0,"floor_exit_playtime":[5262,5286,5290,5375,5631,5636,5668,5736,5738,5808,5811,5954,6023,6056,6074],"timestamp":1747753026,"path_taken":["M","M","?","?","$","R","M","E","T","E","R","M","M","$","R","BOSS"],"build_version":"2022-12-18","purchased_purges":1,"victory":false,"max_hp_per_floor":[71,71,64,64,64,64,64,64,64,64,64,64,64,64,64,64],"relic_stats":{"counters":[8,32],"Golden Idol":35,"Shuriken":[3],"Turnip":[0],"Membership Card":28,"Smiling Mask":25,"obtain_stats":[{"Golden Idol":3,"Shuriken":10,"Vajra":9,"Turnip":8,"Membership Card":14,"Cracked Core":0,"Smiling Mask":4},{"Golden Idol":2,"Shuriken":5,"Vajra":4,"Turnip":4,"Membership Card":7,"Cracked Core":0,"Smiling Mask":2},{"Golden Idol":5,"Shuriken":16,"Vajra":10,"Turnip":10,"Membership Card":23,"Cracked Core":0,"Smiling Mask":5}]},"card_choices":[{"not_picked":["Auto Shields","Gash"],"picked":"FTL","floor":1.0},{"not_picked":["Sweeping Beam","Skim"],"picked":"Streamline","floor":2.0},{"not_picked":["Coolheaded","Compile Driver"],"picked":"Buffer","floor":7.0},{"not_picked":["Conserve Battery","Force Field"],"picked":"Go for the Eyes","floor":8.0},{"not_picked":["Auto Shields","Melter"],"picked":"Cold Snap","floor":10.0},{"not_picked":["Loop","Steam Power"],"picked":"Double Energy","floor":12},{"not_picked":["Steam Power","Static Discharge"],"picked":"Reprogram","floor":13}],"player_experience":2874582,"relics_obtained":[{"floor":8.0,"key":"Turnip"},{"floor":9.0,"key":"Vajra"},{"floor":10.0,"key":"Shuriken"}],"event_choices":[{"damage_healed":0.0,"max_hp_gain":0.0,"max_hp_loss":7.0,"gold_gain":0.0,"event_name":"Golden Idol","player_choice":"Lose Max HP","floor":3.0,"gold_loss":0.0,"damage_taken":0.0,"relics_obtained":["Golden Idol"]},{"damage_healed":0.0,"max_hp_gain":0.0,"max_hp_loss":0.0,"gold_gain":0.0,"event_name":"Scrap Ooze","player_choice":"Success","floor":4.0,"gold_loss":0.0,"damage_taken":11.0,"relics_obtained":["Smiling Mask"]}],"is_beta":false,"boss_relics":[],"items_purged_floors":[5],"is_endless":false,"potions_floor_spawned":[1,7,10,12],"killed_by":"Hexaghost","ascension_level":20,"potion_discard_per_floor":[[],[],[],[],[],[],[],[],[],[],[],[],[],[],[],[]]}