{"gold_per_floor":[117,67,242,26,26,26,60,76,76,93,25,25,36,52,52,148,148,134,154,129,129,46,46,61,77,77,108,121,121,147,160,160,160],"floor_reached":33,"playtime":1794,"items_purged":[],"score":312,"play_id":"fa148ca3-3d33-4cc7-9730-66886a6c4266","local_time":"20210406012323","is_ascension_mode":false,"campfire_choices":[{"data":"Transmutation","floor":6,"key":"SMITH"},{"data":"Rage","floor":12,"key":"SMITH"},{"data":"Infernal Blade","floor":15,"key":"SMITH"},{"data":"Good Instincts","floor":23,"key":"SMITH"},{"floor":32,"key":"REST"}],"neow_cost":"NONE","seed_source_timestamp":1407871758174400,"circlet_count":0,"master_deck":["Strike_R","Strike_R","Strike_R","Strike_R","Defend_R","Defend_R","Defend_R+1","Defend_R","Bash","Impatience+1","Cleave","Doubt","Transmutation+1","Anger","Rage+1","Shrug It Off","Anger","Metallicize","Reaper","Infernal Blade+1","Double Tap","Hemokinesis","Armaments+1","Headbutt","Necronomicurse","Good Instincts+1","Combust","Ghostly Armor+1","Rage+1","Blood for Blood","Bloodletting+1","Clothesline+1"],"relics":["Burning Blood","War Paint","Mercury Hourglass","Darkstone Periapt","Black Star","Necronomicon","Toxic Egg 2","Blood Vial","FossilizedHelix","Magic Flower","Letter Opener"],"potions_floor_usage":[16,27,31,31,31],"damage_taken":[{"damage":6,"enemies":"Jaw Worm","floor":1,"turns":3},{"damage":2,"enemies":"Lagavulin","floor":7,"turns":4},{"damage":0,"enemies":"Small Slimes","floor":8,"turns":2},{"damage":0,"enemies":"Cultist","floor":10,"turns":3},{"damage":7,"enemies":"Blue Slaver","floor":13,"turns":3},{"damage":7,"enemies":"Looter","floor":14,"turns":3},{"damage":13,"enemies":"Hexaghost","floor":16,"turns":7},{"damage":27,"enemies":"2 Thieves","floor":18,"turns":4},{"damage":8,"enemies":"Shell Parasite","floor":19,"turns":7},{"damage":13,"enemies":"Snake Plant","floor":24,"turns":3},{"damage":2,"enemies":"Centurion and Healer","floor":25,"turns":7},{"damage":57,"enemies":"Gremlin Leader","floor":27,"turns":9},{"damage":16,"enemies":"Cultist and Chosen","floor":28,"turns":6},{"damage":64,"enemies":"Slavers","floor":30,"turns":6},{"damage":22,"enemies":"Snecko","floor":31,"turns":5},{"damage":59,"enemies":"Champ","floor":33,"turns":12}],"seed_played":"-5052337677777564887","potions_obtained":[{"floor":10,"key":"Block Potion"},{"floor":13,"key":"PowerPotion"},{"floor":14,"key":"GamblersBrew"},{"floor":18,"key":"Energy Potion"},{"floor":27,"key":"BloodPotion"},{"floor":30,"key":"Swift Potion"},{"floor":31,"key":"Explosive Potion"}],"is_trial":false,"path_per_floor":["M","?","?","$","T","R","E","M","T","M","$","R","M","M","R","B",null,"M","M","$","?","$","R","M","M","T","E","M","?","E","M","R","B"],"character_chosen":"IRONCLAD","items_purchased":["Transmutation","Anger","Metallicize","Headbutt","Good Instincts"],"campfire_rested":1,"item_purchase_floors":[4,4,11,20,22],"current_hp_per_floor":[80,80,80,80,80,80,80,80,80,80,80,80,79,80,80,73,80,59,61,61,51,51,51,44,64,64,66,72,72,28,18,43,0],"gold":160,"neow_bonus":"RANDOM_COLORLESS","is_prod":false,"is_daily":false,"chose_seed":false,"campfire_upgraded":4,"win_rate":0.0,"timestamp":1617686603,"path_taken":["M","?","?","$","?","R","E","?","T","M","$","R","M","M","R","BOSS","M","M","$","?","$","R","M","M","T","E","M","?","E","M","R","BOSS"],"build_version":"2020-12-22","purchased_purges":0,"victory":false,"max_hp_per_floor":[80,80,80,80,80,80,80,80,80,80,80,80,80,80,80,80,80,80,80,80,86,86,86,86,86,86,86,86,86,86,86,86,86],"card_choices":[{"not_picked":["Panacea","Finesse"],"picked":"Impatience","floor":0},{"not_picked":["Thunderclap","Heavy Blade"],"picked":"Cleave","floor":1},{"not_picked":["Twin Strike","Sword Boomerang"],"picked":"Rage","floor":7},{"not_picked":["Rampage","Disarm"],"picked":"Shrug It Off","floor":8},{"not_picked":["Pommel Strike","Entrench"],"picked":"Anger","floor":10},{"not_picked":["Pummel","Body Slam"],"picked":"Reaper","floor":13},{"not_picked":["Reckless Charge","Warcry"],"picked":"Infernal Blade","floor":14},{"not_picked":["Bludgeon","Brutality"],"picked":"Double Tap","floor":16},{"not_picked":["Metallicize","Cleave"],"picked":"Hemokinesis","floor":18},{"not_picked":["Flex","Heavy Blade"],"picked":"Armaments+1","floor":19},{"not_picked":["Entrench+1","Seeing Red"],"picked":"Combust","floor":24},{"not_picked":["Heavy Blade","Clothesline"],"picked":"Ghostly Armor+1","floor":25},{"not_picked":["Headbutt","Armaments+1"],"picked":"Rage+1","floor":27},{"not_picked":["Offering+1","Battle Trance+1"],"picked":"Blood for Blood","floor":28},{"not_picked":["Armaments+1","Clothesline+1"],"picked":"Bloodletting+1","floor":30},{"not_picked":["Sword Boomerang","Ghostly Armor+1"],"picked":"Clothesline+1","floor":31}],"player_experience":21369,"relics_obtained":[{"floor":5,"key":"War Paint"},{"floor":7,"key":"Mercury Hourglass"},{"floor":9,"key":"Darkstone Periapt"},{"floor":21,"key":"Necronomicon"},{"floor":26,"key":"Toxic Egg 2"},{"floor":27,"key":"Blood Vial"},{"floor":27,"key":"FossilizedHelix"},{"floor":30,"key":"Magic Flower"},{"floor":30,"key":"Letter Opener"}],"event_choices":[{"cards_removed":["Strike_R"],"damage_healed":0,"gold_gain":0,"player_choice":"Card Removal","damage_taken":0,"max_hp_gain":0,"max_hp_loss":0,"event_name":"The Cleric","floor":2,"gold_loss":50},{"damage_healed":0,"gold_gain":175,"player_choice":"AGREE","damage_taken":0,"max_hp_gain":0,"max_hp_loss":0,"event_name":"Liars Game","floor":3,"gold_loss":0,"cards_obtained":["Doubt"]},{"damage_healed":0,"gold_gain":0,"player_choice":"Obtained Book","damage_taken":16,"max_hp_gain":0,"max_hp_loss":0,"event_name":"Cursed Tome","floor":21,"gold_loss":0},{"damage_healed":0,"gold_gain":0,"player_choice":"Ignored","damage_taken":0,"max_hp_gain":0,"max_hp_loss":0,"event_name":"NoteForYourself","floor":29,"gold_loss":0}],"is_beta":false,"boss_relics":[{"not_picked":["Empty Cage","Snecko Eye"],"picked":"Black Star"}],"items_purged_floors":[],"is_endless":false,"potions_floor_spawned":[10,13,14,18,27,30,31],"killed_by":"Champ","ascension_level":0}