{"gold_per_floor":[112,112,133,233,249,249,249,47,70,83,50,50,50,68,68,198,198,221,221,221,236,236,236,83,96,96,45,81,81,105,126,126,126],"floor_reached":33,"playtime":1536,"items_purged":[],"score":282,"play_id":"d6d7bb34-47b9-4fa6-8935-2b7b5ddcdfd6","local_time":"20210406015450","is_ascension_mode":false,"campfire_choices":[{"data":"Cleave","floor":6,"key":"SMITH"},{"data":"Carnage","floor":12,"key":"SMITH"},{"floor":15,"key":"REST"},{"data":"Seeing Red","floor":23,"key":"SMITH"},{"data":"Apotheosis","floor":29,"key":"SMITH"},{"floor":32,"key":"REST"}],"neow_cost":"NONE","seed_source_timestamp":1410016570710100,"circlet_count":0,"master_deck":["Strike_R","Strike_R","Strike_R","Strike_R","Defend_R","Defend_R","Defend_R","Defend_R","Bash","Hemokinesis","Cleave+1","Ghostly Armor","Iron Wave","Apotheosis+1","Pommel Strike","Carnage+1","Flex","Reaper","CurseOfTheBell","Battle Trance+1","Clothesline+1","Seeing Red+1","Iron Wave+1","Armaments","Dual Wield+1","Clash","Iron Wave+1"],"relics":["Burning Blood","Golden Idol","Potion Belt","Ancient Tea Set","Calling Bell","Orichalcum","Pear","TungstenRod","Red Skull","Omamori","Pantograph","Shuriken"],"potions_floor_usage":[16,21,30,33,33,33],"damage_taken":[{"damage":8,"enemies":"Small Slimes","floor":1,"turns":3},{"damage":13,"enemies":"2 Louse","floor":3,"turns":2},{"damage":6,"enemies":"Cultist","floor":5,"turns":3},{"damage":5,"enemies":"Exordium Wildlife","floor":10,"turns":3},{"damage":12,"enemies":"Exordium Thugs","floor":14,"turns":4},{"damage":43,"enemies":"Slime Boss","floor":16,"turns":12},{"damage":16,"enemies":"Spheric Guardian","floor":18,"turns":5},{"damage":16,"enemies":"3 Byrds","floor":19,"turns":5},{"damage":30,"enemies":"Snake Plant","floor":21,"turns":6},{"damage":8,"enemies":"Cultist and Chosen","floor":25,"turns":6},{"damage":37,"enemies":"Gremlin Leader","floor":28,"turns":6},{"damage":53,"enemies":"3 Cultists","floor":30,"turns":7},{"damage":22,"enemies":"Chosen and Byrds","floor":31,"turns":7},{"damage":92,"enemies":"Automaton","floor":33,"turns":8}],"seed_played":"-351887332250179463","potions_obtained":[{"floor":1,"key":"PowerPotion"},{"floor":5,"key":"ColorlessPotion"},{"floor":10,"key":"BlessingOfTheForge"},{"floor":14,"key":"Weak Potion"},{"floor":18,"key":"BloodPotion"},{"floor":19,"key":"Swift Potion"},{"floor":21,"key":"PowerPotion"},{"floor":25,"key":"PowerPotion"},{"floor":30,"key":"LiquidMemories"}],"is_trial":false,"path_per_floor":["M","?","M","?","M","R","?","$","T","M","$","R","?","M","R","B",null,"M","M","?","M","$","R","$","M","T","$","E","R","M","M","R","B"],"character_chosen":"IRONCLAD","items_purchased":["Apotheosis","Cleave","Carnage","Omamori","Armaments"],"campfire_rested":2,"item_purchase_floors":[8,8,11,24,27],"current_hp_per_floor":[86,64,57,57,57,57,57,57,57,58,58,58,33,27,53,16,98,88,84,84,85,85,85,85,88,88,88,57,57,28,22,51,0],"gold":126,"neow_bonus":"TEN_PERCENT_HP_BONUS","is_prod":false,"is_daily":false,"chose_seed":false,"campfire_upgraded":4,"win_rate":0.0,"timestamp":1617688490,"path_taken":["M","?","M","?","?","R","?","?","T","?","$","R","?","M","R","BOSS","M","M","?","M","$","R","$","M","T","$","E","R","M","?","R","BOSS"],"build_version":"2020-12-22","purchased_purges":0,"victory":false,"max_hp_per_floor":[88,88,88,88,88,88,88,88,88,88,88,88,88,88,88,88,98,98,98,98,98,98,98,98,98,98,98,98,98,98,98,98,98],"card_choices":[{"not_picked":["Headbutt","Intimidate"],"picked":"Hemokinesis","floor":1},{"not_picked":["Headbutt","Anger"],"picked":"Cleave","floor":3},{"not_picked":["Flame Barrier","Sword Boomerang"],"picked":"Ghostly Armor","floor":5},{"not_picked":["Sword Boomerang","Bloodletting"],"picked":"Pommel Strike","floor":10},{"not_picked":["Shrug It Off","Blood for Blood"],"picked":"Flex","floor":14},{"not_picked":["Barricade","Limit Break"],"picked":"Reaper","floor":16},{"not_picked":["Sword Boomerang","Perfected Strike"],"picked":"Battle Trance+1","floor":18},{"not_picked":["Double Tap","Second Wind+1"],"picked":"Clothesline+1","floor":19},{"not_picked":["Shrug It Off","Headbutt+1"],"picked":"Seeing Red","floor":21},{"not_picked":["Searing Blow","Thunderclap"],"picked":"Iron Wave+1","floor":25},{"not_picked":["Limit Break","Whirlwind"],"picked":"Dual Wield+1","floor":28},{"not_picked":["True Grit","Reckless Charge"],"picked":"Clash","floor":30},{"not_picked":["Warcry","Flex"],"picked":"Iron Wave+1","floor":31}],"player_experience":23493,"relics_obtained":[{"floor":9,"key":"Potion Belt"},{"floor":17,"key":"Orichalcum"},{"floor":17,"key":"Pear"},{"floor":17,"key":"TungstenRod"},{"floor":26,"key":"Pantograph"},{"floor":28,"key":"Shuriken"}],"event_choices":[{"damage_healed":0,"gold_gain":0,"player_choice":"Take Damage","damage_taken":22,"relics_obtained":["Golden Idol"],"max_hp_gain":0,"max_hp_loss":0,"event_name":"Golden Idol","floor":2,"gold_loss":0},{"damage_healed":0,"gold_gain":100,"player_choice":"Gold","damage_taken":0,"max_hp_gain":0,"max_hp_loss":0,"event_name":"Wheel of Change","floor":4,"gold_loss":0},{"cards_removed":["Strike_R"],"damage_healed":0,"gold_gain":0,"player_choice":"Took Card","damage_taken":0,"max_hp_gain":0,"max_hp_loss":0,"event_name":"NoteForYourself","floor":7,"gold_loss":0,"cards_obtained":["Iron Wave"]},{"damage_healed":0,"gold_gain":0,"player_choice":"Success","damage_taken":25,"relics_obtained":["Ancient Tea Set"],"max_hp_gain":0,"max_hp_loss":0,"event_name":"Scrap Ooze","floor":13,"gold_loss":0},{"cards_removed":["Cleave"],"damage_healed":0,"gold_gain":0,"player_choice":"Gave Card","damage_taken":0,"relics_obtained":["Red Skull"],"max_hp_gain":0,"max_hp_loss":0,"event_name":"WeMeetAgain","floor":20,"gold_loss":0}],"is_beta":false,"boss_relics":[{"not_picked":["Runic Pyramid","Fusion Hammer"],"picked":"Calling Bell"}],"items_purged_floors":[],"is_endless":false,"potions_floor_spawned":[1,5,10,14,18,19,21,25,30],"killed_by":"Automaton","ascension_level":0}