{"gold_per_floor":[219,219,219,219,243,284,297,64,64,64,64,64,82,107,107,235,235,254,268,282,282,11,11,11,11,36,36,56,70,90,90,90,90],"floor_reached":33,"playtime":1746,"items_purged":[],"score":247,"play_id":"d8d06fb1-0645-4f83-9a57-ce5a00c78996","local_time":"20210406142544","is_ascension_mode":false,"campfire_choices":[{"floor":12,"key":"REST"},{"data":"Shrug It Off","floor":15,"key":"SMITH"},{"data":"Metamorphosis","floor":23,"key":"SMITH"},{"data":"Metallicize","floor":25,"key":"SMITH"},{"data":"Spot Weakness","floor":27,"key":"SMITH"},{"floor":32,"key":"REST"}],"neow_cost":"NONE","seed_source_timestamp":2414275097000,"circlet_count":0,"master_deck":["Strike_R","Strike_R","Strike_R","Strike_R","Defend_R","Defend_R","Defend_R","Defend_R","Bash","Twin Strike","Spot Weakness+1","Shrug It Off+1","Clash","Metallicize+1","Flame Barrier","Rampage","Immolate","Sever Soul","Blood for Blood","Metallicize+1","Shrug It Off+1","Metamorphosis+1","Whirlwind","Double Tap","Bash","Headbutt","Hemokinesis"],"relics":["Burning Blood","Golden Idol","Self Forming Clay","Pen Nib","Frozen Egg 2","White Beast Statue","SlaversCollar","Potion Belt"],"potions_floor_usage":[16,30,30,33,33,33],"damage_taken":[{"damage":9,"enemies":"Jaw Worm","floor":1,"turns":5},{"damage":2,"enemies":"Small Slimes","floor":5,"turns":3},{"damage":52,"enemies":"3 Sentries","floor":6,"turns":11},{"damage":0,"enemies":"Cultist","floor":7,"turns":3},{"damage":0,"enemies":"2 Fungi Beasts","floor":13,"turns":4},{"damage":2,"enemies":"Lots of Slimes","floor":14,"turns":4},{"damage":23,"enemies":"Hexaghost","floor":16,"turns":9},{"damage":14,"enemies":"Spheric Guardian","floor":18,"turns":5},{"damage":21,"enemies":"Shell Parasite","floor":19,"turns":6},{"damage":15,"enemies":"Snecko","floor":20,"turns":4},{"damage":13,"enemies":"Centurion and Healer","floor":28,"turns":6},{"damage":33,"enemies":"Shelled Parasite and Fungi","floor":29,"turns":7},{"damage":18,"enemies":"Cultist and Chosen","floor":30,"turns":9},{"damage":69,"enemies":"Champ","floor":33,"turns":8}],"seed_played":"-2054851973612880748","potions_obtained":[{"floor":1,"key":"ColorlessPotion"},{"floor":6,"key":"AttackPotion"},{"floor":7,"key":"ColorlessPotion"},{"floor":13,"key":"FearPotion"},{"floor":16,"key":"FairyPotion"},{"floor":18,"key":"Block Potion"},{"floor":20,"key":"HeartOfIron"},{"floor":28,"key":"Energy Potion"},{"floor":29,"key":"LiquidMemories"},{"floor":30,"key":"SpeedPotion"}],"is_trial":false,"path_per_floor":["M","?","?","?","M","E","M","$","T","?","?","R","M","M","R","B",null,"M","M","M","?","$","R","?","R","T","R","M","M","M","?","R","B"],"character_chosen":"IRONCLAD","items_purchased":["Pen Nib","Metallicize","Metamorphosis","Whirlwind"],"campfire_rested":2,"item_purchase_floors":[8,8,22,22],"current_hp_per_floor":[77,82,82,61,65,19,25,25,25,13,13,38,44,48,48,31,85,77,62,53,53,53,53,53,53,53,53,46,19,7,7,32,0],"gold":90,"neow_bonus":"HUNDRED_GOLD","is_prod":false,"is_daily":false,"chose_seed":false,"campfire_upgraded":4,"win_rate":0.0,"timestamp":1617733544,"path_taken":["M","?","?","?","M","E","M","?","T","?","?","R","M","M","R","BOSS","M","M","M","?","?","R","?","R","T","R","M","M","?","?","R","BOSS"],"build_version":"2020-12-22","purchased_purges":0,"victory":false,"max_hp_per_floor":[80,85,85,85,85,85,85,85,85,85,85,85,85,85,85,85,85,85,85,85,85,85,85,85,85,85,85,85,85,85,85,85,85],"card_choices":[{"not_picked":["Clothesline","True Grit"],"picked":"Twin Strike","floor":1},{"not_picked":["Power Through","Anger"],"picked":"Spot Weakness","floor":5},{"not_picked":["Dark Embrace","Wild Strike"],"picked":"Shrug It Off","floor":6},{"not_picked":["Feel No Pain","Combust"],"picked":"Clash","floor":7},{"not_picked":["Evolve+1","Cleave"],"picked":"Flame Barrier","floor":13},{"not_picked":["Anger","Cleave"],"picked":"Rampage","floor":14},{"not_picked":["Offering","Feed"],"picked":"Immolate","floor":16},{"not_picked":["Whirlwind+1","Heavy Blade+1"],"picked":"Sever Soul","floor":18},{"not_picked":["Clothesline","Cleave"],"picked":"Blood for Blood","floor":19},{"not_picked":["Spot Weakness","Dual Wield"],"picked":"Metallicize+1","floor":20},{"not_picked":["Flame Barrier","Second Wind","Perfected Strike"],"picked":"SKIP","floor":28},{"not_picked":["Bloodletting","Sword Boomerang"],"picked":"Headbutt","floor":29},{"not_picked":["Pommel Strike","Shockwave"],"picked":"Hemokinesis","floor":30}],"player_experience":28223,"relics_obtained":[{"floor":6,"key":"Self Forming Clay"},{"floor":9,"key":"Frozen Egg 2"},{"floor":26,"key":"Potion Belt"}],"event_choices":[{"damage_healed":0,"gold_gain":0,"player_choice":"Donut","damage_taken":0,"max_hp_gain":5,"max_hp_loss":0,"event_name":"Big Fish","floor":2,"gold_loss":0},{"damage_healed":0,"gold_gain":0,"player_choice":"Ignored","damage_taken":0,"max_hp_gain":0,"max_hp_loss":0,"event_name":"Liars Game","floor":3,"gold_loss":0},{"damage_healed":0,"gold_gain":0,"player_choice":"Take Damage","damage_taken":21,"relics_obtained":["Golden Idol"],"max_hp_gain":0,"max_hp_loss":0,"event_name":"Golden Idol","floor":4,"gold_loss":0},{"damage_healed":0,"gold_gain":0,"player_choice":"Success","damage_taken":12,"relics_obtained":["White Beast Statue"],"max_hp_gain":0,"max_hp_loss":0,"event_name":"Scrap Ooze","floor":10,"gold_loss":0},{"damage_healed":0,"gold_gain":0,"player_choice":"Searched \u00270\u0027 times","damage_taken":0,"max_hp_gain":0,"max_hp_loss":0,"event_name":"Dead Adventurer","floor":11,"gold_loss":0},{"damage_healed":0,"gold_gain":0,"player_choice":"Copied","damage_taken":0,"max_hp_gain":0,"max_hp_loss":0,"event_name":"Duplicator","floor":21,"gold_loss":0,"cards_obtained":["Shrug It Off"]},{"damage_healed":0,"gold_gain":0,"player_choice":"2 cards matched","damage_taken":0,"max_hp_gain":0,"max_hp_loss":0,"event_name":"Match and Keep!","floor":24,"gold_loss":0,"cards_obtained":["Double Tap","Bash"]},{"cards_removed":["Strike_R"],"damage_healed":0,"gold_gain":0,"player_choice":"Elegance","damage_taken":0,"max_hp_gain":0,"max_hp_loss":0,"event_name":"Back to Basics","floor":31,"gold_loss":0}],"is_beta":false,"boss_relics":[{"not_picked":["Sozu","Tiny House"],"picked":"SlaversCollar"}],"items_purged_floors":[],"is_endless":false,"potions_floor_spawned":[1,6,7,13,14,16,18,19,20,28,29,30],"killed_by":"Champ","ascension_level":0}