{"gold_per_floor":[119,129,143,143,157,183,200,200,200,212,36,36,51,126,126,221,221,236,236,255,255,268,268,268,281,304,319,347,376,376,376,376,376],"floor_reached":33,"playtime":4861,"items_purged":[],"score":267,"play_id":"35892ad3-2cae-4173-bd26-211c037c83a9","local_time":"20210405201151","is_ascension_mode":false,"campfire_choices":[{"data":"Cleave","floor":10,"key":"SMITH"},{"floor":15,"key":"REST"},{"floor":23,"key":"REST"},{"floor":32,"key":"REST"}],"neow_cost":"","seed_source_timestamp":1386111808322700,"circlet_count":0,"master_deck":["Strike_R","Strike_R","Strike_R","Strike_R","Defend_R","Defend_R","Defend_R","Defend_R","Bash","Seeing Red","Armaments","Shrug It Off","Shrug It Off","Iron Wave","Pommel Strike","Cleave+1","Metamorphosis","Headbutt","Demon Form","Perfected Strike","Headbutt+1","Metallicize","Flame Barrier+1","Shrug It Off+1","Metallicize","Clothesline+1","Seeing Red"],"relics":["Burning Blood","Nunchaku","MawBank","Fusion Hammer","MealTicket","Red Mask","PreservedInsect"],"potions_floor_usage":[13,16,16,24],"damage_taken":[{"damage":10,"enemies":"Cultist","floor":1,"turns":4},{"damage":0,"enemies":"Small Slimes","floor":2,"turns":3},{"damage":1,"enemies":"Jaw Worm","floor":3,"turns":3},{"damage":17,"enemies":"Large Slime","floor":5,"turns":18},{"damage":44,"enemies":"3 Sentries","floor":6,"turns":11},{"damage":4,"enemies":"3 Louse","floor":7,"turns":5},{"damage":16,"enemies":"Lots of Slimes","floor":13,"turns":3},{"damage":45,"enemies":"The Guardian","floor":16,"turns":12},{"damage":29,"enemies":"Chosen","floor":18,"turns":5},{"damage":7,"enemies":"Shell Parasite","floor":20,"turns":4},{"damage":25,"enemies":"Shelled Parasite and Fungi","floor":22,"turns":7},{"damage":26,"enemies":"Centurion and Healer","floor":25,"turns":5},{"damage":10,"enemies":"Cultist and Chosen","floor":27,"turns":5},{"damage":24,"enemies":"Masked Bandits","floor":28,"turns":6},{"damage":29,"enemies":"Gremlin Leader","floor":29,"turns":8},{"damage":9,"enemies":"Colosseum Slavers","floor":30,"turns":6},{"damage":53,"enemies":"Champ","floor":33,"turns":10}],"seed_played":"2185616254614604855","potions_obtained":[{"floor":1,"key":"LiquidMemories"},{"floor":2,"key":"BlessingOfTheForge"},{"floor":7,"key":"PowerPotion"},{"floor":18,"key":"FairyPotion"},{"floor":22,"key":"Energy Potion"},{"floor":24,"key":"Fruit Juice"},{"floor":24,"key":"DistilledChaos"},{"floor":29,"key":"LiquidBronze"}],"is_trial":false,"path_per_floor":["M","M","M","?","M","E","M","?","T","R","$","$","M","?","R","B",null,"M","$","M","?","M","R","?","M","T","M","?","E","?","?","R","B"],"character_chosen":"IRONCLAD","items_purchased":["Metamorphosis"],"campfire_rested":3,"item_purchase_floors":[11],"current_hp_per_floor":[76,80,80,80,69,31,33,59,59,59,59,59,49,38,62,23,80,57,57,56,56,37,61,66,46,46,42,24,31,28,28,53,0],"gold":376,"neow_bonus":"","is_prod":false,"is_daily":false,"chose_seed":false,"campfire_upgraded":1,"win_rate":0.0,"timestamp":1617667911,"path_taken":["M","?","M","?","M","E","M","?","T","R","?","$","M","?","R","BOSS","M","$","M","?","M","R","?","M","T","?","?","E","?","?","R","BOSS"],"build_version":"2020-12-22","purchased_purges":0,"victory":false,"max_hp_per_floor":[80,80,80,80,80,80,80,80,80,80,80,80,80,80,80,80,80,80,80,80,80,80,80,85,85,85,85,85,85,85,85,85,85],"card_choices":[{"not_picked":["Metallicize","Whirlwind"],"picked":"Seeing Red","floor":1},{"not_picked":["Iron Wave","Warcry"],"picked":"Armaments","floor":2},{"not_picked":["Flex","Cleave"],"picked":"Shrug It Off","floor":3},{"not_picked":["Feel No Pain","Pummel"],"picked":"Iron Wave","floor":5},{"not_picked":["Feel No Pain","Warcry"],"picked":"Pommel Strike","floor":6},{"not_picked":["Twin Strike","Warcry"],"picked":"Cleave","floor":7},{"not_picked":["Metallicize","Clothesline"],"picked":"Headbutt","floor":13},{"not_picked":["Feed","Fiend Fire"],"picked":"Demon Form","floor":16},{"not_picked":["True Grit","Seeing Red"],"picked":"Perfected Strike","floor":18},{"not_picked":["Inflame","Searing Blow"],"picked":"Headbutt+1","floor":20},{"not_picked":["Entrench","Clothesline"],"picked":"Flame Barrier+1","floor":22},{"not_picked":["Disarm+1","Flame Barrier"],"picked":"Shrug It Off+1","floor":25},{"not_picked":["Anger","Iron Wave"],"picked":"Metallicize","floor":27},{"not_picked":["Intimidate","Burning Pact"],"picked":"Clothesline+1","floor":28},{"not_picked":["Perfected Strike","Shrug It Off"],"picked":"Seeing Red","floor":29}],"player_experience":0,"relics_obtained":[{"floor":6,"key":"Nunchaku"},{"floor":9,"key":"MawBank"},{"floor":26,"key":"MealTicket"},{"floor":28,"key":"Red Mask"},{"floor":29,"key":"PreservedInsect"}],"event_choices":[{"damage_healed":0,"gold_gain":0,"cards_transformed":["Strike_R"],"player_choice":"Change","damage_taken":0,"max_hp_gain":0,"max_hp_loss":0,"event_name":"Living Wall","floor":4,"gold_loss":0,"cards_obtained":["Shrug It Off"]},{"damage_healed":26,"gold_gain":0,"player_choice":"Banana","damage_taken":0,"max_hp_gain":0,"max_hp_loss":0,"event_name":"Big Fish","floor":8,"gold_loss":0},{"damage_healed":0,"gold_gain":75,"player_choice":"Gather Gold","damage_taken":11,"max_hp_gain":0,"max_hp_loss":0,"event_name":"World of Goop","floor":14,"gold_loss":0},{"damage_healed":0,"gold_gain":0,"player_choice":"Read","damage_taken":0,"max_hp_gain":0,"max_hp_loss":0,"event_name":"The Library","floor":21,"gold_loss":0,"cards_obtained":["Metallicize"]},{"damage_healed":0,"gold_gain":0,"player_choice":"Got Potions","damage_taken":0,"max_hp_gain":0,"max_hp_loss":0,"event_name":"Lab","floor":24,"gold_loss":0},{"damage_healed":0,"gold_gain":0,"player_choice":"Fought Bandits","damage_taken":0,"max_hp_gain":0,"max_hp_loss":0,"event_name":"Masked Bandits","floor":28,"gold_loss":0},{"damage_healed":0,"gold_gain":0,"player_choice":"Fight","damage_taken":0,"max_hp_gain":0,"max_hp_loss":0,"event_name":"Colosseum","floor":30,"gold_loss":0},{"damage_healed":0,"gold_gain":0,"player_choice":"Fled From Nobs","damage_taken":0,"max_hp_gain":0,"max_hp_loss":0,"event_name":"Colosseum","floor":30,"gold_loss":0},{"cards_removed":["Iron Wave"],"damage_healed":0,"gold_gain":0,"player_choice":"Took Card","damage_taken":0,"max_hp_gain":0,"max_hp_loss":0,"event_name":"NoteForYourself","floor":31,"gold_loss":0,"cards_obtained":["Iron Wave"]}],"is_beta":false,"boss_relics":[{"not_picked":["Snecko Eye","Coffee Dripper"],"picked":"Fusion Hammer"}],"items_purged_floors":[],"is_endless":false,"potions_floor_spawned":[1,2,7,18,22,27,29,30],"killed_by":"Champ","ascension_level":0}