{"gold_per_floor":[18,118,130,141,154,154,167,192,215,215,235,235,252,252,252,349,349,361,373,392,317,334,334,347,46,46,46,77,77,77,90,90,90],"floor_reached":33,"playtime":1900,"items_purged":["Strike_R"],"score":271,"play_id":"12a98af0-ef2c-4876-b58e-693da34385c1","local_time":"20210406135616","is_ascension_mode":false,"campfire_choices":[{"floor":10,"key":"REST"},{"data":"Berserk","floor":12,"key":"SMITH"},{"data":"Defend_R","floor":15,"key":"SMITH"},{"floor":23,"key":"REST"},{"data":"Carnage","floor":27,"key":"SMITH"},{"floor":32,"key":"REST"}],"neow_cost":"NO_GOLD","seed_source_timestamp":492006318200,"circlet_count":0,"master_deck":["Strike_R","Strike_R","Strike_R","Defend_R","Defend_R","Defend_R","Defend_R+1","Bash","Berserk+1","Pommel Strike","Sever Soul","Spot Weakness","Headbutt","Carnage+1","Pommel Strike","Pommel Strike","Feed","Headbutt+1","Cleave+1","Armaments+1","Clash","Battle Trance","Feed","Impatience","Flex+1"],"relics":["Burning Blood","Matryoshka","Potion Belt","Orichalcum","Bag of Marbles","Sozu","Eternal Feather","Anchor","Lantern"],"potions_floor_usage":[16,16,28,33],"damage_taken":[{"damage":12,"enemies":"Small Slimes","floor":1,"turns":3},{"damage":9,"enemies":"Cultist","floor":3,"turns":4},{"damage":10,"enemies":"2 Louse","floor":4,"turns":3},{"damage":15,"enemies":"Looter","floor":5,"turns":3},{"damage":21,"enemies":"Exordium Thugs","floor":7,"turns":4},{"damage":25,"enemies":"3 Sentries","floor":8,"turns":6},{"damage":14,"enemies":"Gremlin Gang","floor":11,"turns":4},{"damage":8,"enemies":"Red Slaver","floor":13,"turns":2},{"damage":10,"enemies":"Slime Boss","floor":16,"turns":10},{"damage":8,"enemies":"Shell Parasite","floor":18,"turns":4},{"damage":25,"enemies":"2 Thieves","floor":19,"turns":4},{"damage":39,"enemies":"Sentry and Sphere","floor":20,"turns":6},{"damage":24,"enemies":"Centurion and Healer","floor":22,"turns":4},{"damage":15,"enemies":"Snake Plant","floor":24,"turns":3},{"damage":35,"enemies":"Slavers","floor":28,"turns":5},{"damage":16,"enemies":"Snecko","floor":31,"turns":4},{"damage":71,"enemies":"Automaton","floor":33,"turns":6}],"seed_played":"2338747864155206073","potions_obtained":[{"floor":5,"key":"Ancient Potion"},{"floor":7,"key":"Regen Potion"},{"floor":8,"key":"EssenceOfSteel"},{"floor":11,"key":"AttackPotion"}],"is_trial":false,"path_per_floor":["M","?","M","M","M","?","M","E","T","R","M","R","M","?","R","B",null,"M","M","M","?","M","R","M","$","T","R","E","?","$","M","R","B"],"character_chosen":"IRONCLAD","items_purchased":["Feed","Impatience"],"campfire_rested":3,"item_purchase_floors":[25,25],"current_hp_per_floor":[74,74,71,67,58,55,40,21,21,45,37,37,35,61,61,57,80,81,62,29,29,14,39,30,30,30,42,28,28,28,18,59,0],"gold":90,"neow_bonus":"THREE_RARE_CARDS","is_prod":false,"is_daily":false,"chose_seed":false,"campfire_upgraded":3,"win_rate":0.0,"timestamp":1617731776,"path_taken":["M","?","M","M","?","?","M","E","T","R","M","R","M","?","R","BOSS","M","M","M","?","M","R","M","$","T","R","E","?","$","?","R","BOSS"],"build_version":"2020-12-22","purchased_purges":1,"victory":false,"max_hp_per_floor":[80,80,80,80,80,80,80,80,80,80,80,80,80,80,80,80,80,83,83,83,83,86,86,86,86,86,86,89,89,89,89,89,89],"card_choices":[{"not_picked":["Brutality","Offering"],"picked":"Berserk","floor":0},{"not_picked":["Heavy Blade","Warcry"],"picked":"Pommel Strike","floor":1},{"not_picked":["Anger","Intimidate"],"picked":"Sever Soul","floor":3},{"not_picked":["Hemokinesis","Carnage"],"picked":"Spot Weakness","floor":4},{"not_picked":["Battle Trance","Combust"],"picked":"Headbutt","floor":5},{"not_picked":["Bloodletting","Heavy Blade"],"picked":"Carnage","floor":7},{"not_picked":["Dark Embrace","Battle Trance","Carnage"],"picked":"SKIP","floor":8},{"not_picked":["True Grit","Warcry"],"picked":"Pommel Strike","floor":11},{"not_picked":["Dark Embrace","Warcry"],"picked":"Pommel Strike","floor":13},{"not_picked":["Impervious","Demon Form"],"picked":"Feed","floor":16},{"not_picked":["Sword Boomerang","Flex+1"],"picked":"Headbutt+1","floor":18},{"not_picked":["Flame Barrier","Intimidate"],"picked":"Cleave+1","floor":19},{"not_picked":["Warcry+1","Dropkick+1"],"picked":"Armaments","floor":20},{"not_picked":["Flex","Sword Boomerang"],"picked":"Clash","floor":22},{"not_picked":["Flex","Twin Strike"],"picked":"Battle Trance","floor":24},{"not_picked":["Pummel+1","True Grit"],"picked":"Flex+1","floor":28},{"not_picked":["Headbutt","Heavy Blade","Brutality"],"picked":"SKIP","floor":31}],"player_experience":26323,"relics_obtained":[{"floor":8,"key":"Potion Belt"},{"floor":9,"key":"Orichalcum"},{"floor":9,"key":"Bag of Marbles"},{"floor":26,"key":"Eternal Feather"},{"floor":26,"key":"Anchor"},{"floor":28,"key":"Lantern"}],"event_choices":[{"damage_healed":0,"gold_gain":100,"player_choice":"Pray","damage_taken":0,"max_hp_gain":0,"max_hp_loss":0,"event_name":"Golden Shrine","floor":2,"gold_loss":0},{"damage_healed":0,"gold_gain":0,"player_choice":"Success","damage_taken":3,"relics_obtained":["Matryoshka"],"max_hp_gain":0,"max_hp_loss":0,"event_name":"Scrap Ooze","floor":6,"gold_loss":0},{"damage_healed":26,"gold_gain":0,"player_choice":"Banana","damage_taken":0,"max_hp_gain":0,"max_hp_loss":0,"event_name":"Big Fish","floor":14,"gold_loss":0},{"cards_removed":["Strike_R"],"damage_healed":0,"gold_gain":0,"player_choice":"Gave Gold","damage_taken":0,"max_hp_gain":0,"max_hp_loss":0,"event_name":"Beggar","floor":21,"gold_loss":75},{"damage_healed":0,"gold_gain":0,"player_choice":"Upgraded","damage_taken":0,"max_hp_gain":0,"max_hp_loss":0,"event_name":"Upgrade Shrine","floor":29,"gold_loss":0,"cards_upgraded":["Armaments"]}],"is_beta":false,"boss_relics":[{"not_picked":["Busted Crown","Velvet Choker"],"picked":"Sozu"}],"items_purged_floors":[25],"is_endless":false,"potions_floor_spawned":[5,7,8,11,18,22,28],"killed_by":"Automaton","ascension_level":0}