{"gold_per_floor":[110,127,138,155,29,104,131,131,131,209,209,222,222,254,254,356,356,323,31,31,43,55,55,71,71],"floor_reached":25,"playtime":1540,"items_purged":["Strike_R","Defend_R"],"score":224,"play_id":"0e4cc11a-3a89-4458-9eff-0d22e412c2de","local_time":"20210407024816","is_ascension_mode":true,"campfire_choices":[{"data":"Armaments","floor":8,"key":"SMITH"},{"data":"Anger","floor":11,"key":"SMITH"},{"data":"Anger","floor":13,"key":"SMITH"},{"data":"Clash","floor":15,"key":"SMITH"},{"data":"Demon Form","floor":23,"key":"SMITH"}],"neow_cost":"NONE","seed_source_timestamp":47171687295000,"circlet_count":0,"master_deck":["Strike_R","Strike_R","Strike_R","Strike_R","Defend_R","Defend_R","Defend_R","Bash","Bandage Up","Armaments+1","Anger+1","Clash+1","Anger+1","Iron Wave","Demon Form+1","Bloodletting","Reckless Charge+1","Clash","Rage"],"relics":["Burning Blood","Strawberry","Bottled Flame","Runic Cube","HandDrill"],"potions_floor_usage":[7,16,16],"damage_taken":[{"damage":8,"enemies":"2 Louse","floor":1,"turns":4},{"damage":0,"enemies":"Small Slimes","floor":2,"turns":4},{"damage":13,"enemies":"Cultist","floor":3,"turns":5},{"damage":28,"enemies":"Lots of Slimes","floor":4,"turns":6},{"damage":15,"enemies":"Lagavulin","floor":7,"turns":6},{"damage":2,"enemies":"2 Fungi Beasts","floor":12,"turns":3},{"damage":11,"enemies":"Gremlin Nob","floor":14,"turns":3},{"damage":33,"enemies":"The Guardian","floor":16,"turns":13},{"damage":28,"enemies":"2 Thieves","floor":18,"turns":5},{"damage":13,"enemies":"3 Byrds","floor":21,"turns":5},{"damage":41,"enemies":"Shelled Parasite and Fungi","floor":22,"turns":5},{"damage":30,"enemies":"Sentry and Sphere","floor":24,"turns":4},{"damage":37,"enemies":"Slavers","floor":25,"turns":3}],"seed_played":"-5911419195489491705","potions_obtained":[{"floor":2,"key":"Fire Potion"},{"floor":3,"key":"Swift Potion"},{"floor":7,"key":"Dexterity Potion"},{"floor":24,"key":"PowerPotion"}],"is_trial":false,"path_per_floor":["M","M","M","M","$","?","E","R","T","?","R","M","R","E","R","B",null,"M","$","?","M","M","R","M","E"],"character_chosen":"IRONCLAD","items_purchased":["Anger","HandDrill","Strength Potion"],"campfire_rested":0,"item_purchase_floors":[5,19,19],"current_hp_per_floor":[80,80,74,56,56,45,47,47,47,47,47,55,55,54,54,31,87,69,69,87,80,49,49,29,0],"gold":71,"neow_bonus":"RANDOM_COLORLESS","is_prod":false,"is_daily":false,"chose_seed":false,"campfire_upgraded":5,"win_rate":0,"timestamp":1617778096,"path_taken":["M","M","M","M","$","?","E","R","T","?","R","M","R","E","R","BOSS","M","$","?","M","M","R","M","E"],"build_version":"2020-12-22","purchased_purges":2,"victory":false,"max_hp_per_floor":[80,80,80,80,80,80,87,87,87,87,87,87,87,87,87,87,87,87,87,87,87,87,87,87,87],"card_choices":[{"not_picked":["Finesse","Impatience"],"picked":"Bandage Up","floor":0},{"not_picked":["Cleave","Dual Wield"],"picked":"Armaments","floor":1},{"not_picked":["Heavy Blade","Twin Strike"],"picked":"Burning Pact","floor":2},{"not_picked":["Carnage","Headbutt"],"picked":"Anger","floor":3},{"not_picked":["Perfected Strike","Wild Strike"],"picked":"Clash","floor":4},{"not_picked":["Cleave","Perfected Strike"],"picked":"Iron Wave","floor":7},{"not_picked":["Warcry","Perfected Strike","Clothesline"],"picked":"SKIP","floor":12},{"not_picked":["Cleave","Feel No Pain","Offering"],"picked":"SKIP","floor":14},{"not_picked":["Feed","Barricade"],"picked":"Demon Form","floor":16},{"not_picked":["Flame Barrier","Body Slam"],"picked":"Bloodletting","floor":18},{"not_picked":["Sword Boomerang","Flex"],"picked":"Reckless Charge+1","floor":21},{"not_picked":["Sever Soul","Combust+1"],"picked":"Clash","floor":22},{"not_picked":["Dual Wield","Burning Pact"],"picked":"Rage","floor":24}],"player_experience":71568,"relics_obtained":[{"floor":7,"key":"Strawberry"},{"floor":14,"key":"Bottled Flame"}],"event_choices":[{"damage_healed":0,"gold_gain":75,"player_choice":"Gather Gold","damage_taken":11,"max_hp_gain":0,"max_hp_loss":0,"event_name":"World of Goop","floor":6,"gold_loss":0},{"damage_healed":0,"gold_gain":78,"player_choice":"Gained Gold","damage_taken":0,"max_hp_gain":0,"max_hp_loss":0,"event_name":"Golden Wing","floor":10,"gold_loss":0},{"cards_removed":["Burning Pact"],"damage_healed":18,"gold_gain":0,"player_choice":"Offered Uncommon","damage_taken":0,"max_hp_gain":0,"max_hp_loss":0,"event_name":"Bonfire Elementals","floor":20,"gold_loss":0}],"is_beta":false,"boss_relics":[{"not_picked":["Ectoplasm","Runic Dome"],"picked":"Runic Cube"}],"items_purged_floors":[5,19],"is_endless":false,"potions_floor_spawned":[2,3,7,24],"killed_by":"Slavers","ascension_level":1}