{"gold_per_floor":[165,183,183,196,296,328,328,50,50,50,66,97,97,109,109,211,511,529,499,514,297,54,54,154,154,154,154,166,166],"floor_reached":29,"playtime":2707,"items_purged":["Bash"],"score":233,"play_id":"5b3f4b95-3603-481b-9e35-bc4556f6a673","local_time":"20210405205928","is_ascension_mode":false,"campfire_choices":[{"data":"Armaments","floor":7,"key":"SMITH"},{"floor":10,"key":"REST"},{"floor":15,"key":"REST"},{"floor":23,"key":"REST"},{"data":"Transmutation","floor":25,"key":"SMITH"},{"floor":27,"key":"REST"}],"neow_cost":"NONE","seed_source_timestamp":1391123958176600,"circlet_count":0,"master_deck":["Strike_R+1","Strike_R+1","Strike_R","Strike_R","Strike_R","Defend_R","Defend_R","Defend_R","Defend_R+1","Armaments+1","Rampage","Dual Wield","Carnage","Panache+1","Metallicize+1","Shrug It Off","Bash","Bludgeon","Clash","Double Tap","CurseOfTheBell","Blood for Blood","Clash","Perfected Strike+1","Fire Breathing+1","Transmutation+1","Magnetism+1","Clash","Rampage+1"],"relics":["Tiny House","Frozen Egg 2","Ornamental Fan","Anchor","Calling Bell","Toy Ornithopter","Sundial","Old Coin","InkBottle"],"potions_floor_usage":[18],"damage_taken":[{"damage":4,"enemies":"Cultist","floor":1,"turns":5},{"damage":0,"enemies":"Small Slimes","floor":2,"turns":5},{"damage":2,"enemies":"2 Louse","floor":4,"turns":3},{"damage":40,"enemies":"3 Sentries","floor":6,"turns":9},{"damage":24,"enemies":"Gremlin Gang","floor":11,"turns":6},{"damage":15,"enemies":"Gremlin Nob","floor":12,"turns":5},{"damage":1,"enemies":"3 Louse","floor":14,"turns":5},{"damage":17,"enemies":"Hexaghost","floor":16,"turns":9},{"damage":19,"enemies":"Spheric Guardian","floor":18,"turns":5},{"damage":7,"enemies":"2 Thieves","floor":19,"turns":5},{"damage":24,"enemies":"Cultist and Chosen","floor":20,"turns":7},{"damage":33,"enemies":"Snake Plant","floor":28,"turns":5},{"damage":53,"enemies":"Gremlin Leader","floor":29,"turns":6}],"seed_played":"6751936195452518089","potions_obtained":[{"floor":0,"key":"PowerPotion"},{"floor":2,"key":"Block Potion"},{"floor":6,"key":"DistilledChaos"},{"floor":12,"key":"ColorlessPotion"},{"floor":28,"key":"GamblersBrew"}],"is_trial":false,"path_per_floor":["M","M","?","M","?","E","R","$","T","R","M","E","?","M","R","B",null,"M","M","M","$","$","R","?","R","T","R","M","E"],"character_chosen":"IRONCLAD","items_purchased":["Carnage","Panache+1","Fire Breathing+1","Transmutation","Magnetism+1","Clash"],"campfire_rested":4,"item_purchase_floors":[8,8,21,21,22,22],"current_hp_per_floor":[81,81,64,62,62,22,22,22,22,47,23,8,8,7,32,15,85,71,64,40,40,40,65,65,65,65,85,52,0],"gold":166,"neow_bonus":"BOSS_RELIC","is_prod":false,"is_daily":false,"chose_seed":false,"campfire_upgraded":2,"win_rate":0.0,"timestamp":1617670768,"path_taken":["M","?","?","M","?","E","R","$","T","R","?","E","?","?","R","BOSS","M","?","?","?","$","R","?","R","T","R","?","E"],"build_version":"2020-12-22","purchased_purges":1,"victory":false,"max_hp_per_floor":[85,85,85,85,85,85,85,85,85,85,85,85,85,85,85,85,85,85,85,85,85,85,85,85,85,85,85,85,85],"card_choices":[{"not_picked":["Shrug It Off","Sword Boomerang"],"picked":"Armaments","floor":1},{"not_picked":["Dark Embrace","Second Wind","Sword Boomerang"],"picked":"SKIP","floor":2},{"not_picked":["Disarm","Fiend Fire"],"picked":"Rampage","floor":4},{"not_picked":["Pommel Strike","Bloodletting"],"picked":"Dual Wield","floor":6},{"not_picked":["Perfected Strike","Clothesline"],"picked":"Metallicize+1","floor":11},{"not_picked":["Warcry","Carnage"],"picked":"Shrug It Off","floor":12},{"not_picked":["Bloodletting","Intimidate"],"picked":"Clash","floor":14},{"not_picked":["Fiend Fire","Bludgeon"],"picked":"Double Tap","floor":16},{"not_picked":["Twin Strike","Body Slam"],"picked":"Blood for Blood","floor":18},{"not_picked":["Perfected Strike","Uppercut"],"picked":"Clash","floor":19},{"not_picked":["Headbutt+1","Infernal Blade"],"picked":"Perfected Strike+1","floor":20},{"not_picked":["Rage+1","Blood for Blood"],"picked":"Rampage+1","floor":28}],"player_experience":4861,"relics_obtained":[{"floor":6,"key":"Frozen Egg 2"},{"floor":9,"key":"Ornamental Fan"},{"floor":12,"key":"Anchor"},{"floor":17,"key":"Toy Ornithopter"},{"floor":17,"key":"Sundial"},{"floor":17,"key":"Old Coin"},{"floor":26,"key":"InkBottle"}],"event_choices":[{"damage_healed":0,"gold_gain":0,"player_choice":"Entered Light","damage_taken":17,"max_hp_gain":0,"max_hp_loss":0,"event_name":"Shining Light","floor":3,"gold_loss":0,"cards_upgraded":["Strike_R","Strike_R"]},{"damage_healed":0,"gold_gain":100,"player_choice":"Gold","damage_taken":0,"max_hp_gain":0,"max_hp_loss":0,"event_name":"Wheel of Change","floor":5,"gold_loss":0},{"damage_healed":0,"gold_gain":0,"player_choice":"2 cards matched","damage_taken":0,"max_hp_gain":0,"max_hp_loss":0,"event_name":"Match and Keep!","floor":13,"gold_loss":0,"cards_obtained":["Bash","Bludgeon"]},{"damage_healed":0,"gold_gain":100,"player_choice":"Pray","damage_taken":0,"max_hp_gain":0,"max_hp_loss":0,"event_name":"Golden Shrine","floor":24,"gold_loss":0}],"is_beta":false,"boss_relics":[{"not_picked":["Coffee Dripper","Snecko Eye"],"picked":"Calling Bell"}],"items_purged_floors":[8],"is_endless":false,"potions_floor_spawned":[2,6,12,14,28],"killed_by":"Gremlin Leader","ascension_level":0}