{"gold_per_floor":[111,111,126,145,158,183,183],"floor_reached":7,"playtime":330,"items_purged":[],"score":53,"play_id":"effdcd40-2999-4b38-b38e-5c178a4228f4","local_time":"20210406012903","is_ascension_mode":false,"campfire_choices":[],"neow_cost":"TEN_PERCENT_HP_LOSS","seed_source_timestamp":1409675514012800,"circlet_count":0,"master_deck":["Strike_R","Strike_R","Strike_R","Strike_R","Defend_R","Defend_R","Defend_R","Defend_R","Bash","Apotheosis","Heavy Blade","Sword Boomerang","Rampage","Heavy Blade","Juggernaut"],"relics":["Burning Blood","Letter Opener"],"potions_floor_usage":[],"damage_taken":[{"damage":11,"enemies":"Jaw Worm","floor":1,"turns":3},{"damage":7,"enemies":"Cultist","floor":3,"turns":4},{"damage":12,"enemies":"2 Louse","floor":4,"turns":3},{"damage":13,"enemies":"Red Slaver","floor":5,"turns":5},{"damage":52,"enemies":"3 Sentries","floor":6,"turns":11},{"damage":7,"enemies":"Large Slime","floor":7,"turns":2}],"seed_played":"1077297989006689905","potions_obtained":[{"floor":5,"key":"Regen Potion"},{"floor":6,"key":"EssenceOfSteel"}],"is_trial":false,"path_per_floor":["M","?","M","M","M","E","M"],"character_chosen":"IRONCLAD","items_purchased":[],"campfire_rested":0,"item_purchase_floors":[],"current_hp_per_floor":[67,67,66,60,53,7,0],"gold":183,"neow_bonus":"RANDOM_COLORLESS_2","is_prod":false,"is_daily":false,"chose_seed":false,"campfire_upgraded":0,"win_rate":0.0,"timestamp":1617686943,"path_taken":["M","?","M","?","M","E","M"],"build_version":"2020-12-22","purchased_purges":0,"victory":false,"max_hp_per_floor":[72,72,72,72,72,72,72],"card_choices":[{"not_picked":["Thinking Ahead","Secret Technique"],"picked":"Apotheosis","floor":0},{"not_picked":["True Grit","Sword Boomerang"],"picked":"Heavy Blade","floor":1},{"not_picked":["Second Wind","Entrench"],"picked":"Sword Boomerang","floor":3},{"not_picked":["Blood for Blood","Dropkick"],"picked":"Rampage","floor":4},{"not_picked":["Pommel Strike","Dropkick"],"picked":"Heavy Blade","floor":5},{"not_picked":["Iron Wave","Shockwave"],"picked":"Juggernaut","floor":6}],"player_experience":23163,"relics_obtained":[{"floor":6,"key":"Letter Opener"}],"event_choices":[{"cards_removed":["Strike_R"],"damage_healed":0,"gold_gain":0,"player_choice":"Card Removal","damage_taken":0,"max_hp_gain":0,"max_hp_loss":0,"event_name":"Wheel of Change","floor":2,"gold_loss":0}],"is_beta":false,"boss_relics":[],"items_purged_floors":[],"is_endless":false,"potions_floor_spawned":[5,6],"killed_by":"Large Slime","ascension_level":0}