{"gold_per_floor":[115,115,6,24,24,24,44,54,54,54,54,54,65,90,90,187,187,202,117,131,148,34,34,34,34,103,103,28,59,59,88,88,192,192,212,228,242,258,277,277,295,312,312,338,392,392,402,421,421,421],"floor_reached":51,"playtime":3028,"items_purged":["Strike_R"],"score":734,"play_id":"8c2ed6c6-3e94-4b79-bce8-2cfc8dcd00a9","local_time":"20210406154850","is_ascension_mode":false,"campfire_choices":[{"data":"Fire Breathing","floor":6,"key":"SMITH"},{"data":"Headbutt","floor":10,"key":"SMITH"},{"data":"Metallicize","floor":12,"key":"SMITH"},{"data":"Dropkick","floor":15,"key":"SMITH"},{"data":"Fire Breathing","floor":23,"key":"SMITH"},{"data":"Battle Trance","floor":25,"key":"SMITH"},{"data":"Immolate","floor":27,"key":"SMITH"},{"data":"Evolve","floor":30,"key":"SMITH"},{"data":"Warcry","floor":32,"key":"SMITH"},{"data":"Battle Trance","floor":40,"key":"SMITH"},{"data":"Warcry","floor":49,"key":"SMITH"}],"neow_cost":"NONE","seed_source_timestamp":6103772754900,"circlet_count":0,"master_deck":["Strike_R","Strike_R","Strike_R","Strike_R","Defend_R","Defend_R","Defend_R","Defend_R","Bash+1","Fire Breathing+1","Cleave","Dropkick+1","Metallicize+1","Armaments+1","Headbutt+1","Power Through","Battle Trance+1","Immolate+1","Warcry+1","Warcry+1","Fire Breathing+1","Evolve+1","Battle Trance+1","Feed","Shrug It Off","Reckless Charge","Pommel Strike+1","Warcry+1","Flex+1"],"relics":["Burning Blood","CaptainsWheel","Champion Belt","Mercury Hourglass","MealTicket","Mark of Pain","Potion Belt","Sundial","Pear","FossilizedHelix","SlaversCollar","Meat on the Bone","Orichalcum","StoneCalendar"],"potions_floor_usage":[16,50],"damage_taken":[{"damage":7,"enemies":"2 Louse","floor":1,"turns":3},{"damage":1,"enemies":"Jaw Worm","floor":4,"turns":4},{"damage":0,"enemies":"Cultist","floor":7,"turns":4},{"damage":17,"enemies":"Exordium Thugs","floor":8,"turns":5},{"damage":0,"enemies":"Looter","floor":13,"turns":3},{"damage":9,"enemies":"Slime Boss","floor":16,"turns":8},{"damage":7,"enemies":"2 Thieves","floor":18,"turns":2},{"damage":14,"enemies":"3 Byrds","floor":20,"turns":3},{"damage":8,"enemies":"3 Cultists","floor":21,"turns":3},{"damage":10,"enemies":"Gremlin Leader","floor":29,"turns":6},{"damage":15,"enemies":"Book of Stabbing","floor":31,"turns":5},{"damage":14,"enemies":"Automaton","floor":33,"turns":8},{"damage":12,"enemies":"3 Darklings","floor":35,"turns":4},{"damage":9,"enemies":"3 Shapes","floor":36,"turns":2},{"damage":2,"enemies":"Jaw Worm Horde","floor":37,"turns":4},{"damage":22,"enemies":"Spire Growth","floor":38,"turns":5},{"damage":0,"enemies":"Transient","floor":39,"turns":5},{"damage":10,"enemies":"4 Shapes","floor":41,"turns":2},{"damage":0,"enemies":"Sphere and 2 Shapes","floor":42,"turns":4},{"damage":0,"enemies":"Reptomancer","floor":44,"turns":5},{"damage":17,"enemies":"2 Orb Walkers","floor":45,"turns":4},{"damage":21,"enemies":"Maw","floor":47,"turns":6},{"damage":10,"enemies":"3 Darklings","floor":48,"turns":3},{"damage":55,"enemies":"Awakened One","floor":50,"turns":9}],"seed_played":"2434824397486053045","potions_obtained":[{"floor":4,"key":"Explosive Potion"},{"floor":8,"key":"Fire Potion"},{"floor":18,"key":"Dexterity Potion"},{"floor":21,"key":"DuplicationPotion"},{"floor":29,"key":"LiquidBronze"},{"floor":35,"key":"SkillPotion"},{"floor":36,"key":"SteroidPotion"},{"floor":37,"key":"BloodPotion"},{"floor":45,"key":"Swift Potion"}],"is_trial":false,"path_per_floor":["M","?","$","M","?","R","M","M","T","R","T","R","M","T","R","B",null,"M","?","M","M","$","R","?","R","T","R","$","E","R","E","R","B",null,"M","M","M","M","M","R","M","M","T","E","?","?","M","M","R","B",null],"character_chosen":"IRONCLAD","items_purchased":["Dropkick","Metallicize","Fire Breathing","Evolve"],"campfire_rested":0,"item_purchase_floors":[3,3,22,28],"current_hp_per_floor":[79,76,76,80,64,64,70,59,59,59,59,59,65,65,65,62,80,79,79,71,69,80,80,65,65,65,65,80,86,86,77,77,69,95,89,86,93,77,83,83,82,88,88,98,90,108,93,89,89,52],"gold":421,"neow_bonus":"THREE_CARDS","is_prod":false,"is_daily":false,"chose_seed":false,"campfire_upgraded":11,"win_rate":0.0,"timestamp":1617738530,"path_taken":["M","?","$","M","?","R","M","M","T","R","?","R","?","?","R","BOSS","M","?","M","M","$","R","?","R","T","R","$","E","R","E","R","BOSS","M","M","M","M","M","R","M","M","T","E","?","?","M","M","R","BOSS"],"build_version":"2020-12-22","purchased_purges":1,"victory":true,"max_hp_per_floor":[80,80,80,80,80,80,80,80,80,80,80,80,80,80,80,80,80,80,80,80,80,80,80,85,85,85,85,85,95,95,95,95,95,95,95,95,98,98,98,98,101,101,101,105,108,108,108,108,108,108],"card_choices":[{"not_picked":["Body Slam","Perfected Strike"],"picked":"Fire Breathing","floor":0},{"not_picked":["Shockwave","Flex"],"picked":"Cleave","floor":1},{"not_picked":["Iron Wave","Second Wind"],"picked":"Armaments","floor":4},{"not_picked":["Burning Pact","Second Wind"],"picked":"Headbutt","floor":7},{"not_picked":["Perfected Strike","Hemokinesis"],"picked":"Power Through","floor":8},{"not_picked":["Twin Strike","Anger"],"picked":"Battle Trance","floor":13},{"not_picked":["Bludgeon","Impervious"],"picked":"Immolate","floor":16},{"not_picked":["Cleave","Second Wind+1"],"picked":"Warcry","floor":18},{"not_picked":["Heavy Blade","Twin Strike"],"picked":"Warcry","floor":20},{"not_picked":["Second Wind","Heavy Blade","Rampage"],"picked":"SKIP","floor":21},{"not_picked":["Flex+1","Armaments"],"picked":"Battle Trance","floor":29},{"not_picked":["Iron Wave","Flame Barrier","Twin Strike+1"],"picked":"SKIP","floor":31},{"not_picked":["Barricade","Corruption"],"picked":"Feed","floor":33},{"not_picked":["Carnage","Body Slam","Dropkick"],"picked":"SKIP","floor":35},{"not_picked":["Anger+1","Pummel","Flex"],"picked":"SKIP","floor":36},{"not_picked":["Combust","Battle Trance+1"],"picked":"Shrug It Off","floor":37},{"not_picked":["Whirlwind+1","Twin Strike+1","Uppercut+1"],"picked":"SKIP","floor":38},{"not_picked":["Double Tap","Disarm+1"],"picked":"Reckless Charge","floor":39},{"not_picked":["Dropkick+1","Anger+1"],"picked":"Pommel Strike+1","floor":41},{"not_picked":["Rupture+1","Hemokinesis","Flex"],"picked":"SKIP","floor":42},{"not_picked":["Second Wind+1","Intimidate","Iron Wave+1"],"picked":"SKIP","floor":44},{"not_picked":["Seeing Red+1","Combust+1"],"picked":"Warcry+1","floor":47},{"not_picked":["Cleave","Uppercut"],"picked":"Flex+1","floor":48}],"player_experience":31778,"relics_obtained":[{"floor":9,"key":"Champion Belt"},{"floor":11,"key":"Mercury Hourglass"},{"floor":14,"key":"MealTicket"},{"floor":26,"key":"Sundial"},{"floor":29,"key":"Pear"},{"floor":31,"key":"FossilizedHelix"},{"floor":43,"key":"Meat on the Bone"},{"floor":44,"key":"Orichalcum"},{"floor":45,"key":"StoneCalendar"}],"event_choices":[{"damage_healed":0,"gold_gain":0,"player_choice":"Success","damage_taken":3,"relics_obtained":["CaptainsWheel"],"max_hp_gain":0,"max_hp_loss":0,"event_name":"Scrap Ooze","floor":2,"gold_loss":0},{"damage_healed":0,"gold_gain":0,"player_choice":"Entered Light","damage_taken":16,"max_hp_gain":0,"max_hp_loss":0,"event_name":"Shining Light","floor":5,"gold_loss":0,"cards_upgraded":["Armaments","Bash"]},{"damage_healed":0,"gold_gain":0,"player_choice":"Obtained Relic","damage_taken":0,"relics_obtained":["Potion Belt"],"max_hp_gain":0,"max_hp_loss":0,"event_name":"Addict","floor":19,"gold_loss":85},{"damage_healed":0,"gold_gain":0,"player_choice":"Shed Blood","damage_taken":20,"max_hp_gain":5,"max_hp_loss":0,"event_name":"Forgotten Altar","floor":24,"gold_loss":0},{"damage_healed":0,"gold_gain":0,"player_choice":"Fight","damage_taken":0,"max_hp_gain":0,"max_hp_loss":0,"event_name":"Mysterious Sphere","floor":45,"gold_loss":0},{"damage_healed":18,"gold_gain":0,"player_choice":"Full Heal","damage_taken":0,"max_hp_gain":0,"max_hp_loss":0,"event_name":"Wheel of Change","floor":46,"gold_loss":0}],"is_beta":false,"boss_relics":[{"not_picked":["Busted Crown","Velvet Choker"],"picked":"Mark of Pain"},{"not_picked":["Coffee Dripper","Cursed Key"],"picked":"SlaversCollar"}],"items_purged_floors":[22],"is_endless":false,"potions_floor_spawned":[4,8,18,21,29,35,36,37,41,45],"ascension_level":0}