{"gold_per_floor":[112,62,75,75,150,53,53,53,98,98,1,21,121,151,151,249,249,262,143,158,172,191,191],"floor_reached":23,"playtime":1248,"items_purged":[],"score":189,"play_id":"4f17ccbc-023b-4ffd-8ede-c0e2c4743e1c","local_time":"20210405231226","is_ascension_mode":false,"campfire_choices":[{"data":"Limit Break","floor":10,"key":"SMITH"},{"data":"Dual Wield","floor":15,"key":"SMITH"}],"neow_cost":"NONE","seed_source_timestamp":1400561160967000,"circlet_count":0,"master_deck":["Strike_R","Strike_R","Strike_R","Strike_R","Strike_R","Defend_R","Defend_R","Defend_R","Defend_R","Limit Break+1","Cleave","Perfected Strike+1","Flash of Steel","Perfected Strike","Searing Blow","Infernal Blade","Dual Wield+1","Berserk","Flex+1","Enlightenment","Iron Wave","Thunderclap+1","Perfected Strike","Heavy Blade"],"relics":["Burning Blood","Thread and Needle","Strawberry","Lantern"],"potions_floor_usage":[16,22],"damage_taken":[{"damage":1,"enemies":"2 Louse","floor":1,"turns":2},{"damage":10,"enemies":"Jaw Worm","floor":3,"turns":4},{"damage":6,"enemies":"Small Slimes","floor":12,"turns":4},{"damage":12,"enemies":"Gremlin Nob","floor":14,"turns":4},{"damage":70,"enemies":"The Guardian","floor":16,"turns":13},{"damage":28,"enemies":"Shell Parasite","floor":18,"turns":5},{"damage":16,"enemies":"Chosen","floor":20,"turns":5},{"damage":28,"enemies":"Centurion and Healer","floor":21,"turns":5},{"damage":10,"enemies":"3 Cultists","floor":22,"turns":4},{"damage":18,"enemies":"Slavers","floor":23,"turns":2}],"seed_played":"-2254723301465423410","potions_obtained":[{"floor":1,"key":"Dexterity Potion"},{"floor":18,"key":"Fire Potion"},{"floor":20,"key":"Fire Potion"},{"floor":21,"key":"LiquidMemories"}],"is_trial":false,"path_per_floor":["M","?","M","?","?","$","T","?","T","R","$","M","?","E","R","B",null,"M","$","M","M","M","E"],"character_chosen":"IRONCLAD","items_purchased":["Flash of Steel","Perfected Strike","Searing Blow","Enlightenment","Iron Wave"],"campfire_rested":0,"item_purchase_floors":[6,11,11,19,19],"current_hp_per_floor":[80,80,76,81,70,70,70,70,77,77,77,77,77,71,71,7,92,70,70,60,38,34,16],"gold":191,"neow_bonus":"ONE_RANDOM_RARE_CARD","is_prod":false,"is_daily":false,"chose_seed":false,"campfire_upgraded":2,"win_rate":0.0,"timestamp":1617678746,"path_taken":["M","?","M","?","?","$","?","?","T","R","$","M","?","E","R","BOSS","M","$","?","M","?","E"],"build_version":"2020-12-22","purchased_purges":0,"victory":false,"max_hp_per_floor":[80,80,80,85,85,85,85,85,92,92,92,92,92,92,92,92,92,92,92,92,92,92,92],"card_choices":[{"not_picked":["Rage","Iron Wave"],"picked":"Cleave","floor":1},{"not_picked":["Uppercut","Body Slam"],"picked":"Perfected Strike","floor":3},{"not_picked":["Dark Embrace","Blood for Blood"],"picked":"Infernal Blade","floor":12},{"not_picked":["Warcry","Blood for Blood"],"picked":"Dual Wield","floor":14},{"not_picked":["Limit Break","Impervious"],"picked":"Berserk","floor":16},{"not_picked":["Cleave","True Grit+1"],"picked":"Flex+1","floor":18},{"not_picked":["Perfected Strike","Flex"],"picked":"Thunderclap+1","floor":20},{"not_picked":["Carnage","Ghostly Armor"],"picked":"Perfected Strike","floor":21},{"not_picked":["Flex","Twin Strike"],"picked":"Heavy Blade","floor":22}],"player_experience":14177,"relics_obtained":[{"floor":7,"key":"Thread and Needle"},{"floor":9,"key":"Strawberry"},{"floor":14,"key":"Lantern"}],"event_choices":[{"cards_removed":["Bash"],"damage_healed":0,"gold_gain":0,"player_choice":"Card Removal","damage_taken":0,"max_hp_gain":0,"max_hp_loss":0,"event_name":"The Cleric","floor":2,"gold_loss":50},{"damage_healed":0,"gold_gain":0,"player_choice":"Donut","damage_taken":0,"max_hp_gain":5,"max_hp_loss":0,"event_name":"Big Fish","floor":4,"gold_loss":0},{"damage_healed":0,"gold_gain":75,"player_choice":"Gather Gold","damage_taken":11,"max_hp_gain":0,"max_hp_loss":0,"event_name":"World of Goop","floor":5,"gold_loss":0},{"damage_healed":0,"gold_gain":0,"player_choice":"Grow","damage_taken":0,"max_hp_gain":0,"max_hp_loss":0,"event_name":"Living Wall","floor":8,"gold_loss":0,"cards_upgraded":["Perfected Strike"]},{"damage_healed":0,"gold_gain":100,"player_choice":"Pray","damage_taken":0,"max_hp_gain":0,"max_hp_loss":0,"event_name":"Golden Shrine","floor":13,"gold_loss":0}],"is_beta":false,"boss_relics":[{"not_picked":["Runic Dome","Fusion Hammer","Runic Pyramid"]}],"items_purged_floors":[],"is_endless":false,"potions_floor_spawned":[1,18,20,21],"killed_by":"Slavers","ascension_level":0}