{"gold_per_floor":[118,43,62,73,89,120,135,162,162,112,12,12,12,27,27,123,123,142,152,152,167,167,167],"floor_reached":23,"playtime":1221,"items_purged":["Clumsy","Strike_R"],"score":233,"play_id":"27589eaf-e59d-44e2-870b-8198c5ff5ff9","local_time":"20210417083003","is_ascension_mode":true,"campfire_choices":[{"data":"Rampage","floor":12,"key":"SMITH"},{"floor":15,"key":"REST"}],"neow_cost":"CURSE","seed_source_timestamp":702179242424300,"circlet_count":0,"master_deck":["Strike_R+1","Defend_R","Defend_R","Defend_R+1","Defend_R","Bash","Headbutt","Twin Strike","Perfected Strike","Shockwave","Flame Barrier","Rampage+1","Warcry","Feel No Pain","Double Tap","Cleave","True Grit","Necronomicurse","Armaments+1"],"relics":["Burning Blood","TungstenRod","FossilizedHelix","Regal Pillow","Ornamental Fan","Empty Cage","Necronomicon","Matryoshka"],"potions_floor_usage":[6,8,14,23],"damage_taken":[{"damage":0,"enemies":"2 Louse","floor":1,"turns":2},{"damage":3,"enemies":"Jaw Worm","floor":3,"turns":4},{"damage":0,"enemies":"Small Slimes","floor":4,"turns":3},{"damage":41,"enemies":"Exordium Thugs","floor":5,"turns":6},{"damage":31,"enemies":"3 Sentries","floor":6,"turns":8},{"damage":6,"enemies":"3 Louse","floor":7,"turns":5},{"damage":9,"enemies":"Lagavulin","floor":8,"turns":5},{"damage":0,"enemies":"Red Slaver","floor":14,"turns":1},{"damage":42,"enemies":"Slime Boss","floor":16,"turns":12},{"damage":4,"enemies":"3 Byrds","floor":18,"turns":4},{"damage":0,"enemies":"Chosen","floor":19,"turns":5},{"damage":60,"enemies":"Sentry and Sphere","floor":21,"turns":8},{"damage":14,"enemies":"Book of Stabbing","floor":23,"turns":4}],"seed_played":"-3566598636515613617","potions_obtained":[{"floor":3,"key":"BloodPotion"},{"floor":5,"key":"FearPotion"},{"floor":8,"key":"AttackPotion"},{"floor":19,"key":"Block Potion"},{"floor":21,"key":"SpeedPotion"}],"is_trial":false,"path_per_floor":["M","$","M","M","M","E","M","E","T","?","$","R","?","M","R","B",null,"M","M","?","M","T","E"],"character_chosen":"IRONCLAD","items_purchased":[],"campfire_rested":1,"item_purchase_floors":[],"current_hp_per_floor":[80,80,80,80,45,36,36,33,33,33,33,33,18,24,63,27,80,80,80,68,14,14,0],"gold":167,"neow_bonus":"ONE_RARE_RELIC","is_prod":false,"is_daily":false,"chose_seed":false,"campfire_upgraded":1,"win_rate":0,"timestamp":1618662603,"path_taken":["M","$","M","M","M","E","M","E","T","?","$","R","?","M","R","BOSS","M","M","?","M","?","E"],"build_version":"2020-12-22","purchased_purges":2,"victory":false,"max_hp_per_floor":[80,80,80,80,80,80,80,80,80,80,80,80,80,80,80,80,80,80,80,80,80,80,80],"card_choices":[{"not_picked":["Warcry","Dual Wield"],"picked":"Headbutt","floor":1},{"not_picked":["Havoc","Brutality"],"picked":"Twin Strike","floor":3},{"not_picked":["Shrug It Off","Headbutt"],"picked":"Perfected Strike","floor":4},{"not_picked":["Body Slam","Combust"],"picked":"Shockwave","floor":5},{"not_picked":["Demon Form","Burning Pact"],"picked":"Flame Barrier","floor":6},{"not_picked":["Headbutt","Spot Weakness"],"picked":"Rampage","floor":7},{"not_picked":["Searing Blow","Wild Strike"],"picked":"Warcry","floor":8},{"not_picked":["Pommel Strike","Sentinel"],"picked":"Feel No Pain","floor":14},{"not_picked":["Juggernaut","Fiend Fire"],"picked":"Double Tap","floor":16},{"not_picked":["Sword Boomerang","Clash"],"picked":"Cleave","floor":18},{"not_picked":["Second Wind+1","Perfected Strike+1"],"picked":"True Grit","floor":19},{"not_picked":["Sever Soul","Dropkick"],"picked":"Armaments+1","floor":21}],"player_experience":151202,"relics_obtained":[{"floor":6,"key":"FossilizedHelix"},{"floor":8,"key":"Regal Pillow"},{"floor":9,"key":"Ornamental Fan"},{"floor":20,"key":"Necronomicon"},{"floor":22,"key":"Matryoshka"}],"event_choices":[{"cards_removed":["Strike_R"],"damage_healed":0,"gold_gain":0,"player_choice":"Card Removal","damage_taken":0,"max_hp_gain":0,"max_hp_loss":0,"event_name":"The Cleric","floor":10,"gold_loss":50},{"damage_healed":0,"gold_gain":0,"player_choice":"Entered Light","damage_taken":16,"max_hp_gain":0,"max_hp_loss":0,"event_name":"Shining Light","floor":13,"gold_loss":0,"cards_upgraded":["Strike_R","Defend_R"]},{"damage_healed":0,"gold_gain":0,"player_choice":"Obtained Book","damage_taken":16,"max_hp_gain":0,"max_hp_loss":0,"event_name":"Cursed Tome","floor":20,"gold_loss":0}],"is_beta":false,"boss_relics":[{"not_picked":["Sozu","SacredBark"],"picked":"Empty Cage"}],"items_purged_floors":[2,11],"is_endless":false,"potions_floor_spawned":[3,5,8,19,21],"killed_by":"Book of Stabbing","ascension_level":3}