{"gold_per_floor":[119,129,129,152,177,177,177,252,252,292,292,292,333,352,352,478,478,503,522,522,151,151,151,190,205,205,220,220,220,220,240,240,240],"floor_reached":33,"playtime":1544,"items_purged":["Strike_R"],"score":328,"play_id":"79ad9813-5717-47e6-80a7-82434ae5124f","local_time":"20210415223846","is_ascension_mode":true,"campfire_choices":[{"data":"Defend_R","floor":6,"key":"SMITH"},{"data":"Shrug It Off","floor":12,"key":"SMITH"},{"data":"Infernal Blade","floor":15,"key":"SMITH"},{"data":"Seeing Red","floor":23,"key":"SMITH"},{"floor":30,"key":"REST"},{"floor":32,"key":"REST"}],"neow_cost":"NONE","seed_source_timestamp":579980567544300,"circlet_count":0,"master_deck":["Strike_R","Strike_R","Defend_R","Defend_R","Defend_R+1","Defend_R","Bash","Seeing Red+1","Twin Strike","Hemokinesis","Combust","Inflame","Shrug It Off+1","Infernal Blade+1","Feed","RitualDagger","Rupture","Cleave","Spot Weakness+1","Rage+1","Perfected Strike","Reaper","Cleave+1"],"relics":["Black Blood","Golden Idol","Singing Bowl","Bronze Scales","Bird Faced Urn","NlothsMask","Darkstone Periapt","Potion Belt","Vajra"],"potions_floor_usage":[13,16,19,19,25,33,33,33,33],"damage_taken":[{"damage":7,"enemies":"Small Slimes","floor":1,"turns":5},{"damage":2,"enemies":"2 Louse","floor":2,"turns":4},{"damage":6,"enemies":"Cultist","floor":4,"turns":4},{"damage":19,"enemies":"Looter","floor":5,"turns":3},{"damage":32,"enemies":"3 Sentries","floor":8,"turns":6},{"damage":20,"enemies":"Gremlin Nob","floor":10,"turns":4},{"damage":18,"enemies":"3 Sentries","floor":13,"turns":4},{"damage":2,"enemies":"3 Louse","floor":14,"turns":3},{"damage":38,"enemies":"Slime Boss","floor":16,"turns":9},{"damage":7,"enemies":"Chosen","floor":18,"turns":5},{"damage":20,"enemies":"3 Byrds","floor":19,"turns":4},{"damage":61,"enemies":"Book of Stabbing","floor":24,"turns":6},{"damage":40,"enemies":"Cultist and Chosen","floor":25,"turns":5},{"damage":39,"enemies":"Snecko","floor":27,"turns":5},{"damage":63,"enemies":"Shelled Parasite and Fungi","floor":31,"turns":7},{"damage":90,"enemies":"Automaton","floor":33,"turns":8}],"seed_played":"-541933968786770751","potions_obtained":[{"floor":1,"key":"LiquidBronze"},{"floor":4,"key":"ColorlessPotion"},{"floor":10,"key":"ColorlessPotion"},{"floor":14,"key":"FearPotion"},{"floor":18,"key":"EssenceOfSteel"},{"floor":19,"key":"BlessingOfTheForge"},{"floor":25,"key":"FearPotion"},{"floor":31,"key":"SpeedPotion"}],"is_trial":false,"path_per_floor":["M","M","?","M","M","R","?","?","T","E","?","R","E","M","R","B",null,"M","M","?","$","?","R","E","M","T","M","?","?","R","M","R","B"],"character_chosen":"IRONCLAD","items_purchased":["Potion Belt","FairyPotion","BloodPotion"],"campfire_rested":2,"item_purchase_floors":[21,21,21],"current_hp_per_floor":[87,88,66,66,53,53,82,56,56,42,42,42,34,42,42,14,90,92,91,85,85,85,85,42,18,18,31,31,31,60,21,51,0],"gold":240,"neow_bonus":"TEN_PERCENT_HP_BONUS","is_prod":false,"is_daily":false,"chose_seed":false,"campfire_upgraded":4,"win_rate":0,"timestamp":1618540726,"path_taken":["M","M","?","M","M","R","?","?","T","E","?","R","E","M","R","BOSS","M","M","?","$","?","R","E","M","T","M","?","?","R","M","R","BOSS"],"build_version":"2020-12-22","purchased_purges":1,"victory":false,"max_hp_per_floor":[88,88,88,88,88,88,88,88,88,88,88,88,88,90,90,90,90,92,97,97,97,97,97,97,97,97,97,97,97,97,100,100,100],"card_choices":[{"not_picked":["Pommel Strike","Disarm"],"picked":"Seeing Red","floor":1},{"not_picked":["Iron Wave","Warcry"],"picked":"Twin Strike","floor":2},{"not_picked":["Shrug It Off","Warcry"],"picked":"Hemokinesis","floor":4},{"not_picked":["True Grit","Body Slam"],"picked":"Combust","floor":5},{"not_picked":["Sever Soul","Second Wind"],"picked":"Inflame","floor":8},{"not_picked":["Seeing Red","Impervious"],"picked":"Shrug It Off","floor":10},{"not_picked":["Havoc","Body Slam"],"picked":"Infernal Blade","floor":13},{"not_picked":["Twin Strike","Heavy Blade","Anger"],"picked":"Singing Bowl","floor":14},{"not_picked":["Immolate","Double Tap"],"picked":"Feed","floor":16},{"not_picked":["Headbutt","Havoc","Anger+1"],"picked":"Singing Bowl","floor":18},{"not_picked":["Ghostly Armor","Armaments","Sword Boomerang"],"picked":"Singing Bowl","floor":19},{"not_picked":["Shrug It Off","Dual Wield"],"picked":"Cleave","floor":24},{"not_picked":["Headbutt+1","Body Slam"],"picked":"Spot Weakness+1","floor":25},{"not_picked":["Clash","Double Tap"],"picked":"Rage+1","floor":27},{"not_picked":["Shockwave","Reckless Charge+1"],"picked":"Cleave+1","floor":31}],"player_experience":140782,"relics_obtained":[{"floor":8,"key":"Singing Bowl"},{"floor":9,"key":"Bronze Scales"},{"floor":10,"key":"Bird Faced Urn"},{"floor":13,"key":"Darkstone Periapt"},{"floor":24,"key":"Vajra"}],"event_choices":[{"damage_healed":0,"gold_gain":0,"player_choice":"Take Damage","damage_taken":22,"relics_obtained":["Golden Idol"],"max_hp_gain":0,"max_hp_loss":0,"event_name":"Golden Idol","floor":3,"gold_loss":0},{"damage_healed":29,"gold_gain":0,"player_choice":"Banana","damage_taken":0,"max_hp_gain":0,"max_hp_loss":0,"event_name":"Big Fish","floor":7,"gold_loss":0},{"damage_healed":0,"gold_gain":0,"player_choice":"Searched \u00271\u0027 times","damage_taken":0,"max_hp_gain":0,"max_hp_loss":0,"event_name":"Dead Adventurer","floor":8,"gold_loss":0},{"damage_healed":0,"gold_gain":0,"player_choice":"Trade","damage_taken":0,"relics_obtained":["NlothsMask"],"max_hp_gain":0,"max_hp_loss":0,"event_name":"FaceTrader","floor":11,"gold_loss":0},{"damage_healed":0,"gold_gain":0,"player_choice":"Joined the Cult","damage_taken":6,"max_hp_gain":0,"max_hp_loss":0,"event_name":"Nest","floor":20,"gold_loss":0,"cards_obtained":["RitualDagger"]},{"damage_healed":0,"gold_gain":0,"player_choice":"Read","damage_taken":0,"max_hp_gain":0,"max_hp_loss":0,"event_name":"The Library","floor":22,"gold_loss":0,"cards_obtained":["Rupture"]},{"damage_healed":0,"gold_gain":0,"cards_transformed":["Strike_R","Strike_R"],"player_choice":"Became Test Subject","damage_taken":0,"max_hp_gain":0,"max_hp_loss":0,"event_name":"Drug Dealer","floor":28,"gold_loss":0,"cards_obtained":["Perfected Strike","Reaper"]},{"damage_healed":0,"gold_gain":0,"player_choice":"Ignored","damage_taken":0,"max_hp_gain":0,"max_hp_loss":0,"event_name":"Cursed Tome","floor":29,"gold_loss":0}],"is_beta":false,"boss_relics":[{"not_picked":["Fusion Hammer","Coffee Dripper"],"picked":"Black Blood"}],"items_purged_floors":[21],"is_endless":false,"potions_floor_spawned":[1,4,10,14,18,19,25,31],"killed_by":"Automaton","ascension_level":2}