{"gold_per_floor":[116,191,3,20,37,62,79,113,113,139,157,157,173,173,173,272,272,283,31,42,59,78,113,113,145,145,145,145,145,145,1,1,103,103,120,134,134,153,172,172,21,41,41,61,61,61,94,108,108,108],"floor_reached":50,"playtime":2652,"items_purged":["Strike_R"],"score":587,"play_id":"1d0c4527-0b54-4193-98f6-e17a9aba3f67","local_time":"20210419210003","is_ascension_mode":true,"campfire_choices":[{"floor":12,"key":"REST"},{"data":"Immolate","floor":15,"key":"SMITH"},{"data":"Immolate","floor":24,"key":"SMITH"},{"data":"Immolate","floor":27,"key":"SMITH"},{"data":"Burning Pact","floor":30,"key":"SMITH"},{"floor":32,"key":"REST"},{"floor":40,"key":"REST"},{"data":"Evolve","floor":45,"key":"SMITH"},{"floor":49,"key":"REST"}],"neow_cost":"NONE","seed_source_timestamp":9103779237500,"circlet_count":0,"master_deck":["Defend_R","Defend_R","Defend_R","Bash","Bloodletting","Immolate+1","Cleave","Double Tap","Pommel Strike","Feel No Pain","Burning Pact+1","Shrug It Off","Blind","Immolate+1","Ghostly Armor+1","Seeing Red+1","Seeing Red+1","Headbutt","Immolate+1","Sentinel","Entrench","Intimidate","Evolve+1","Impervious","Thunderclap+1","Rupture","Disarm","Pommel Strike+1","Ghostly Armor+1"],"relics":["Empty Cage","Vajra","Red Skull","White Beast Statue","Unceasing Top","Astrolabe","Blood Vial","Champion Belt","Mummified Hand","Oddly Smooth Stone","Busted Crown","Pocketwatch","Torii"],"potions_floor_usage":[6,11,16,16,16,21,22,33,33,33,33,39,39,47,48,50],"damage_taken":[{"damage":8,"enemies":"2 Louse","floor":1,"turns":3},{"damage":0,"enemies":"Cultist","floor":4,"turns":2},{"damage":0,"enemies":"Small Slimes","floor":5,"turns":2},{"damage":14,"enemies":"Gremlin Nob","floor":6,"turns":3},{"damage":10,"enemies":"Gremlin Gang","floor":7,"turns":2},{"damage":0,"enemies":"3 Sentries","floor":8,"turns":1},{"damage":14,"enemies":"Gremlin Nob","floor":10,"turns":3},{"damage":6,"enemies":"Large Slime","floor":11,"turns":5},{"damage":9,"enemies":"Blue Slaver","floor":13,"turns":3},{"damage":7,"enemies":"Hexaghost","floor":16,"turns":7},{"damage":2,"enemies":"3 Byrds","floor":18,"turns":3},{"damage":3,"enemies":"Chosen","floor":20,"turns":3},{"damage":0,"enemies":"Snake Plant","floor":21,"turns":4},{"damage":10,"enemies":"Snecko","floor":22,"turns":5},{"damage":30,"enemies":"Slavers","floor":23,"turns":3},{"damage":8,"enemies":"Gremlin Leader","floor":25,"turns":3},{"damage":52,"enemies":"Automaton","floor":33,"turns":10},{"damage":8,"enemies":"3 Shapes","floor":35,"turns":3},{"damage":5,"enemies":"3 Darklings","floor":36,"turns":2},{"damage":26,"enemies":"Maw","floor":38,"turns":8},{"damage":39,"enemies":"Spire Growth","floor":39,"turns":4},{"damage":10,"enemies":"Jaw Worm Horde","floor":42,"turns":4},{"damage":0,"enemies":"3 Darklings","floor":44,"turns":2},{"damage":20,"enemies":"Nemesis","floor":47,"turns":7},{"damage":1,"enemies":"Transient","floor":48,"turns":5},{"damage":95,"enemies":"Awakened One","floor":50,"turns":11}],"seed_played":"6312546840309762059","potions_obtained":[{"floor":6,"key":"BlessingOfTheForge"},{"floor":7,"key":"EssenceOfSteel"},{"floor":10,"key":"LiquidBronze"},{"floor":11,"key":"DistilledChaos"},{"floor":13,"key":"EssenceOfSteel"},{"floor":16,"key":"Block Potion"},{"floor":18,"key":"LiquidBronze"},{"floor":20,"key":"Fire Potion"},{"floor":21,"key":"Fire Potion"},{"floor":22,"key":"EntropicBrew"},{"floor":23,"key":"BlessingOfTheForge"},{"floor":25,"key":"BloodPotion"},{"floor":33,"key":"SpeedPotion"},{"floor":35,"key":"BlessingOfTheForge"},{"floor":38,"key":"Energy Potion"},{"floor":39,"key":"Swift Potion"},{"floor":42,"key":"Dexterity Potion"},{"floor":47,"key":"Explosive Potion"},{"floor":48,"key":"FairyPotion"}],"is_trial":false,"path_per_floor":["M","?","$","M","M","E","M","E","T","E","M","R","M","?","R","B",null,"M","$","M","M","M","E","R","E","T","R","?","?","R","$","R","B",null,"M","M","?","M","M","R","$","M","T","M","R","$","E","M","R","B"],"character_chosen":"IRONCLAD","items_purchased":["Immolate","Fire Potion","Immolate","Sentinel","Oddly Smooth Stone","Rupture","Disarm"],"campfire_rested":4,"item_purchase_floors":[3,3,19,19,31,41,41],"current_hp_per_floor":[72,64,64,64,64,50,40,40,40,26,20,44,35,35,35,28,80,78,78,75,75,65,35,35,29,29,29,29,29,29,29,53,19,80,72,69,69,45,24,48,48,40,40,42,42,42,24,25,49,0],"gold":108,"neow_bonus":"BOSS_RELIC","is_prod":false,"is_daily":false,"chose_seed":false,"campfire_upgraded":5,"win_rate":0,"timestamp":1618880403,"path_taken":["M","?","$","M","M","E","M","E","T","E","M","R","?","?","R","BOSS","M","$","?","M","M","E","R","E","T","R","?","?","R","?","R","BOSS","M","M","?","M","M","R","?","M","T","M","R","$","E","M","R","BOSS"],"build_version":"2020-12-22","purchased_purges":1,"victory":false,"max_hp_per_floor":[80,80,80,80,80,80,80,80,80,80,80,80,80,80,80,80,80,80,80,80,80,80,80,80,80,80,80,80,80,80,80,80,80,80,80,80,80,80,80,80,80,80,80,80,80,80,80,80,80,80],"card_choices":[{"not_picked":["Perfected Strike","Armaments"],"picked":"Bloodletting","floor":1},{"not_picked":["Anger","Havoc"],"picked":"Cleave","floor":4},{"not_picked":["Perfected Strike","Blood for Blood","Entrench"],"picked":"SKIP","floor":5},{"not_picked":["Brutality","Infernal Blade"],"picked":"Double Tap","floor":6},{"not_picked":["Clash","Iron Wave"],"picked":"Pommel Strike","floor":7},{"not_picked":["Flex","Twin Strike"],"picked":"Feel No Pain","floor":8},{"not_picked":["Wild Strike","Demon Form","Whirlwind"],"picked":"SKIP","floor":10},{"not_picked":["Havoc","Iron Wave"],"picked":"Burning Pact","floor":11},{"not_picked":["Intimidate","Havoc"],"picked":"Shrug It Off","floor":13},{"not_picked":["Juggernaut","Exhume"],"picked":"Immolate","floor":16},{"not_picked":["Havoc","Bloodletting"],"picked":"Headbutt","floor":18},{"not_picked":["Sword Boomerang","Second Wind"],"picked":"Entrench","floor":20},{"not_picked":["Cleave","Limit Break","Second Wind"],"picked":"SKIP","floor":21},{"not_picked":["Headbutt","Carnage","Clash"],"picked":"SKIP","floor":22},{"not_picked":["Combust","Havoc"],"picked":"Intimidate","floor":23},{"not_picked":["Rampage","Thunderclap"],"picked":"Evolve","floor":25},{"not_picked":["Reaper","Barricade"],"picked":"Impervious","floor":33},{"not_picked":[],"picked":"Thunderclap+1","floor":35},{"not_picked":["Flex+1"],"picked":"SKIP","floor":36},{"not_picked":["Armaments"],"picked":"SKIP","floor":38},{"not_picked":["Thunderclap+1"],"picked":"SKIP","floor":39},{"not_picked":["Flex"],"picked":"SKIP","floor":42},{"not_picked":[],"picked":"Pommel Strike+1","floor":44},{"not_picked":["Entrench"],"picked":"SKIP","floor":47},{"not_picked":[],"picked":"Ghostly Armor+1","floor":48}],"player_experience":165548,"relics_obtained":[{"floor":6,"key":"Vajra"},{"floor":8,"key":"Red Skull"},{"floor":9,"key":"White Beast Statue"},{"floor":10,"key":"Unceasing Top"},{"floor":23,"key":"Blood Vial"},{"floor":25,"key":"Champion Belt"},{"floor":26,"key":"Mummified Hand"},{"floor":43,"key":"Pocketwatch"},{"floor":47,"key":"Torii"}],"event_choices":[{"damage_healed":0,"gold_gain":75,"player_choice":"Touch","damage_taken":8,"max_hp_gain":0,"max_hp_loss":0,"event_name":"FaceTrader","floor":2,"gold_loss":0},{"damage_healed":0,"gold_gain":0,"player_choice":"1 cards matched","damage_taken":0,"max_hp_gain":0,"max_hp_loss":0,"event_name":"Match and Keep!","floor":14,"gold_loss":0,"cards_obtained":["Blind"]},{"damage_healed":0,"gold_gain":0,"player_choice":"Ignored","damage_taken":0,"max_hp_gain":0,"max_hp_loss":0,"event_name":"The Mausoleum","floor":28,"gold_loss":0},{"damage_healed":0,"gold_gain":0,"player_choice":"Ignored","damage_taken":0,"max_hp_gain":0,"max_hp_loss":0,"event_name":"Ghosts","floor":29,"gold_loss":0},{"damage_healed":0,"gold_gain":0,"player_choice":"Ignored","damage_taken":0,"max_hp_gain":0,"max_hp_loss":0,"event_name":"NoteForYourself","floor":37,"gold_loss":0}],"is_beta":false,"boss_relics":[{"not_picked":["SlaversCollar","Sozu"],"picked":"Astrolabe"},{"not_picked":["Mark of Pain","Runic Dome"],"picked":"Busted Crown"}],"items_purged_floors":[19],"is_endless":false,"potions_floor_spawned":[6,7,10,11,13,16,18,20,21,22,23,25,33,35,36,38,39,42,44,47,48],"killed_by":"Awakened One","ascension_level":1}