{"gold_per_floor":[113,131,145,145,156,187,187,199,199,215,250,250,263,263,263,365,365,379,66,66,66,66,100,114,74,74,99,111,111,139,150,150,254,254,266,266,312,132,132,132],"floor_reached":40,"playtime":2846,"items_purged":["Strike_R","Thunderclap"],"score":503,"play_id":"ee4d05eb-1e11-4dab-9cd7-4d05459ea6e5","local_time":"20210418122343","is_ascension_mode":true,"campfire_choices":[{"data":"Hemokinesis","floor":7,"key":"SMITH"},{"data":"Defend_R","floor":12,"key":"SMITH"},{"floor":15,"key":"REST"},{"floor":32,"key":"REST"}],"neow_cost":"NONE","seed_source_timestamp":800970715362700,"circlet_count":0,"master_deck":["Strike_R","Defend_R","Defend_R","Defend_R+1","Defend_R+1","Bash","Twin Strike","Hemokinesis+1","Rampage+1","Shrug It Off+1","Headbutt","Uppercut+1","Rage+1","Headbutt","Whirlwind","Shrug It Off","Offering","Pommel Strike+1","Dropkick","Deep Breath"],"relics":["Velvet Choker","Orichalcum","Juzu Bracelet","War Paint","Empty Cage","Lee\u0027s Waffle","Bottled Flame","Question Card","Anchor","PreservedInsect","Fusion Hammer","Champion Belt"],"potions_floor_usage":[11,11,23,23,27,30],"damage_taken":[{"damage":1,"enemies":"Jaw Worm","floor":1,"turns":3},{"damage":3,"enemies":"Small Slimes","floor":2,"turns":2},{"damage":0,"enemies":"Cultist","floor":3,"turns":3},{"damage":11,"enemies":"3 Louse","floor":5,"turns":3},{"damage":20,"enemies":"3 Sentries","floor":6,"turns":7},{"damage":0,"enemies":"Exordium Wildlife","floor":8,"turns":3},{"damage":2,"enemies":"Exordium Thugs","floor":10,"turns":3},{"damage":10,"enemies":"Gremlin Nob","floor":11,"turns":3},{"damage":1,"enemies":"Gremlin Gang","floor":13,"turns":5},{"damage":25,"enemies":"Hexaghost","floor":16,"turns":9},{"damage":9,"enemies":"2 Thieves","floor":18,"turns":3},{"damage":22,"enemies":"Book of Stabbing","floor":23,"turns":5},{"damage":6,"enemies":"Chosen","floor":24,"turns":3},{"damage":4,"enemies":"Gremlin Leader","floor":27,"turns":5},{"damage":0,"enemies":"Centurion and Healer","floor":28,"turns":5},{"damage":8,"enemies":"Book of Stabbing","floor":30,"turns":5},{"damage":10,"enemies":"Sentry and Sphere","floor":31,"turns":4},{"damage":58,"enemies":"Automaton","floor":33,"turns":9},{"damage":15,"enemies":"3 Darklings","floor":35,"turns":4},{"damage":39,"enemies":"2 Orb Walkers","floor":37,"turns":5},{"damage":38,"enemies":"Nemesis","floor":40,"turns":4}],"seed_played":"2402407418492538944","potions_obtained":[{"floor":3,"key":"SkillPotion"},{"floor":5,"key":"Dexterity Potion"},{"floor":6,"key":"BlessingOfTheForge"},{"floor":11,"key":"PowerPotion"},{"floor":18,"key":"FearPotion"},{"floor":23,"key":"Energy Potion"},{"floor":24,"key":"Block Potion"},{"floor":33,"key":"Fire Potion"},{"floor":37,"key":"DuplicationPotion"}],"is_trial":false,"path_per_floor":["M","M","M","?","M","E","R","M","T","M","E","R","M","?","R","B",null,"M","$","?","$","?","E","M","?","T","E","M","T","E","M","R","B",null,"M","?","?","$","?","E"],"character_chosen":"IRONCLAD","items_purchased":["Lee\u0027s Waffle","Uppercut","Dropkick"],"campfire_rested":2,"item_purchase_floors":[19,19,38],"current_hp_per_floor":[79,76,76,76,65,45,45,45,45,43,33,33,32,32,56,31,80,71,87,87,87,87,65,59,59,59,55,55,55,47,37,63,5,87,72,72,33,33,33,0],"gold":132,"neow_bonus":"BOSS_RELIC","is_prod":false,"is_daily":false,"chose_seed":false,"campfire_upgraded":2,"win_rate":0,"timestamp":1618763023,"path_taken":["M","M","M","?","M","E","R","M","T","M","E","R","M","?","R","BOSS","M","$","?","?","?","E","M","?","T","E","M","?","E","M","R","BOSS","M","?","?","$","?","E"],"build_version":"2020-12-22","purchased_purges":2,"victory":false,"max_hp_per_floor":[80,80,80,80,80,80,80,80,80,80,80,80,80,80,80,80,80,80,87,87,87,87,87,87,87,87,87,87,87,87,87,87,87,87,87,87,87,87,87,87],"card_choices":[{"not_picked":["Clothesline","Second Wind"],"picked":"Twin Strike","floor":1},{"not_picked":["Twin Strike","Burning Pact"],"picked":"Hemokinesis","floor":2},{"not_picked":["Armaments","Sword Boomerang"],"picked":"Rampage","floor":3},{"not_picked":["Metallicize","Bludgeon","Havoc"],"picked":"SKIP","floor":5},{"not_picked":["Clash","Fire Breathing"],"picked":"Shrug It Off","floor":6},{"not_picked":["Pummel","Dark Embrace","Twin Strike"],"picked":"SKIP","floor":8},{"not_picked":["Sentinel","Body Slam"],"picked":"Thunderclap","floor":10},{"not_picked":["Dual Wield","Feel No Pain"],"picked":"Headbutt","floor":11},{"not_picked":["Havoc","Heavy Blade","Wild Strike"],"picked":"SKIP","floor":13},{"not_picked":["Flex","Clothesline","Cleave"],"picked":"SKIP","floor":18},{"not_picked":["Sever Soul","Clothesline"],"picked":"Rage","floor":23},{"not_picked":["Anger","Perfected Strike"],"picked":"Headbutt","floor":24},{"not_picked":["Clash+1","Feel No Pain","Pommel Strike"],"picked":"Whirlwind","floor":27},{"not_picked":["Body Slam","Twin Strike","Armaments+1"],"picked":"Inflame","floor":28},{"not_picked":["Blood for Blood","Reaper","Metallicize+1","Immolate"],"picked":"SKIP","floor":30},{"not_picked":["Cleave","Entrench","Clothesline"],"picked":"Shrug It Off","floor":31},{"not_picked":["Feed","Demon Form","Berserk"],"picked":"Offering","floor":33},{"not_picked":["Uppercut","Havoc","Bloodletting","Headbutt"],"picked":"SKIP","floor":35},{"not_picked":["Pummel","Heavy Blade+1","Rampage"],"picked":"Pommel Strike+1","floor":37},{"not_picked":["Panache","Metamorphosis","Trip"],"picked":"Deep Breath","floor":39}],"player_experience":162331,"relics_obtained":[{"floor":6,"key":"Orichalcum"},{"floor":9,"key":"Juzu Bracelet"},{"floor":11,"key":"War Paint"},{"floor":23,"key":"Bottled Flame"},{"floor":26,"key":"Question Card"},{"floor":27,"key":"Anchor"},{"floor":30,"key":"PreservedInsect"},{"floor":37,"key":"Champion Belt"}],"event_choices":[{"damage_healed":0,"gold_gain":0,"player_choice":"Grow","damage_taken":0,"max_hp_gain":0,"max_hp_loss":0,"event_name":"Living Wall","floor":4,"gold_loss":0,"cards_upgraded":["Rampage"]},{"damage_healed":0,"gold_gain":0,"player_choice":"Searched \u00271\u0027 times","damage_taken":0,"max_hp_gain":0,"max_hp_loss":0,"event_name":"Dead Adventurer","floor":14,"gold_loss":0},{"damage_healed":0,"gold_gain":0,"player_choice":"Ignored","damage_taken":0,"max_hp_gain":0,"max_hp_loss":0,"event_name":"NoteForYourself","floor":20,"gold_loss":0},{"cards_removed":["Strike_R"],"damage_healed":0,"gold_gain":0,"player_choice":"Elegance","damage_taken":0,"max_hp_gain":0,"max_hp_loss":0,"event_name":"Back to Basics","floor":22,"gold_loss":0},{"damage_healed":0,"gold_gain":0,"player_choice":"Upgraded Two","damage_taken":0,"max_hp_gain":0,"max_hp_loss":0,"event_name":"Designer","floor":25,"gold_loss":40,"cards_upgraded":["Rage","Uppercut"]},{"cards_removed":["Inflame"],"damage_healed":0,"gold_gain":0,"player_choice":"Removed Power","damage_taken":0,"max_hp_gain":0,"max_hp_loss":0,"event_name":"Falling","floor":36,"gold_loss":0},{"damage_healed":0,"gold_gain":0,"player_choice":"Fight","damage_taken":0,"max_hp_gain":0,"max_hp_loss":0,"event_name":"Mysterious Sphere","floor":37,"gold_loss":0},{"damage_healed":0,"gold_gain":0,"player_choice":"Memory 1","damage_taken":0,"max_hp_gain":0,"max_hp_loss":0,"event_name":"SensoryStone","floor":39,"gold_loss":0}],"is_beta":false,"boss_relics":[{"not_picked":["Ectoplasm","Runic Pyramid"],"picked":"Empty Cage"},{"not_picked":["SacredBark","Runic Cube"],"picked":"Fusion Hammer"}],"items_purged_floors":[19,38],"is_endless":false,"potions_floor_spawned":[3,5,6,11,18,23,24,33,37],"killed_by":"Nemesis","ascension_level":1}