{"gold_per_floor":[111,178,191,9,20,20,54,54,77,77],"floor_reached":10,"playtime":287,"items_purged":["Strike_R"],"score":73,"play_id":"5cb009f6-7119-46a7-89c2-282b41e75064","local_time":"20210415011237","is_ascension_mode":true,"campfire_choices":[{"data":"Heavy Blade","floor":6,"key":"SMITH"}],"neow_cost":"PERCENT_DAMAGE","seed_source_timestamp":504069370474400,"circlet_count":0,"master_deck":["Strike_R","Strike_R","Defend_R","Defend_R","Defend_R","Defend_R","Bash","Dark Embrace","Heavy Blade+1","Inflame","Clash","Inflame","Spot Weakness","Thunderclap","Decay"],"relics":["Burning Blood","Dream Catcher","Bag of Preparation"],"potions_floor_usage":[7],"damage_taken":[{"damage":13,"enemies":"Jaw Worm","floor":1,"turns":5},{"damage":6,"enemies":"2 Louse","floor":3,"turns":3},{"damage":15,"enemies":"Cultist","floor":5,"turns":5},{"damage":26,"enemies":"Lagavulin","floor":7,"turns":7},{"damage":20,"enemies":"Lots of Slimes","floor":10,"turns":2}],"seed_played":"7233596988606008545","potions_obtained":[{"floor":5,"key":"ColorlessPotion"},{"floor":7,"key":"BlessingOfTheForge"}],"is_trial":false,"path_per_floor":["M","?","M","$","M","R","E","?","T","M"],"character_chosen":"IRONCLAD","items_purchased":["Inflame","Spot Weakness"],"campfire_rested":0,"item_purchase_floors":[4,4],"current_hp_per_floor":[49,49,49,49,40,40,20,20,20,0],"gold":77,"neow_bonus":"TRANSFORM_TWO_CARDS","is_prod":false,"is_daily":false,"chose_seed":false,"campfire_upgraded":1,"win_rate":0,"timestamp":1618463557,"path_taken":["M","?","M","$","M","R","E","?","T","?"],"build_version":"2020-12-22","purchased_purges":1,"victory":false,"max_hp_per_floor":[80,80,80,80,80,80,80,80,80,80],"card_choices":[{"not_picked":["Armaments","Thunderclap"],"picked":"Inflame","floor":1},{"not_picked":["Armaments","Sword Boomerang"],"picked":"Clash","floor":3},{"not_picked":["Pommel Strike","Infernal Blade"],"picked":"Thunderclap","floor":5},{"not_picked":["Rupture","Sentinel","Clash"],"picked":"SKIP","floor":7}],"player_experience":136039,"relics_obtained":[{"floor":7,"key":"Dream Catcher"},{"floor":9,"key":"Bag of Preparation"}],"event_choices":[{"damage_healed":0,"gold_gain":67,"player_choice":"Gained Gold","damage_taken":0,"max_hp_gain":0,"max_hp_loss":0,"event_name":"Golden Wing","floor":2,"gold_loss":0},{"damage_healed":0,"gold_gain":0,"player_choice":"Cursed","damage_taken":0,"max_hp_gain":0,"max_hp_loss":0,"event_name":"Wheel of Change","floor":8,"gold_loss":0,"cards_obtained":["Decay"]}],"is_beta":false,"boss_relics":[],"items_purged_floors":[4],"is_endless":false,"potions_floor_spawned":[5,7],"killed_by":"Lots of Slimes","ascension_level":2}