{"gold_per_floor":[113,129,54,34,34,68,82,82,82,82,106,142,142,162,162,287,287,307,322,30,30,129,129,169,169],"floor_reached":25,"playtime":829,"items_purged":["Defend_R","Bash"],"score":240,"play_id":"b73d7c09-9421-4bf2-b0dc-9298c40b735a","local_time":"20210412202838","is_ascension_mode":true,"campfire_choices":[{"data":"Perfected Strike","floor":10,"key":"SMITH"},{"data":"Metallicize","floor":13,"key":"SMITH"},{"floor":15,"key":"REST"},{"data":"Demon Form","floor":23,"key":"SMITH"}],"neow_cost":"NONE","seed_source_timestamp":313688573505300,"circlet_count":0,"master_deck":["Strike_R","Strike_R","Strike_R","Strike_R","Defend_R","Defend_R","Defend_R","Pommel Strike","Metallicize+1","Perfected Strike+1","Clash","Flame Barrier","Headbutt","Demon Form+1","Anger","Metamorphosis","Anger"],"relics":["Burning Blood","Potion Belt","Golden Idol","Smiling Mask","Mark of Pain","Gremlin Horn"],"potions_floor_usage":[16,16,16,16,19,24,25],"damage_taken":[{"damage":6,"enemies":"Cultist","floor":1,"turns":3},{"damage":1,"enemies":"Jaw Worm","floor":2,"turns":3},{"damage":35,"enemies":"Gremlin Nob","floor":6,"turns":5},{"damage":6,"enemies":"Small Slimes","floor":7,"turns":5},{"damage":4,"enemies":"Blue Slaver","floor":11,"turns":4},{"damage":21,"enemies":"3 Sentries","floor":12,"turns":10},{"damage":6,"enemies":"Looter","floor":14,"turns":3},{"damage":49,"enemies":"Hexaghost","floor":16,"turns":13},{"damage":17,"enemies":"Chosen","floor":18,"turns":5},{"damage":24,"enemies":"2 Thieves","floor":19,"turns":5},{"damage":43,"enemies":"Book of Stabbing","floor":24,"turns":5},{"damage":8,"enemies":"Centurion and Healer","floor":25,"turns":1}],"seed_played":"-1551303670665760101","potions_obtained":[{"floor":4,"key":"HeartOfIron"},{"floor":11,"key":"LiquidMemories"},{"floor":12,"key":"EssenceOfSteel"},{"floor":14,"key":"LiquidMemories"},{"floor":18,"key":"Weak Potion"},{"floor":24,"key":"AttackPotion"}],"is_trial":false,"path_per_floor":["M","M","$","?","$","E","M","?","T","R","M","E","R","M","R","B",null,"M","M","$","?","?","R","E","M"],"character_chosen":"IRONCLAD","items_purchased":["Metamorphosis","Weak Potion"],"campfire_rested":1,"item_purchase_floors":[20,20],"current_hp_per_floor":[80,80,80,80,80,51,51,51,51,51,53,38,38,38,60,17,74,63,45,45,45,45,45,8,0],"gold":169,"neow_bonus":"REMOVE_CARD","is_prod":false,"is_daily":false,"chose_seed":false,"campfire_upgraded":3,"win_rate":0,"timestamp":1618273718,"path_taken":["M","M","?","?","$","E","?","?","T","R","M","E","R","M","R","BOSS","M","M","$","?","?","R","E","M"],"build_version":"2020-12-22","purchased_purges":2,"victory":false,"max_hp_per_floor":[80,80,80,80,80,80,80,74,74,74,74,74,74,74,74,74,74,74,74,74,74,74,74,74,74],"card_choices":[{"not_picked":["Twin Strike","Flex"],"picked":"Pommel Strike","floor":1},{"not_picked":["Entrench","Twin Strike"],"picked":"Metallicize","floor":2},{"not_picked":["Offering","Anger","Warcry"],"picked":"SKIP","floor":6},{"not_picked":["Body Slam","Evolve"],"picked":"Perfected Strike","floor":7},{"not_picked":["Searing Blow","Wild Strike"],"picked":"Clash","floor":11},{"not_picked":["Rupture","Iron Wave"],"picked":"Flame Barrier","floor":12},{"not_picked":["Battle Trance","Dark Embrace"],"picked":"Headbutt","floor":14},{"not_picked":["Offering","Berserk"],"picked":"Demon Form","floor":16},{"not_picked":["Thunderclap","Wild Strike","Evolve"],"picked":"SKIP","floor":18},{"not_picked":["Headbutt","Bloodletting"],"picked":"Anger","floor":19},{"not_picked":["Pommel Strike","Body Slam+1"],"picked":"Anger","floor":24}],"player_experience":112906,"relics_obtained":[{"floor":6,"key":"Potion Belt"},{"floor":12,"key":"Smiling Mask"},{"floor":24,"key":"Gremlin Horn"}],"event_choices":[{"damage_healed":0,"gold_gain":0,"player_choice":"Bought 1 Potion","damage_taken":0,"max_hp_gain":0,"max_hp_loss":0,"event_name":"The Woman in Blue","floor":4,"gold_loss":0},{"damage_healed":0,"gold_gain":0,"player_choice":"Lose Max HP","damage_taken":0,"relics_obtained":["Golden Idol"],"max_hp_gain":0,"max_hp_loss":6,"event_name":"Golden Idol","floor":8,"gold_loss":0},{"damage_healed":0,"gold_gain":0,"player_choice":"Ignored","damage_taken":0,"max_hp_gain":0,"max_hp_loss":0,"event_name":"The Mausoleum","floor":21,"gold_loss":0},{"damage_healed":0,"gold_gain":99,"player_choice":"Stole From Cult","damage_taken":0,"max_hp_gain":0,"max_hp_loss":0,"event_name":"Nest","floor":22,"gold_loss":0}],"is_beta":false,"boss_relics":[{"not_picked":["Sozu","SacredBark"],"picked":"Mark of Pain"}],"items_purged_floors":[3,20],"is_endless":false,"potions_floor_spawned":[11,12,14,18,24],"killed_by":"Centurion and Healer","ascension_level":1}