{"gold_per_floor":[115,129,4,20,37,37,71,71,71,87,262,282,282,317,317,417,417,433,523,48,59,59,59,72,72],"floor_reached":25,"playtime":964,"items_purged":["Strike_R","Doubt"],"score":232,"play_id":"f67d0e76-9005-4919-ad5d-2906846d7317","local_time":"20210414233031","is_ascension_mode":true,"campfire_choices":[{"data":"Demon Form","floor":6,"key":"SMITH"},{"data":"Rampage","floor":8,"key":"SMITH"},{"floor":13,"key":"REST"},{"data":"Flame Barrier","floor":15,"key":"SMITH"},{"floor":23,"key":"DIG"}],"neow_cost":"NONE","seed_source_timestamp":497267093494200,"circlet_count":0,"master_deck":["Strike_R","Strike_R","Strike_R","Strike_R","Defend_R","Defend_R","Defend_R","Defend_R","Bash","Demon Form+1","Shrug It Off","Flame Barrier+1","Cleave","True Grit","Rampage+1","Iron Wave","Exhume","Double Tap","Secret Weapon"],"relics":["Burning Blood","Mercury Hourglass","Shovel","Odd Mushroom","CaptainsWheel","SlaversCollar","Blood Vial","Prayer Wheel"],"potions_floor_usage":[7,7,14,16,21,24,25],"damage_taken":[{"damage":1,"enemies":"2 Louse","floor":1,"turns":3},{"damage":4,"enemies":"Small Slimes","floor":2,"turns":5},{"damage":1,"enemies":"Cultist","floor":4,"turns":3},{"damage":1,"enemies":"Blue Slaver","floor":5,"turns":5},{"damage":53,"enemies":"Gremlin Nob","floor":7,"turns":7},{"damage":7,"enemies":"Lots of Slimes","floor":10,"turns":3},{"damage":16,"enemies":"The Mushroom Lair","floor":12,"turns":4},{"damage":1,"enemies":"Lagavulin","floor":14,"turns":5},{"damage":11,"enemies":"The Guardian","floor":16,"turns":9},{"damage":22,"enemies":"Chosen","floor":18,"turns":6},{"damage":17,"enemies":"2 Thieves","floor":21,"turns":4},{"damage":26,"enemies":"Snecko","floor":24,"turns":6},{"damage":32,"enemies":"Book of Stabbing","floor":25,"turns":4}],"seed_played":"4623287900209963820","potions_obtained":[{"floor":1,"key":"EssenceOfSteel"},{"floor":5,"key":"SpeedPotion"},{"floor":10,"key":"DistilledChaos"},{"floor":12,"key":"Energy Potion"},{"floor":16,"key":"Strength Potion"},{"floor":18,"key":"LiquidBronze"}],"is_trial":false,"path_per_floor":["M","M","$","M","M","R","E","R","T","M","?","?","R","E","R","B",null,"M","?","$","M","$","R","M","E"],"character_chosen":"IRONCLAD","items_purchased":["Cleave","Secret Weapon","Blood Vial","Explosive Potion"],"campfire_rested":1,"item_purchase_floors":[3,20,20,20],"current_hp_per_floor":[80,80,80,80,80,80,33,33,33,32,32,22,46,51,51,46,80,64,52,52,43,43,43,25,0],"gold":72,"neow_bonus":"ONE_RANDOM_RARE_CARD","is_prod":false,"is_daily":false,"chose_seed":false,"campfire_upgraded":3,"win_rate":0,"timestamp":1618457431,"path_taken":["M","M","$","M","M","R","E","R","T","M","?","?","R","E","R","BOSS","M","?","$","M","?","R","M","E"],"build_version":"2020-12-22","purchased_purges":2,"victory":false,"max_hp_per_floor":[80,80,80,80,80,80,80,80,80,80,80,80,80,80,80,80,80,80,80,80,80,80,80,80,80],"card_choices":[{"not_picked":["Whirlwind","Havoc"],"picked":"Shrug It Off","floor":1},{"not_picked":["Perfected Strike","Anger"],"picked":"Flame Barrier","floor":2},{"not_picked":["Heavy Blade","True Grit","Pommel Strike"],"picked":"SKIP","floor":4},{"not_picked":["Immolate","Reckless Charge"],"picked":"True Grit","floor":5},{"not_picked":["Wild Strike","Shrug It Off"],"picked":"Rampage","floor":7},{"not_picked":["Second Wind","Heavy Blade"],"picked":"Iron Wave","floor":10},{"not_picked":["Sword Boomerang","True Grit"],"picked":"Exhume","floor":14},{"not_picked":["Feed","Reaper"],"picked":"Double Tap","floor":16},{"not_picked":["Anger+1","Clash","Armaments"],"picked":"SKIP","floor":18},{"not_picked":["Heavy Blade+1","True Grit+1","Entrench"],"picked":"SKIP","floor":21},{"not_picked":["Clash+1","Entrench","Havoc"],"picked":"SKIP","floor":24},{"not_picked":["Sever Soul","Heavy Blade","Dual Wield"],"picked":"SKIP","floor":24}],"player_experience":129412,"relics_obtained":[{"floor":7,"key":"Mercury Hourglass"},{"floor":9,"key":"Shovel"},{"floor":12,"key":"Odd Mushroom"},{"floor":14,"key":"CaptainsWheel"},{"floor":23,"key":"Prayer Wheel"}],"event_choices":[{"damage_healed":0,"gold_gain":175,"player_choice":"AGREE","damage_taken":0,"max_hp_gain":0,"max_hp_loss":0,"event_name":"Liars Game","floor":11,"gold_loss":0,"cards_obtained":["Doubt"]},{"damage_healed":0,"gold_gain":0,"player_choice":"Fought Mushrooms","damage_taken":0,"max_hp_gain":0,"max_hp_loss":0,"event_name":"Mushrooms","floor":12,"gold_loss":0},{"damage_healed":0,"gold_gain":90,"player_choice":"GOLD ","damage_taken":12,"max_hp_gain":0,"max_hp_loss":0,"event_name":"Knowing Skull","floor":19,"potions_obtained":[],"gold_loss":0,"cards_obtained":[]}],"is_beta":false,"boss_relics":[{"not_picked":["Coffee Dripper","Runic Pyramid"],"picked":"SlaversCollar"}],"items_purged_floors":[3,20],"is_endless":false,"potions_floor_spawned":[1,5,10,12,16,18],"killed_by":"Book of Stabbing","ascension_level":2}