{"gold_per_floor":[113,113,93,18,38,78,78,93,116,149,149,49,63,63,63,184,184,205,226,53,74,89,132,157,170,221,221,22,22,22,66,66,66],"floor_reached":33,"playtime":1663,"items_purged":["Defend_R","Strike_R","Infernal Blade"],"score":336,"play_id":"b94d02c7-25f5-4fa1-8bf8-de65683108fe","local_time":"20210413201212","is_ascension_mode":true,"campfire_choices":[{"data":"Bash","floor":7,"key":"SMITH"},{"data":"Rampage","floor":11,"key":"SMITH"},{"data":"Headbutt","floor":15,"key":"SMITH"},{"floor":27,"key":"REST"},{"floor":32,"key":"REST"}],"neow_cost":"NONE","seed_source_timestamp":398269021671300,"circlet_count":0,"master_deck":["Strike_R","Strike_R","Strike_R","Defend_R","Defend_R","Defend_R","Bash+1","Burning Pact","Headbutt+1","Rampage+1","Rage+1","Disarm","Pommel Strike"],"relics":["Burning Blood","NeowsBlessing","Golden Idol","Pen Nib","Red Skull","Black Star","Frozen Egg 2","Kunai","Toy Ornithopter","TheAbacus","Toxic Egg 2","PreservedInsect"],"potions_floor_usage":[3,21,23,24,31,31,31,33],"damage_taken":[{"damage":0,"enemies":"2 Louse","floor":1,"turns":1},{"damage":0,"enemies":"Jaw Worm","floor":5,"turns":1},{"damage":0,"enemies":"Lagavulin","floor":6,"turns":1},{"damage":6,"enemies":"Cultist","floor":8,"turns":3},{"damage":31,"enemies":"3 Sentries","floor":10,"turns":6},{"damage":11,"enemies":"Exordium Wildlife","floor":13,"turns":4},{"damage":26,"enemies":"Hexaghost","floor":16,"turns":7},{"damage":40,"enemies":"3 Byrds","floor":18,"turns":7},{"damage":5,"enemies":"Spheric Guardian","floor":19,"turns":3},{"damage":22,"enemies":"Cultist and Chosen","floor":21,"turns":5},{"damage":2,"enemies":"3 Cultists","floor":22,"turns":4},{"damage":7,"enemies":"Gremlin Leader","floor":23,"turns":8},{"damage":31,"enemies":"Centurion and Healer","floor":24,"turns":7},{"damage":7,"enemies":"Chosen and Byrds","floor":25,"turns":6},{"damage":29,"enemies":"Slavers","floor":31,"turns":6},{"damage":77,"enemies":"Champ","floor":33,"turns":13}],"seed_played":"1947175373669915604","potions_obtained":[{"floor":3,"key":"Fruit Juice"},{"floor":5,"key":"SkillPotion"},{"floor":6,"key":"AttackPotion"},{"floor":13,"key":"ColorlessPotion"},{"floor":16,"key":"DuplicationPotion"},{"floor":21,"key":"Fire Potion"},{"floor":24,"key":"AttackPotion"},{"floor":25,"key":"Regen Potion"},{"floor":31,"key":"PowerPotion"}],"is_trial":false,"path_per_floor":["M","?","?","$","M","E","R","M","T","E","R","$","M","?","R","B",null,"M","M","$","M","M","E","M","M","T","R","$","$","?","E","R","B"],"character_chosen":"IRONCLAD","items_purchased":["Block Potion","Pommel Strike","TheAbacus"],"campfire_rested":2,"item_purchase_floors":[20,28,28],"current_hp_per_floor":[80,60,65,65,71,77,77,77,77,52,52,52,47,47,47,27,85,51,52,52,36,40,39,14,13,13,38,38,38,38,45,70,0],"gold":66,"neow_bonus":"THREE_ENEMY_KILL","is_prod":false,"is_daily":false,"chose_seed":false,"campfire_upgraded":3,"win_rate":0,"timestamp":1618359132,"path_taken":["M","?","?","$","?","E","R","M","T","E","R","$","M","?","R","BOSS","M","?","?","?","M","E","?","M","T","R","?","$","?","E","R","BOSS"],"build_version":"2020-12-22","purchased_purges":3,"victory":false,"max_hp_per_floor":[80,80,85,85,85,85,85,85,85,85,85,85,85,85,85,85,85,85,85,85,85,85,85,85,85,85,85,85,85,85,85,85,85],"card_choices":[{"not_picked":["Clash","Sever Soul"],"picked":"Burning Pact","floor":1},{"not_picked":["Second Wind","Perfected Strike"],"picked":"Headbutt","floor":5},{"not_picked":["True Grit","Power Through","Entrench"],"picked":"SKIP","floor":6},{"not_picked":["Clothesline","Warcry"],"picked":"Rampage","floor":8},{"not_picked":["Uppercut","Havoc","Second Wind"],"picked":"SKIP","floor":10},{"not_picked":["Intimidate","Searing Blow","Iron Wave"],"picked":"SKIP","floor":13},{"not_picked":["Heavy Blade","Body Slam"],"picked":"Infernal Blade","floor":18},{"not_picked":["Inflame","True Grit","Disarm"],"picked":"SKIP","floor":19},{"not_picked":["Entrench+1","Armaments","Second Wind"],"picked":"SKIP","floor":21},{"not_picked":["Spot Weakness","Cleave","Rage"],"picked":"SKIP","floor":22},{"not_picked":["Searing Blow","Brutality+1","Anger"],"picked":"SKIP","floor":23},{"not_picked":["Pommel Strike","Heavy Blade+1"],"picked":"Disarm","floor":24},{"not_picked":["Anger","Clash+1","Twin Strike"],"picked":"SKIP","floor":25},{"not_picked":["Searing Blow","Burning Pact+1","Sword Boomerang+1"],"picked":"SKIP","floor":31}],"player_experience":116992,"relics_obtained":[{"floor":6,"key":"Pen Nib"},{"floor":10,"key":"Red Skull"},{"floor":23,"key":"Frozen Egg 2"},{"floor":23,"key":"Kunai"},{"floor":26,"key":"Toy Ornithopter"},{"floor":31,"key":"Toxic Egg 2"},{"floor":31,"key":"PreservedInsect"}],"event_choices":[{"damage_healed":0,"gold_gain":0,"player_choice":"Take Damage","damage_taken":20,"relics_obtained":["Golden Idol"],"max_hp_gain":0,"max_hp_loss":0,"event_name":"Golden Idol","floor":2,"gold_loss":0},{"damage_healed":0,"gold_gain":0,"player_choice":"Bought 1 Potion","damage_taken":0,"max_hp_gain":0,"max_hp_loss":0,"event_name":"The Woman in Blue","floor":3,"gold_loss":0},{"damage_healed":0,"gold_gain":0,"cards_transformed":["Strike_R"],"player_choice":"Transformed","damage_taken":0,"max_hp_gain":0,"max_hp_loss":0,"event_name":"Transmorgrifier","floor":14,"gold_loss":0,"cards_obtained":["Rage"]},{"damage_healed":0,"gold_gain":0,"player_choice":"Upgraded","damage_taken":0,"max_hp_gain":0,"max_hp_loss":0,"event_name":"Upgrade Shrine","floor":30,"gold_loss":0,"cards_upgraded":["Rage"]}],"is_beta":false,"boss_relics":[{"not_picked":["Runic Cube","Runic Dome"],"picked":"Black Star"}],"items_purged_floors":[4,12,20],"is_endless":false,"potions_floor_spawned":[5,6,13,16,19,21,22,24,25,31],"killed_by":"Champ","ascension_level":1}