{"gold_per_floor":[111,111,33,45,220,248,248,258,282,308,319,394,394],"floor_reached":13,"playtime":623,"items_purged":[],"score":102,"play_id":"df4092ec-ed2d-4226-951b-127575e034dd","local_time":"20210415221253","is_ascension_mode":true,"campfire_choices":[{"data":"Metallicize","floor":7,"key":"SMITH"}],"neow_cost":"TEN_PERCENT_HP_LOSS","seed_source_timestamp":579348233724200,"circlet_count":0,"master_deck":["Strike_R","Strike_R","Strike_R","Strike_R","Strike_R","Defend_R","Defend_R","Defend_R","Defend_R","Bash","Juggernaut+1","Flame Barrier","Metallicize+1","Shrug It Off","Doubt","Warcry","Entrench","Armaments"],"relics":["Burning Blood","Bag of Preparation","Orichalcum","Mercury Hourglass"],"potions_floor_usage":[10],"damage_taken":[{"damage":11,"enemies":"Jaw Worm","floor":1,"turns":4},{"damage":2,"enemies":"2 Louse","floor":4,"turns":3},{"damage":19,"enemies":"Lagavulin","floor":6,"turns":6},{"damage":0,"enemies":"Small Slimes","floor":8,"turns":4},{"damage":15,"enemies":"3 Sentries","floor":10,"turns":11},{"damage":16,"enemies":"3 Louse","floor":11,"turns":3},{"damage":34,"enemies":"Gremlin Nob","floor":13,"turns":5}],"seed_played":"-4919426303351632044","potions_obtained":[{"floor":6,"key":"DuplicationPotion"},{"floor":11,"key":"LiquidMemories"}],"is_trial":false,"path_per_floor":["M","?","$","M","?","E","R","M","T","E","M","?","E"],"character_chosen":"IRONCLAD","items_purchased":["Metallicize"],"campfire_rested":0,"item_purchase_floors":[3],"current_hp_per_floor":[67,67,67,71,71,58,58,64,64,55,45,34,0],"gold":394,"neow_bonus":"THREE_RARE_CARDS","is_prod":false,"is_daily":false,"chose_seed":false,"campfire_upgraded":1,"win_rate":0,"timestamp":1618539173,"path_taken":["M","?","$","M","?","E","R","M","T","E","M","?","E"],"build_version":"2020-12-22","purchased_purges":0,"victory":false,"max_hp_per_floor":[72,72,72,72,72,72,72,72,72,72,72,72,72],"card_choices":[{"not_picked":["Impervious","Reaper"],"picked":"Juggernaut","floor":0},{"not_picked":["Pommel Strike","Pummel"],"picked":"Flame Barrier","floor":1},{"not_picked":["Wild Strike","Havoc"],"picked":"Shrug It Off","floor":4},{"not_picked":["Clash","Havoc"],"picked":"Warcry","floor":6},{"not_picked":["Iron Wave","Rage"],"picked":"Entrench","floor":8},{"not_picked":["Pommel Strike","Twin Strike","Sever Soul"],"picked":"SKIP","floor":10},{"not_picked":["Clothesline","Shockwave"],"picked":"Armaments","floor":11}],"player_experience":140159,"relics_obtained":[{"floor":6,"key":"Bag of Preparation"},{"floor":9,"key":"Orichalcum"},{"floor":10,"key":"Mercury Hourglass"}],"event_choices":[{"damage_healed":0,"gold_gain":0,"player_choice":"Grow","damage_taken":0,"max_hp_gain":0,"max_hp_loss":0,"event_name":"Living Wall","floor":2,"gold_loss":0,"cards_upgraded":["Juggernaut"]},{"damage_healed":0,"gold_gain":175,"player_choice":"AGREE","damage_taken":0,"max_hp_gain":0,"max_hp_loss":0,"event_name":"Liars Game","floor":5,"gold_loss":0,"cards_obtained":["Doubt"]},{"damage_healed":0,"gold_gain":75,"player_choice":"Gather Gold","damage_taken":11,"max_hp_gain":0,"max_hp_loss":0,"event_name":"World of Goop","floor":12,"gold_loss":0}],"is_beta":false,"boss_relics":[],"items_purged_floors":[],"is_endless":false,"potions_floor_spawned":[6,11],"killed_by":"Gremlin Nob","ascension_level":2}