{"gold_per_floor":[216,27,105,105,125,125,157,157,157,192,192,207,220,220,220,320,320,331,343,354,453,48,48],"floor_reached":23,"playtime":1004,"items_purged":["Strike_R"],"score":209,"play_id":"e037d474-dcae-44b3-9b2e-d0135a720065","local_time":"20210412204532","is_ascension_mode":true,"campfire_choices":[{"data":"Shrug It Off","floor":6,"key":"SMITH"},{"floor":8,"key":"REST"},{"floor":15,"key":"REST"}],"neow_cost":"NONE","seed_source_timestamp":314526702739900,"circlet_count":0,"master_deck":["Strike_R","Strike_R","Strike_R","Strike_R","Defend_R","Defend_R","Defend_R","Defend_R","Bash","Clash","Chrysalis","Shrug It Off+1","Twin Strike+1","Double Tap","Armaments","Demon Form","Metallicize+1","Apotheosis"],"relics":["Burning Blood","Lizard Tail","Sundial","SlaversCollar","Oddly Smooth Stone"],"potions_floor_usage":[20,23,23,23],"damage_taken":[{"damage":14,"enemies":"Small Slimes","floor":1,"turns":5},{"damage":3,"enemies":"Jaw Worm","floor":5,"turns":4},{"damage":59,"enemies":"3 Sentries","floor":7,"turns":14},{"damage":19,"enemies":"Lagavulin","floor":10,"turns":9},{"damage":0,"enemies":"2 Louse","floor":12,"turns":2},{"damage":14,"enemies":"Blue Slaver","floor":13,"turns":3},{"damage":16,"enemies":"Slime Boss","floor":16,"turns":12},{"damage":43,"enemies":"3 Byrds","floor":18,"turns":9},{"damage":39,"enemies":"Spheric Guardian","floor":19,"turns":6},{"damage":46,"enemies":"3 Cultists","floor":20,"turns":8},{"damage":23,"enemies":"Book of Stabbing","floor":23,"turns":6}],"seed_played":"5072497482975527231","potions_obtained":[{"floor":10,"key":"LiquidMemories"},{"floor":12,"key":"DistilledChaos"},{"floor":16,"key":"Swift Potion"},{"floor":20,"key":"Block Potion"}],"is_trial":false,"path_per_floor":["M","$","?","?","M","R","E","R","T","E","?","M","M","?","R","B",null,"M","M","M","?","$","E"],"character_chosen":"IRONCLAD","items_purchased":["Chrysalis","Apotheosis","Oddly Smooth Stone"],"campfire_rested":2,"item_purchase_floors":[2,22,22],"current_hp_per_floor":[72,72,72,77,80,80,27,52,52,39,39,45,37,37,62,52,85,48,15,22,22,22,0],"gold":48,"neow_bonus":"HUNDRED_GOLD","is_prod":false,"is_daily":false,"chose_seed":false,"campfire_upgraded":1,"win_rate":0,"timestamp":1618274732,"path_taken":["M","$","?","?","M","R","E","R","T","E","?","M","M","?","R","BOSS","M","M","M","?","$","E"],"build_version":"2020-12-22","purchased_purges":1,"victory":false,"max_hp_per_floor":[80,80,80,85,85,85,85,85,85,85,85,85,85,85,85,85,85,85,85,85,85,85,85],"card_choices":[{"not_picked":["Iron Wave","Wild Strike"],"picked":"Clash","floor":1},{"not_picked":["Pommel Strike","Body Slam"],"picked":"Shrug It Off","floor":5},{"not_picked":["Battle Trance","Hemokinesis"],"picked":"Twin Strike","floor":7},{"not_picked":["Flame Barrier","Pummel","Heavy Blade"],"picked":"SKIP","floor":10},{"not_picked":["Perfected Strike","Pommel Strike"],"picked":"Double Tap","floor":12},{"not_picked":["True Grit","Seeing Red"],"picked":"Armaments","floor":13},{"not_picked":["Berserk","Immolate"],"picked":"Demon Form","floor":16},{"not_picked":["Warcry","Body Slam","True Grit"],"picked":"SKIP","floor":18},{"not_picked":["Pommel Strike","True Grit","Thunderclap+1"],"picked":"SKIP","floor":19},{"not_picked":["Iron Wave","Havoc"],"picked":"Metallicize+1","floor":20}],"player_experience":113735,"relics_obtained":[{"floor":7,"key":"Lizard Tail"},{"floor":10,"key":"Sundial"}],"event_choices":[{"damage_healed":0,"gold_gain":78,"player_choice":"Gained Gold","damage_taken":0,"max_hp_gain":0,"max_hp_loss":0,"event_name":"Golden Wing","floor":3,"gold_loss":0},{"damage_healed":0,"gold_gain":0,"player_choice":"Donut","damage_taken":0,"max_hp_gain":5,"max_hp_loss":0,"event_name":"Big Fish","floor":4,"gold_loss":0},{"damage_healed":0,"gold_gain":0,"player_choice":"Grow","damage_taken":0,"max_hp_gain":0,"max_hp_loss":0,"event_name":"Living Wall","floor":11,"gold_loss":0,"cards_upgraded":["Twin Strike"]},{"damage_healed":0,"gold_gain":0,"player_choice":"Ignored","damage_taken":0,"max_hp_gain":0,"max_hp_loss":0,"event_name":"Liars Game","floor":14,"gold_loss":0},{"damage_healed":0,"gold_gain":99,"player_choice":"Stole From Cult","damage_taken":0,"max_hp_gain":0,"max_hp_loss":0,"event_name":"Nest","floor":21,"gold_loss":0}],"is_beta":false,"boss_relics":[{"not_picked":["Calling Bell","Empty Cage"],"picked":"SlaversCollar"}],"items_purged_floors":[22],"is_endless":false,"potions_floor_spawned":[10,12,16,19,20],"killed_by":"Book of Stabbing","ascension_level":1}