{"gold_per_floor":[109,124,135,135,135,170,193,228,228,228,262,362,362,382,382,501,501,522,522,572,585,258,258,258],"floor_reached":24,"playtime":1345,"items_purged":["Injury"],"score":235,"play_id":"06062b0e-2953-459b-bf4a-47fe899ef78c","local_time":"20210414235307","is_ascension_mode":true,"campfire_choices":[{"floor":10,"key":"REST"},{"data":"Metallicize","floor":13,"key":"SMITH"},{"data":"Rage","floor":15,"key":"SMITH"},{"data":"Bandage Up","floor":23,"key":"SMITH"}],"neow_cost":"NONE","seed_source_timestamp":498241287143400,"circlet_count":0,"master_deck":["Strike_R","Strike_R","Strike_R","Defend_R","Defend_R","Defend_R","Bash","Reaper","Rage+1","Sword Boomerang","Metallicize+1","Warcry","Cleave","Warcry","Spot Weakness","True Grit","Exhume","Armaments","Battle Trance","Bandage Up+1"],"relics":["Burning Blood","Golden Idol","Regal Pillow","Bottled Tornado","Gremlin Horn","Paper Frog","Empty Cage","Enchiridion","Toy Ornithopter"],"potions_floor_usage":[8,11,16,21],"damage_taken":[{"damage":4,"enemies":"2 Louse","floor":1,"turns":4},{"damage":3,"enemies":"Small Slimes","floor":2,"turns":4},{"damage":1,"enemies":"Cultist","floor":3,"turns":5},{"damage":38,"enemies":"3 Sentries","floor":6,"turns":14},{"damage":13,"enemies":"Exordium Wildlife","floor":7,"turns":5},{"damage":39,"enemies":"Lagavulin","floor":8,"turns":11},{"damage":26,"enemies":"Gremlin Nob","floor":11,"turns":4},{"damage":6,"enemies":"3 Louse","floor":14,"turns":3},{"damage":62,"enemies":"Hexaghost","floor":16,"turns":12},{"damage":43,"enemies":"3 Byrds","floor":18,"turns":7},{"damage":17,"enemies":"Shell Parasite","floor":21,"turns":8},{"damage":56,"enemies":"Snake Plant","floor":24,"turns":6}],"seed_played":"3498197284309933525","potions_obtained":[{"floor":2,"key":"Strength Potion"},{"floor":7,"key":"SpeedPotion"},{"floor":16,"key":"Fruit Juice"},{"floor":18,"key":"Swift Potion"}],"is_trial":false,"path_per_floor":["M","M","M","?","?","E","M","E","T","R","E","?","R","M","R","B",null,"M","?","?","M","$","R","M"],"character_chosen":"IRONCLAD","items_purchased":["Toy Ornithopter","Bandage Up"],"campfire_rested":1,"item_purchase_floors":[22,22],"current_hp_per_floor":[80,80,80,80,80,56,57,28,28,67,60,60,60,75,75,28,85,61,45,45,34,34,34,0],"gold":258,"neow_bonus":"ONE_RANDOM_RARE_CARD","is_prod":false,"is_daily":false,"chose_seed":false,"campfire_upgraded":3,"win_rate":0,"timestamp":1618458787,"path_taken":["M","M","M","?","?","E","M","E","T","R","E","?","R","?","R","BOSS","M","?","?","?","$","R","M"],"build_version":"2020-12-22","purchased_purges":1,"victory":false,"max_hp_per_floor":[80,80,80,80,80,80,80,80,80,80,80,80,80,80,80,85,85,85,85,85,85,85,85,85],"card_choices":[{"not_picked":["Body Slam","Shrug It Off"],"picked":"Rage","floor":1},{"not_picked":["Perfected Strike","Intimidate"],"picked":"Sword Boomerang","floor":2},{"not_picked":["Rupture","Headbutt"],"picked":"Metallicize","floor":3},{"not_picked":["Bludgeon","Disarm"],"picked":"Cleave","floor":6},{"not_picked":["Iron Wave","Anger"],"picked":"Warcry","floor":7},{"not_picked":["Perfected Strike","Clothesline"],"picked":"Spot Weakness","floor":8},{"not_picked":["Bloodletting","Juggernaut"],"picked":"True Grit","floor":11},{"not_picked":["Clash","Wild Strike","Warcry"],"picked":"SKIP","floor":14},{"not_picked":["Feed","Impervious"],"picked":"Exhume","floor":16},{"not_picked":["Intimidate","Perfected Strike"],"picked":"Armaments","floor":18},{"not_picked":["Whirlwind+1","Rupture"],"picked":"Battle Trance","floor":21}],"player_experience":130376,"relics_obtained":[{"floor":6,"key":"Regal Pillow"},{"floor":8,"key":"Bottled Tornado"},{"floor":9,"key":"Gremlin Horn"},{"floor":11,"key":"Paper Frog"},{"floor":19,"key":"Enchiridion"}],"event_choices":[{"damage_healed":0,"gold_gain":0,"cards_transformed":["Strike_R"],"player_choice":"Change","damage_taken":0,"max_hp_gain":0,"max_hp_loss":0,"event_name":"Living Wall","floor":4,"gold_loss":0,"cards_obtained":["Warcry"]},{"damage_healed":0,"gold_gain":0,"player_choice":"Take Wound","damage_taken":0,"relics_obtained":["Golden Idol"],"max_hp_gain":0,"max_hp_loss":0,"event_name":"Golden Idol","floor":5,"gold_loss":0,"cards_obtained":["Injury"]},{"damage_healed":0,"gold_gain":100,"player_choice":"Pray","damage_taken":0,"max_hp_gain":0,"max_hp_loss":0,"event_name":"Golden Shrine","floor":12,"gold_loss":0},{"damage_healed":0,"gold_gain":0,"player_choice":"Obtained Book","damage_taken":16,"max_hp_gain":0,"max_hp_loss":0,"event_name":"Cursed Tome","floor":19,"gold_loss":0},{"damage_healed":0,"gold_gain":100,"player_choice":"Bet on Murderer","damage_taken":0,"max_hp_gain":0,"max_hp_loss":0,"event_name":"The Joust","floor":20,"gold_loss":50}],"is_beta":false,"boss_relics":[{"not_picked":["Philosopher\u0027s Stone","Snecko Eye"],"picked":"Empty Cage"}],"items_purged_floors":[22],"is_endless":false,"potions_floor_spawned":[2,7,16,18],"killed_by":"Snake Plant","ascension_level":2}