{"gold_per_floor":[109,127,145,156,173,207,207,236,236,252,262,262,276,290,290,386,386,404,249,265,282,282,308,308,326,352,380,399,187,187,187,187,284,284,302,302,55,75,75,106,106,106],"floor_reached":42,"playtime":2500,"items_purged":["Strike_R","Clash"],"score":555,"play_id":"22065971-470b-4662-8496-527d0e34e968","local_time":"20210415220219","is_ascension_mode":true,"campfire_choices":[{"data":"Infernal Blade","floor":7.0,"key":"SMITH"},{"data":"Havoc","floor":12.0,"key":"SMITH"},{"data":"Infernal Blade","floor":15.0,"key":"SMITH"},{"data":"Exhume","floor":24.0,"key":"SMITH"},{"data":"Inflame","floor":30.0,"key":"SMITH"},{"data":"Seeing Red","floor":32.0,"key":"SMITH"},{"data":"Double Tap","floor":41,"key":"SMITH"}],"neow_cost":"NONE","seed_source_timestamp":0,"circlet_count":0,"master_deck":["Defend_R+1","Defend_R","Defend_R","Defend_R+1","Pommel Strike","Headbutt","Infernal Blade+1","Dual Wield","Rage","Twin Strike","True Grit","Clothesline","Havoc+1","Infernal Blade+1","Exhume+1","Reaper","Reaper+1","Sentinel+1","Corruption+1","Pummel+1","Dark Embrace+1","True Grit","Flex+1","Inflame+1","Disarm+1","Headbutt+1","Iron Wave+1","Havoc","Pommel Strike+1","Infernal Blade+1","Intimidate","Seeing Red+1","Disarm","Double Tap+1","Rage+1"],"special_seed":0,"relics":["Black Blood","InkBottle","Meat on the Bone","StoneCalendar","Astrolabe","Orrery","Ginger","Juzu Bracelet","Magic Flower","War Paint","Vajra"],"potions_floor_usage":[40],"damage_taken":[{"damage":7.0,"enemies":"2 Louse","floor":1.0,"turns":2.0},{"damage":12.0,"enemies":"Small Slimes","floor":2.0,"turns":3.0},{"damage":9.0,"enemies":"Jaw Worm","floor":3.0,"turns":3.0},{"damage":9.0,"enemies":"Red Slaver","floor":4.0,"turns":3.0},{"damage":6.0,"enemies":"Blue Slaver","floor":5.0,"turns":3.0},{"damage":39.0,"enemies":"3 Sentries","floor":6.0,"turns":8.0},{"damage":19.0,"enemies":"Gremlin Nob","floor":8.0,"turns":4.0},{"damage":0.0,"enemies":"2 Fungi Beasts","floor":10.0,"turns":3.0},{"damage":0.0,"enemies":"Large Slime","floor":11.0,"turns":5.0},{"damage":3.0,"enemies":"Red Slaver","floor":13.0,"turns":3.0},{"damage":2.0,"enemies":"Looter","floor":14.0,"turns":2.0},{"damage":18.0,"enemies":"Slime Boss","floor":16.0,"turns":7.0},{"damage":10.0,"enemies":"Spheric Guardian","floor":18.0,"turns":4.0},{"damage":26.0,"enemies":"Chosen","floor":20.0,"turns":6.0},{"damage":10.0,"enemies":"Snake Plant","floor":21.0,"turns":4.0},{"damage":24.0,"enemies":"Slavers","floor":23.0,"turns":3.0},{"damage":33.0,"enemies":"Centurion and Healer","floor":25.0,"turns":6.0},{"damage":67.0,"enemies":"Gremlin Leader","floor":27.0,"turns":7.0},{"damage":7.0,"enemies":"Cultist and Chosen","floor":28.0,"turns":4.0},{"damage":52.0,"enemies":"Champ","floor":33.0,"turns":11.0},{"damage":0,"enemies":"3 Shapes","floor":35,"turns":3},{"damage":6,"enemies":"Orb Walker","floor":38,"turns":4},{"damage":99,"enemies":"Reptomancer","floor":40,"turns":6},{"damage":107,"enemies":"Nemesis","floor":42,"turns":6}],"seed_played":"-2086094128097560060","potions_obtained":[{"floor":1.0,"key":"Strength Potion"},{"floor":2.0,"key":"Swift Potion"},{"floor":6.0,"key":"SneckoOil"},{"floor":8.0,"key":"SteroidPotion"},{"floor":10.0,"key":"Regen Potion"},{"floor":14.0,"key":"AttackPotion"},{"floor":16.0,"key":"Block Potion"},{"floor":18.0,"key":"Strength Potion"},{"floor":28.0,"key":"ElixirPotion"}],"is_trial":false,"path_per_floor":["M","M","M","M","M","E","R","E","T","M","M","R","M","M","R","B",null,"M","$","M","M","?","E","R","M","T","E","M","$","R","?","R","B",null,"M","?","$","M","$","E","R","E"],"character_chosen":"IRONCLAD","items_purchased":["Orrery","Intimidate","FairyPotion","War Paint"],"campfire_rested":0,"item_purchase_floors":[19,29,29,37],"current_hp_per_floor":[87,81,78,75,75,42,42,29,29,47,53,53,56,60,60,60,88,87,87,71,80,63,73,73,58,58,32,72,72,72,72,72,47,93,93,93,93,93,93,77,77,0],"gold":106,"neow_bonus":"TEN_PERCENT_HP_BONUS","is_prod":false,"is_daily":false,"chose_seed":false,"campfire_upgraded":7,"win_rate":0,"timestamp":1618538539,"path_taken":["M","M","M","M","M","E","R","E","T","M","M","R","M","M","R","BOSS","M","$","M","M","?","E","R","M","T","E","M","$","R","?","R","BOSS","M","?","$","M","$","E","R","E"],"build_version":"2020-12-22","purchased_purges":2,"victory":false,"max_hp_per_floor":[88,88,88,88,88,88,88,88,88,88,88,88,88,88,88,88,88,88,88,88,88,93,93,93,93,93,93,93,93,93,93,93,93,93,93,93,93,93,93,93,93,93],"card_choices":[{"not_picked":["Feel No Pain","Body Slam"],"picked":"Pommel Strike","floor":1.0},{"not_picked":["Flex","Cleave"],"picked":"Headbutt","floor":2.0},{"not_picked":["Seeing Red","Twin Strike"],"picked":"Infernal Blade","floor":3.0},{"not_picked":["Sever Soul","Sentinel"],"picked":"Dual Wield","floor":4.0},{"not_picked":["Headbutt","Evolve"],"picked":"Rage","floor":5.0},{"not_picked":["Thunderclap","Dual Wield"],"picked":"Twin Strike","floor":6.0},{"not_picked":["Rupture","Clash"],"picked":"True Grit","floor":8.0},{"not_picked":["Rampage","Pommel Strike"],"picked":"Clothesline","floor":10.0},{"not_picked":["Body Slam","Whirlwind"],"picked":"Havoc","floor":11.0},{"not_picked":["Clash","Armaments"],"picked":"Infernal Blade","floor":13.0},{"not_picked":["Feel No Pain","Dual Wield"],"picked":"Exhume","floor":14.0},{"not_picked":["Juggernaut","Offering"],"picked":"Reaper","floor":16.0},{"not_picked":["Twin Strike","True Grit"],"picked":"Pummel+1","floor":18.0},{"not_picked":["Shrug It Off","Havoc+1"],"picked":"Dark Embrace+1","floor":19.0},{"not_picked":["Armaments","Shrug It Off+1"],"picked":"True Grit","floor":19.0},{"not_picked":["True Grit","Shrug It Off"],"picked":"Flex+1","floor":19.0},{"not_picked":["Hemokinesis+1","Anger"],"picked":"Inflame","floor":19.0},{"not_picked":["Rupture+1","Combust+1"],"picked":"Clash","floor":19.0},{"not_picked":["Pommel Strike","Rage"],"picked":"Disarm+1","floor":20.0},{"not_picked":["Brutality","True Grit"],"picked":"Headbutt+1","floor":21.0},{"not_picked":["Carnage+1","Entrench+1"],"picked":"Iron Wave+1","floor":23.0},{"not_picked":["Reckless Charge+1","Heavy Blade"],"picked":"Havoc","floor":25.0},{"not_picked":["Ghostly Armor","Searing Blow+1"],"picked":"Pommel Strike+1","floor":27.0},{"not_picked":["Shrug It Off","Ghostly Armor"],"picked":"Infernal Blade+1","floor":28.0},{"not_picked":["Berserk","Bludgeon"],"picked":"Double Tap","floor":33.0},{"not_picked":["Anger","Iron Wave+1"],"picked":"Rage+1","floor":35},{"not_picked":["Shrug It Off","Wild Strike+1","Havoc+1"],"picked":"SKIP","floor":38},{"not_picked":["Pommel Strike","Corruption","Armaments+1"],"picked":"SKIP","floor":40}],"player_experience":137659,"relics_obtained":[{"floor":6.0,"key":"InkBottle"},{"floor":8.0,"key":"Meat on the Bone"},{"floor":9.0,"key":"StoneCalendar"},{"floor":23.0,"key":"Ginger"},{"floor":26.0,"key":"Juzu Bracelet"},{"floor":27.0,"key":"Magic Flower"},{"floor":40,"key":"Vajra"}],"event_choices":[{"damage_healed":0.0,"max_hp_gain":5.0,"max_hp_loss":0.0,"gold_gain":0.0,"event_name":"Forgotten Altar","player_choice":"Shed Blood","floor":22.0,"gold_loss":0.0,"damage_taken":22.0},{"damage_healed":0.0,"max_hp_gain":0.0,"max_hp_loss":0.0,"gold_gain":0.0,"cards_transformed":["Bash","Strike_R"],"event_name":"Drug Dealer","player_choice":"Became Test Subject","floor":31.0,"gold_loss":0.0,"damage_taken":0.0,"cards_obtained":["Seeing Red","Disarm"]},{"damage_healed":0,"gold_gain":0,"player_choice":"Ignored","damage_taken":0,"max_hp_gain":0,"max_hp_loss":0,"event_name":"Tomb of Lord Red Mask","floor":36,"gold_loss":0}],"is_beta":false,"boss_relics":[{"not_picked":["Snecko Eye","Coffee Dripper"],"picked":"Astrolabe"},{"not_picked":["Mark of Pain","Fusion Hammer"],"picked":"Black Blood"}],"items_purged_floors":[29,37],"is_endless":false,"potions_floor_spawned":[1,2,6,8,10,14,16,18,21,28],"killed_by":"Nemesis","ascension_level":2}