{"gold_per_floor":[112,124,136,136,149,149,181,194,244,244,258,278,97,107,107,206,206,222,222],"floor_reached":19,"playtime":900,"items_purged":["Strike_R"],"score":190,"play_id":"9886ec14-5416-4066-90f4-7e99328a1224","local_time":"20210414225938","is_ascension_mode":true,"campfire_choices":[{"data":"Inflame","floor":6,"key":"SMITH"},{"data":"Flex","floor":10,"key":"SMITH"},{"data":"Battle Trance","floor":15,"key":"SMITH"}],"neow_cost":"NONE","seed_source_timestamp":495476831743600,"circlet_count":0,"master_deck":["Strike_R","Strike_R","Strike_R","Strike_R","Defend_R","Defend_R","Defend_R","Defend_R","Bash","Uppercut","Inflame+1","Flex+1","Iron Wave","Shrug It Off","Pommel Strike","Limit Break","Battle Trance+1","Power Through","Double Tap","Evolve+1"],"relics":["Burning Blood","GremlinMask","InkBottle","Happy Flower","Membership Card","Black Star"],"potions_floor_usage":[5,7,8,8,16,16,19],"damage_taken":[{"damage":13,"enemies":"Jaw Worm","floor":1,"turns":5},{"damage":4,"enemies":"Cultist","floor":2,"turns":3},{"damage":7,"enemies":"2 Louse","floor":3,"turns":3},{"damage":28,"enemies":"Lots of Slimes","floor":5,"turns":8},{"damage":20,"enemies":"Gremlin Nob","floor":7,"turns":4},{"damage":11,"enemies":"Exordium Wildlife","floor":8,"turns":6},{"damage":0,"enemies":"Large Slime","floor":11,"turns":4},{"damage":14,"enemies":"Looter","floor":12,"turns":3},{"damage":8,"enemies":"Exordium Thugs","floor":14,"turns":5},{"damage":15,"enemies":"Hexaghost","floor":16,"turns":6},{"damage":49,"enemies":"Spheric Guardian","floor":18,"turns":6},{"damage":45,"enemies":"3 Byrds","floor":19,"turns":3}],"seed_played":"3410955994317839841","potions_obtained":[{"floor":1,"key":"Block Potion"},{"floor":3,"key":"ColorlessPotion"},{"floor":7,"key":"EntropicBrew"},{"floor":8,"key":"Energy Potion"},{"floor":16,"key":"SpeedPotion"}],"is_trial":false,"path_per_floor":["M","M","M","?","M","R","E","M","T","R","M","M","$","M","R","B",null,"M","M"],"character_chosen":"IRONCLAD","items_purchased":["Membership Card"],"campfire_rested":0,"item_purchase_floors":[13],"current_hp_per_floor":[81,83,82,82,60,60,46,41,41,41,47,39,39,37,37,28,88,45,0],"gold":222,"neow_bonus":"TEN_PERCENT_HP_BONUS","is_prod":false,"is_daily":false,"chose_seed":false,"campfire_upgraded":3,"win_rate":0,"timestamp":1618455578,"path_taken":["M","M","M","?","M","R","E","M","T","R","M","M","$","M","R","BOSS","M","M"],"build_version":"2020-12-22","purchased_purges":1,"victory":false,"max_hp_per_floor":[88,88,88,88,88,88,88,88,88,88,88,88,88,88,88,88,88,88,88],"card_choices":[{"not_picked":["Fire Breathing","Armaments"],"picked":"Uppercut","floor":1},{"not_picked":["Warcry","Intimidate"],"picked":"Inflame","floor":2},{"not_picked":["Perfected Strike","Headbutt"],"picked":"Flex","floor":3},{"not_picked":["Armaments","Carnage"],"picked":"Iron Wave","floor":5},{"not_picked":["Reckless Charge","Barricade"],"picked":"Shrug It Off","floor":7},{"not_picked":["Clothesline","Perfected Strike"],"picked":"Pommel Strike","floor":8},{"not_picked":["Hemokinesis","Body Slam"],"picked":"Limit Break","floor":11},{"not_picked":["Wild Strike","Carnage"],"picked":"Battle Trance","floor":12},{"not_picked":["Shrug It Off","True Grit"],"picked":"Power Through","floor":14},{"not_picked":["Barricade","Fiend Fire"],"picked":"Double Tap","floor":16},{"not_picked":["Armaments","Combust"],"picked":"Evolve+1","floor":18}],"player_experience":127643,"relics_obtained":[{"floor":7,"key":"InkBottle"},{"floor":9,"key":"Happy Flower"}],"event_choices":[{"damage_healed":0,"gold_gain":0,"player_choice":"Trade","damage_taken":0,"relics_obtained":["GremlinMask"],"max_hp_gain":0,"max_hp_loss":0,"event_name":"FaceTrader","floor":4,"gold_loss":0}],"is_beta":false,"boss_relics":[{"not_picked":["Tiny House","Sozu"],"picked":"Black Star"}],"items_purged_floors":[13],"is_endless":false,"potions_floor_spawned":[1,3,7,8,16],"killed_by":"3 Byrds","ascension_level":2}