{"gold_per_floor":[215,230,242,242,254,289,304,304,304,304,304],"floor_reached":11,"playtime":373,"items_purged":[],"score":83,"play_id":"d4aaddf9-b73f-4e46-957e-d7e87cc0c177","local_time":"20210415021541","is_ascension_mode":true,"campfire_choices":[{"data":"Rage","floor":8,"key":"SMITH"},{"data":"Uppercut","floor":10,"key":"SMITH"}],"neow_cost":"NONE","seed_source_timestamp":507767238604700,"circlet_count":0,"master_deck":["Strike_R","Strike_R","Strike_R","Strike_R","Strike_R","Defend_R","Defend_R","Defend_R","Defend_R","Bash","Pommel Strike","Warcry","Uppercut+1","Impervious","Rage+1","Clash"],"relics":["Burning Blood","Peace Pipe","Red Skull","MealTicket"],"potions_floor_usage":[6,11],"damage_taken":[{"damage":5,"enemies":"Small Slimes","floor":1,"turns":3},{"damage":6,"enemies":"Cultist","floor":2,"turns":3},{"damage":5,"enemies":"2 Louse","floor":3,"turns":3},{"damage":12,"enemies":"Blue Slaver","floor":5,"turns":5},{"damage":31,"enemies":"Gremlin Nob","floor":6,"turns":5},{"damage":8,"enemies":"Looter","floor":7,"turns":3},{"damage":35,"enemies":"Lagavulin","floor":11,"turns":8}],"seed_played":"-2216966945795569438","potions_obtained":[{"floor":1,"key":"SneckoOil"},{"floor":2,"key":"PowerPotion"},{"floor":6,"key":"Fruit Juice"}],"is_trial":false,"path_per_floor":["M","M","M","?","M","E","M","R","T","R","E"],"character_chosen":"IRONCLAD","items_purchased":[],"campfire_rested":0,"item_purchase_floors":[],"current_hp_per_floor":[80,80,80,80,74,54,52,52,52,52,17],"gold":304,"neow_bonus":"HUNDRED_GOLD","is_prod":false,"is_daily":false,"chose_seed":false,"campfire_upgraded":2,"win_rate":0,"timestamp":1618467341,"path_taken":["M","M","M","?","M","E","M","R","T","R","E"],"build_version":"2020-12-22","purchased_purges":0,"victory":false,"max_hp_per_floor":[80,80,80,80,80,85,85,85,85,85,85],"card_choices":[{"not_picked":["Dark Embrace","Pummel"],"picked":"Pommel Strike","floor":1},{"not_picked":["Reckless Charge","Sword Boomerang"],"picked":"Warcry","floor":2},{"not_picked":["Burning Pact","Warcry"],"picked":"Uppercut","floor":3},{"not_picked":["Second Wind","Anger"],"picked":"Impervious","floor":5},{"not_picked":["Pummel","Pommel Strike"],"picked":"Rage","floor":6},{"not_picked":["Power Through","Fire Breathing"],"picked":"Clash","floor":7}],"player_experience":137286,"relics_obtained":[{"floor":6,"key":"Red Skull"},{"floor":9,"key":"MealTicket"}],"event_choices":[{"damage_healed":0,"gold_gain":0,"player_choice":"Gave Potion","damage_taken":0,"relics_obtained":["Peace Pipe"],"max_hp_gain":0,"max_hp_loss":0,"event_name":"WeMeetAgain","floor":4,"gold_loss":0}],"is_beta":false,"boss_relics":[],"items_purged_floors":[],"is_endless":false,"potions_floor_spawned":[1,2,6],"killed_by":"Lagavulin","ascension_level":2}