{"gold_per_floor":[111,111,130,62,78,78,103,118,191,223,238,264,154,174,174,275,275,286,297,307,307],"floor_reached":21,"playtime":960,"items_purged":["Sword Boomerang"],"score":223,"play_id":"20662e62-3fe9-4aaf-bb75-7fc3ab8939f0","local_time":"20210415012848","is_ascension_mode":true,"campfire_choices":[{"data":"Perfected Strike","floor":6,"key":"SMITH"},{"data":"Searing Blow","floor":15,"key":"SMITH"}],"neow_cost":"NONE","seed_source_timestamp":504366498196200,"circlet_count":0,"master_deck":["Strike_R","Strike_R","Strike_R","Strike_R","Strike_R","Defend_R","Defend_R","Defend_R","Defend_R","Bash","Perfected Strike+1","Shockwave","Flame Barrier","Shrug It Off","Uppercut","Pommel Strike","Twin Strike","Battle Trance","Searing Blow+1","Demon Form","Spot Weakness","Headbutt","Flex"],"relics":["Burning Blood","StoneCalendar","Blue Candle","Orichalcum","Omamori"],"potions_floor_usage":[8,10,20,21],"damage_taken":[{"damage":7,"enemies":"Small Slimes","floor":1,"turns":4},{"damage":1,"enemies":"Cultist","floor":3,"turns":3},{"damage":7,"enemies":"Jaw Worm","floor":5,"turns":2},{"damage":25,"enemies":"Lagavulin","floor":7,"turns":8},{"damage":15,"enemies":"Gremlin Gang","floor":8,"turns":4},{"damage":4,"enemies":"Gremlin Nob","floor":10,"turns":3},{"damage":2,"enemies":"3 Louse","floor":11,"turns":3},{"damage":8,"enemies":"Lagavulin","floor":12,"turns":5},{"damage":4,"enemies":"Exordium Wildlife","floor":14,"turns":4},{"damage":44,"enemies":"Hexaghost","floor":16,"turns":11},{"damage":31,"enemies":"2 Thieves","floor":18,"turns":5},{"damage":10,"enemies":"Chosen","floor":19,"turns":5},{"damage":17,"enemies":"Snecko","floor":20,"turns":4},{"damage":65,"enemies":"Shelled Parasite and Fungi","floor":21,"turns":6}],"seed_played":"6176404885771704773","potions_obtained":[{"floor":2,"key":"Swift Potion"},{"floor":2,"key":"Explosive Potion"},{"floor":2,"key":"BloodPotion"},{"floor":8,"key":"ElixirPotion"},{"floor":10,"key":"BloodPotion"},{"floor":19,"key":"ColorlessPotion"}],"is_trial":false,"path_per_floor":["M","?","M","$","M","R","E","M","T","E","M","E","$","M","R","B",null,"M","M","M","M"],"character_chosen":"IRONCLAD","items_purchased":["Shockwave","Searing Blow"],"campfire_rested":0,"item_purchase_floors":[4,13],"current_hp_per_floor":[87,87,88,88,87,87,68,59,59,78,82,80,80,82,82,44,88,63,59,65,0],"gold":307,"neow_bonus":"TEN_PERCENT_HP_BONUS","is_prod":false,"is_daily":false,"chose_seed":false,"campfire_upgraded":2,"win_rate":0,"timestamp":1618464528,"path_taken":["M","?","M","$","M","R","E","?","T","E","M","E","$","M","R","BOSS","M","M","M","M"],"build_version":"2020-12-22","purchased_purges":1,"victory":false,"max_hp_per_floor":[88,88,88,88,88,88,88,88,88,88,88,88,88,88,88,88,88,88,88,88,88],"card_choices":[{"not_picked":["Sentinel","Second Wind"],"picked":"Sword Boomerang","floor":1},{"not_picked":["Entrench","Body Slam"],"picked":"Perfected Strike","floor":3},{"not_picked":["Heavy Blade","Carnage"],"picked":"Flame Barrier","floor":5},{"not_picked":["Reckless Charge","Heavy Blade"],"picked":"Shrug It Off","floor":7},{"not_picked":["Clothesline","Pummel"],"picked":"Uppercut","floor":8},{"not_picked":["Twin Strike","Sword Boomerang"],"picked":"Pommel Strike","floor":10},{"not_picked":["Clash","Heavy Blade"],"picked":"Twin Strike","floor":11},{"not_picked":["Burning Pact","Wild Strike"],"picked":"Battle Trance","floor":12},{"not_picked":["Thunderclap","Pummel","Havoc"],"picked":"SKIP","floor":14},{"not_picked":["Offering","Limit Break"],"picked":"Demon Form","floor":16},{"not_picked":["Sword Boomerang","Shockwave"],"picked":"Spot Weakness","floor":18},{"not_picked":["Flex","Whirlwind+1"],"picked":"Headbutt","floor":19},{"not_picked":["True Grit","Blood for Blood"],"picked":"Flex","floor":20}],"player_experience":136326,"relics_obtained":[{"floor":7,"key":"StoneCalendar"},{"floor":9,"key":"Blue Candle"},{"floor":10,"key":"Orichalcum"},{"floor":12,"key":"Omamori"}],"event_choices":[{"damage_healed":0,"gold_gain":0,"player_choice":"Got Potions","damage_taken":0,"max_hp_gain":0,"max_hp_loss":0,"event_name":"Lab","floor":2,"gold_loss":0}],"is_beta":false,"boss_relics":[{"not_picked":["Runic Cube","Sozu","Snecko Eye"]}],"items_purged_floors":[13],"is_endless":false,"potions_floor_spawned":[3,8,10,19],"killed_by":"Shelled Parasite and Fungi","ascension_level":2}