{"gold_per_floor":[110,185,185,212,235,274,274,313,393,393,393,393],"floor_reached":12,"playtime":282,"items_purged":[],"score":120,"play_id":"28e96485-b68f-44a7-be2e-04002ab5dd2a","local_time":"20210414222949","is_ascension_mode":true,"campfire_choices":[{"data":"Rampage","floor":7,"key":"SMITH"},{"data":"Strike_R","floor":11,"key":"PURGE"}],"neow_cost":"NONE","seed_source_timestamp":494307227943900,"circlet_count":0,"master_deck":["Strike_R","Strike_R","Strike_R","Strike_R","Defend_R","Defend_R","Defend_R","Defend_R","Bash","Rampage+1","Injury","Warcry","Burning Pact","Thunderclap"],"relics":["Burning Blood","NeowsBlessing","Golden Idol","Smiling Mask","Orichalcum","Peace Pipe","Ornamental Fan"],"potions_floor_usage":[12],"damage_taken":[{"damage":0,"enemies":"Small Slimes","floor":1,"turns":1},{"damage":0,"enemies":"Jaw Worm","floor":5,"turns":1},{"damage":0,"enemies":"Lagavulin","floor":6,"turns":2},{"damage":43,"enemies":"3 Sentries","floor":8,"turns":11},{"damage":64,"enemies":"Gremlin Nob","floor":12,"turns":4}],"seed_played":"-7967125990310119436","potions_obtained":[{"floor":5,"key":"BlessingOfTheForge"},{"floor":10,"key":"SneckoOil"},{"floor":10,"key":"DuplicationPotion"}],"is_trial":false,"path_per_floor":["M","?","?","T","M","E","R","E","T","?","R","E"],"character_chosen":"IRONCLAD","items_purchased":[],"campfire_rested":0,"item_purchase_floors":[],"current_hp_per_floor":[80,69,69,69,75,80,80,43,43,43,43,0],"gold":393,"neow_bonus":"THREE_ENEMY_KILL","is_prod":false,"is_daily":false,"chose_seed":false,"campfire_upgraded":1,"win_rate":0,"timestamp":1618453789,"path_taken":["M","?","?","?","M","E","R","E","T","?","R","E"],"build_version":"2020-12-22","purchased_purges":0,"victory":false,"max_hp_per_floor":[80,80,80,80,80,80,80,80,80,80,80,80],"card_choices":[{"not_picked":["Clash","Clothesline"],"picked":"Rampage","floor":1},{"not_picked":["Cleave","True Grit"],"picked":"Warcry","floor":5},{"not_picked":["Warcry","Thunderclap"],"picked":"Burning Pact","floor":6},{"not_picked":["Twin Strike","Combust"],"picked":"Thunderclap","floor":8}],"player_experience":126601,"relics_obtained":[{"floor":4,"key":"Smiling Mask"},{"floor":6,"key":"Orichalcum"},{"floor":8,"key":"Peace Pipe"},{"floor":9,"key":"Ornamental Fan"}],"event_choices":[{"damage_healed":0,"gold_gain":75,"player_choice":"Gather Gold","damage_taken":11,"max_hp_gain":0,"max_hp_loss":0,"event_name":"World of Goop","floor":2,"gold_loss":0},{"damage_healed":0,"gold_gain":0,"player_choice":"Take Wound","damage_taken":0,"relics_obtained":["Golden Idol"],"max_hp_gain":0,"max_hp_loss":0,"event_name":"Golden Idol","floor":3,"gold_loss":0,"cards_obtained":["Injury"]},{"damage_healed":0,"gold_gain":0,"player_choice":"Got Potions","damage_taken":0,"max_hp_gain":0,"max_hp_loss":0,"event_name":"Lab","floor":10,"gold_loss":0}],"is_beta":false,"boss_relics":[],"items_purged_floors":[],"is_endless":false,"potions_floor_spawned":[5],"killed_by":"Gremlin Nob","ascension_level":2}