{"gold_per_floor":[114,74,86,101,116,146,221,221,221,234,249,249,249,264,264,264],"floor_reached":16,"playtime":638,"items_purged":[],"score":114,"play_id":"f8374b42-f8d9-450c-baf3-fee418cc7fcf","local_time":"20210414224428","is_ascension_mode":true,"campfire_choices":[{"floor":8,"key":"REST"},{"floor":13,"key":"REST"},{"data":"Armaments","floor":15,"key":"SMITH"}],"neow_cost":"NONE","seed_source_timestamp":494829704161200,"circlet_count":0,"master_deck":["Strike_R","Strike_R","Strike_R","Strike_R","Strike_R","Defend_R","Defend_R","Defend_R","Defend_R","Bash","Seeing Red","Havoc","Warcry","Armaments+1","Flex","Intimidate"],"relics":["Burning Blood","Sundial","Pantograph","Singing Bowl"],"potions_floor_usage":[3,6,6,6,6,10,10,11,14],"damage_taken":[{"damage":15,"enemies":"Jaw Worm","floor":1,"turns":5},{"damage":1,"enemies":"Cultist","floor":3,"turns":3},{"damage":4,"enemies":"2 Louse","floor":4,"turns":2},{"damage":11,"enemies":"Looter","floor":5,"turns":4},{"damage":42,"enemies":"Gremlin Nob","floor":6,"turns":5},{"damage":25,"enemies":"Exordium Thugs","floor":10,"turns":7},{"damage":25,"enemies":"Lots of Slimes","floor":11,"turns":7},{"damage":17,"enemies":"2 Fungi Beasts","floor":14,"turns":5},{"damage":83,"enemies":"Hexaghost","floor":16,"turns":12}],"seed_played":"3084113807716838004","potions_obtained":[{"floor":1,"key":"Energy Potion"},{"floor":2,"key":"Energy Potion"},{"floor":2,"key":"SteroidPotion"},{"floor":2,"key":"EntropicBrew"},{"floor":4,"key":"Energy Potion"},{"floor":10,"key":"EssenceOfSteel"},{"floor":11,"key":"Regen Potion"},{"floor":14,"key":"BlessingOfTheForge"}],"is_trial":false,"path_per_floor":["M","?","M","M","M","E","?","R","T","M","M","?","R","M","R","B"],"character_chosen":"IRONCLAD","items_purchased":[],"campfire_rested":2,"item_purchase_floors":[],"current_hp_per_floor":[79,79,84,86,81,45,34,60,60,41,22,22,48,51,51,0],"gold":264,"neow_bonus":"TEN_PERCENT_HP_BONUS","is_prod":false,"is_daily":false,"chose_seed":false,"campfire_upgraded":1,"win_rate":0,"timestamp":1618454668,"path_taken":["M","?","M","M","?","E","?","R","T","M","M","?","R","?","R","BOSS"],"build_version":"2020-12-22","purchased_purges":0,"victory":false,"max_hp_per_floor":[88,88,88,88,88,88,88,88,88,88,88,88,88,88,88,88],"card_choices":[{"not_picked":["True Grit","Evolve"],"picked":"Seeing Red","floor":1},{"not_picked":["Body Slam","Twin Strike"],"picked":"Havoc","floor":3},{"not_picked":["Dropkick","Power Through"],"picked":"Warcry","floor":4},{"not_picked":["Heavy Blade","Power Through"],"picked":"Armaments","floor":5},{"not_picked":["Dual Wield","Metallicize","Whirlwind"],"picked":"SKIP","floor":6},{"not_picked":["Twin Strike","Iron Wave"],"picked":"Bludgeon","floor":10},{"not_picked":["Perfected Strike","Shockwave"],"picked":"Flex","floor":11},{"not_picked":["Iron Wave","Rampage"],"picked":"Intimidate","floor":14}],"player_experience":127005,"relics_obtained":[{"floor":6,"key":"Sundial"},{"floor":9,"key":"Pantograph"}],"event_choices":[{"damage_healed":0,"gold_gain":0,"player_choice":"Bought 3 Potions","damage_taken":0,"max_hp_gain":0,"max_hp_loss":0,"event_name":"The Woman in Blue","floor":2,"gold_loss":0},{"damage_healed":0,"gold_gain":75,"player_choice":"Gather Gold","damage_taken":11,"max_hp_gain":0,"max_hp_loss":0,"event_name":"World of Goop","floor":7,"gold_loss":0},{"cards_removed":["Bludgeon"],"damage_healed":0,"gold_gain":0,"player_choice":"Gave Card","damage_taken":0,"relics_obtained":["Singing Bowl"],"max_hp_gain":0,"max_hp_loss":0,"event_name":"WeMeetAgain","floor":12,"gold_loss":0}],"is_beta":false,"boss_relics":[],"items_purged_floors":[],"is_endless":false,"potions_floor_spawned":[1,4,10,11,14],"killed_by":"Hexaghost","ascension_level":2}