{"gold_per_floor":[110,124,124,138,138,171,171,206,229,243,255,255,274,274,274,274],"floor_reached":16,"playtime":446,"items_purged":[],"score":123,"play_id":"7b85c1e9-1d2c-43d1-b162-8a74375662b0","local_time":"20210415004455","is_ascension_mode":true,"campfire_choices":[{"data":"Infernal Blade","floor":7,"key":"SMITH"},{"floor":15,"key":"REST"}],"neow_cost":"TEN_PERCENT_HP_LOSS","seed_source_timestamp":502248626610000,"circlet_count":0,"master_deck":["Strike_R","Strike_R","Strike_R","Strike_R","Defend_R","Defend_R","Defend_R","Flex","Pommel Strike","Infernal Blade+1","Cleave","Cleave","Evolve","Spot Weakness","Inflame"],"relics":["Burning Blood","Tiny Chest","Pen Nib","Vajra","Golden Idol"],"potions_floor_usage":[6,10,14],"damage_taken":[{"damage":7,"enemies":"Jaw Worm","floor":1,"turns":3},{"damage":1,"enemies":"Cultist","floor":2,"turns":3},{"damage":7,"enemies":"Small Slimes","floor":4,"turns":3},{"damage":39,"enemies":"Lagavulin","floor":6,"turns":8},{"damage":24,"enemies":"3 Sentries","floor":8,"turns":6},{"damage":13,"enemies":"Blue Slaver","floor":10,"turns":2},{"damage":12,"enemies":"Large Slime","floor":11,"turns":3},{"damage":14,"enemies":"Exordium Thugs","floor":13,"turns":4},{"damage":0,"enemies":"The Mushroom Lair","floor":14,"turns":1},{"damage":61,"enemies":"Hexaghost","floor":16,"turns":9}],"seed_played":"-1309879863415386737","potions_obtained":[{"floor":1,"key":"Regen Potion"},{"floor":2,"key":"BloodPotion"},{"floor":10,"key":"SmokeBomb"}],"is_trial":false,"path_per_floor":["M","M","?","M","?","E","R","E","T","M","M","?","M","?","R","B"],"character_chosen":"IRONCLAD","items_purchased":[],"campfire_rested":1,"item_purchase_floors":[],"current_hp_per_floor":[71,72,77,76,76,57,57,39,39,47,41,41,33,39,60,0],"gold":274,"neow_bonus":"REMOVE_TWO","is_prod":false,"is_daily":false,"chose_seed":false,"campfire_upgraded":1,"win_rate":0,"timestamp":1618461895,"path_taken":["M","M","?","M","?","E","R","E","T","M","?","?","M","?","R","BOSS"],"build_version":"2020-12-22","purchased_purges":0,"victory":false,"max_hp_per_floor":[72,72,77,77,77,77,77,77,77,77,77,71,71,71,71,71],"card_choices":[{"not_picked":["Power Through","Hemokinesis"],"picked":"Flex","floor":1},{"not_picked":["Shrug It Off","Clothesline"],"picked":"Pommel Strike","floor":2},{"not_picked":["Iron Wave","Double Tap"],"picked":"Infernal Blade","floor":4},{"not_picked":["Shrug It Off","Twin Strike"],"picked":"Cleave","floor":6},{"not_picked":["Iron Wave","Pommel Strike"],"picked":"Cleave","floor":8},{"not_picked":["Twin Strike","Warcry"],"picked":"Evolve","floor":10},{"not_picked":["Rampage","Sentinel"],"picked":"Spot Weakness","floor":11},{"not_picked":["Power Through","Flex"],"picked":"Inflame","floor":13}],"player_experience":134346,"relics_obtained":[{"floor":6,"key":"Tiny Chest"},{"floor":8,"key":"Pen Nib"},{"floor":9,"key":"Vajra"}],"event_choices":[{"damage_healed":0,"gold_gain":0,"player_choice":"Donut","damage_taken":0,"max_hp_gain":5,"max_hp_loss":0,"event_name":"Big Fish","floor":3,"gold_loss":0},{"cards_removed":["Bash"],"damage_healed":0,"gold_gain":0,"player_choice":"Offered Basic","damage_taken":0,"max_hp_gain":0,"max_hp_loss":0,"event_name":"Bonfire Elementals","floor":5,"gold_loss":0},{"damage_healed":0,"gold_gain":0,"player_choice":"Lose Max HP","damage_taken":0,"relics_obtained":["Golden Idol"],"max_hp_gain":0,"max_hp_loss":6,"event_name":"Golden Idol","floor":12,"gold_loss":0},{"damage_healed":0,"gold_gain":0,"player_choice":"Fought Mushrooms","damage_taken":0,"max_hp_gain":0,"max_hp_loss":0,"event_name":"Mushrooms","floor":14,"gold_loss":0}],"is_beta":false,"boss_relics":[],"items_purged_floors":[],"is_endless":false,"potions_floor_spawned":[1,2,10],"killed_by":"Hexaghost","ascension_level":2}