{"gold_per_floor":[112,124,138,138,138,171,171,197,197,197,207,3,3,22,22,117,117,83,93,93,105,105],"floor_reached":22,"playtime":1590,"items_purged":["Strike_R"],"score":225,"play_id":"732d214e-885d-46aa-ab81-a166a5dfffe5","local_time":"20210417223802","is_ascension_mode":true,"campfire_choices":[{"floor":7,"key":"REST"},{"floor":13,"key":"REST"},{"data":"Flame Barrier","floor":15,"key":"SMITH"}],"neow_cost":"NONE","seed_source_timestamp":752690655652400,"circlet_count":0,"master_deck":["Strike_R","Defend_R","Defend_R","Defend_R","Bash","Twin Strike","Headbutt","Rampage+1","Intimidate","Shrug It Off","Dual Wield","Flame Barrier+1","Fiend Fire","Rage+1","Exhume+1","Shrug It Off+1","Feel No Pain+1"],"relics":["Burning Blood","Boot","Calipers","Sundial","Astrolabe","CultistMask"],"potions_floor_usage":[6,16,16,21,22],"damage_taken":[{"damage":11,"enemies":"2 Louse","floor":1,"turns":3},{"damage":6,"enemies":"Jaw Worm","floor":2,"turns":5},{"damage":1,"enemies":"Cultist","floor":3,"turns":3},{"damage":44,"enemies":"Lagavulin","floor":6,"turns":6},{"damage":30,"enemies":"3 Sentries","floor":8,"turns":7},{"damage":27,"enemies":"Exordium Thugs","floor":11,"turns":5},{"damage":3,"enemies":"Exordium Wildlife","floor":14,"turns":4},{"damage":28,"enemies":"Hexaghost","floor":16,"turns":9},{"damage":30,"enemies":"2 Thieves","floor":18,"turns":5},{"damage":14,"enemies":"Shell Parasite","floor":19,"turns":9},{"damage":21,"enemies":"Centurion and Healer","floor":21,"turns":7},{"damage":45,"enemies":"Cultist and Chosen","floor":22,"turns":8}],"seed_played":"3133787895490834306","potions_obtained":[{"floor":1,"key":"EssenceOfSteel"},{"floor":14,"key":"SkillPotion"},{"floor":18,"key":"Fire Potion"},{"floor":21,"key":"ElixirPotion"}],"is_trial":false,"path_per_floor":["M","M","M","?","?","E","R","E","T","?","M","$","R","M","R","B",null,"M","M","?","M","M"],"character_chosen":"IRONCLAD","items_purchased":["Flame Barrier","SkillPotion"],"campfire_rested":2,"item_purchase_floors":[12,12],"current_hp_per_floor":[83,83,88,88,81,43,69,45,45,45,24,24,50,53,53,31,88,64,56,56,41,0],"gold":105,"neow_bonus":"TEN_PERCENT_HP_BONUS","is_prod":false,"is_daily":false,"chose_seed":false,"campfire_upgraded":1,"win_rate":0,"timestamp":1618713482,"path_taken":["M","M","M","?","?","E","R","E","T","?","?","$","R","M","R","BOSS","M","M","?","?","M"],"build_version":"2020-12-22","purchased_purges":1,"victory":false,"max_hp_per_floor":[88,88,88,88,88,88,88,88,88,88,88,88,88,88,88,88,88,88,88,88,88,88],"card_choices":[{"not_picked":["Ghostly Armor","Disarm"],"picked":"Twin Strike","floor":1},{"not_picked":["True Grit","Uppercut"],"picked":"Headbutt","floor":2},{"not_picked":["Heavy Blade","Thunderclap"],"picked":"Rampage","floor":3},{"not_picked":["Body Slam","Juggernaut"],"picked":"Intimidate","floor":6},{"not_picked":["Warcry","Entrench"],"picked":"Shrug It Off","floor":8},{"not_picked":["Sword Boomerang","Warcry"],"picked":"Dual Wield","floor":11},{"not_picked":["Armaments","Shrug It Off","Cleave"],"picked":"SKIP","floor":14},{"not_picked":["Juggernaut","Berserk"],"picked":"Fiend Fire","floor":16},{"not_picked":["Carnage","Ghostly Armor"],"picked":"Feel No Pain+1","floor":18},{"not_picked":["Cleave+1","Shrug It Off","Twin Strike"],"picked":"SKIP","floor":19},{"not_picked":["Flex","Searing Blow","Shrug It Off"],"picked":"SKIP","floor":21}],"player_experience":157599,"relics_obtained":[{"floor":6,"key":"Boot"},{"floor":8,"key":"Calipers"},{"floor":9,"key":"Sundial"}],"event_choices":[{"damage_healed":0,"gold_gain":0,"player_choice":"Grow","damage_taken":0,"max_hp_gain":0,"max_hp_loss":0,"event_name":"Living Wall","floor":4,"gold_loss":0,"cards_upgraded":["Rampage"]},{"cards_removed":["Strike_R"],"damage_healed":0,"gold_gain":0,"player_choice":"Card Removal","damage_taken":7,"max_hp_gain":0,"max_hp_loss":0,"event_name":"Golden Wing","floor":5,"gold_loss":0},{"damage_healed":0,"gold_gain":0,"player_choice":"Ignored","damage_taken":0,"max_hp_gain":0,"max_hp_loss":0,"event_name":"Liars Game","floor":10,"gold_loss":0},{"damage_healed":0,"gold_gain":0,"player_choice":"Trade","damage_taken":0,"relics_obtained":["CultistMask"],"max_hp_gain":0,"max_hp_loss":0,"event_name":"FaceTrader","floor":20,"gold_loss":0}],"is_beta":false,"boss_relics":[{"not_picked":["Coffee Dripper","Busted Crown"],"picked":"Astrolabe"}],"items_purged_floors":[12],"is_endless":false,"potions_floor_spawned":[1,14,18,21],"killed_by":"Cultist and Chosen","ascension_level":3}