{"gold_per_floor":[119,132,146,159,110,139,139,169,169,10,22,33,33,51,51,155,155,168,168,21,36,36,36,36,36,86,118,118,153,172,186,186,284,284,298,298,312,324,76,76,110,110,137,148,23,38,38,70,70,70],"floor_reached":51,"playtime":3138,"items_purged":["Defend_R","Strike_R","Strike_R"],"score":794,"play_id":"88851d02-7374-4316-bec2-95dbf3be282e","local_time":"20210417233053","is_ascension_mode":true,"campfire_choices":[{"floor":7,"key":"REST"},{"data":"Searing Blow","floor":13,"key":"SMITH"},{"data":"Searing Blow+1","floor":15,"key":"SMITH"},{"data":"Searing Blow+3","floor":23,"key":"SMITH"},{"data":"Searing Blow+4","floor":25,"key":"SMITH"},{"data":"Searing Blow+5","floor":28,"key":"SMITH"},{"data":"Searing Blow+6","floor":32,"key":"SMITH"},{"data":"Brutality","floor":40,"key":"SMITH"},{"data":"Double Tap","floor":42,"key":"SMITH"},{"data":"Flame Barrier","floor":47,"key":"SMITH"},{"data":"Rupture","floor":49,"key":"SMITH"}],"neow_cost":"NONE","seed_source_timestamp":754303310231900,"circlet_count":0,"master_deck":["Defend_R","Defend_R","Defend_R","Bash","Searing Blow+7","Thunderclap","Whirlwind","Armaments+1","Carnage","Brutality+1","Bandage Up","Rupture+1","Warcry+1","Armaments","Burning Pact+1","Corruption+1","Metallicize+1","Bloodletting+1","Flame Barrier+1","Infernal Blade+1","Battle Trance+1","Warcry+1","Combust","Double Tap+1","Searing Blow+7"],"relics":["Burning Blood","Lantern","PreservedInsect","Meat on the Bone","Astrolabe","Pen Nib","StoneCalendar","Kunai","Busted Crown","Chemical X","Nunchaku","Omamori","War Paint"],"potions_floor_usage":[6,8,18,21,30,30,37,48,50],"damage_taken":[{"damage":10,"enemies":"Cultist","floor":1,"turns":4},{"damage":7,"enemies":"Small Slimes","floor":2,"turns":4},{"damage":11,"enemies":"Jaw Worm","floor":3,"turns":4},{"damage":15,"enemies":"Looter","floor":4,"turns":3},{"damage":47,"enemies":"Lagavulin","floor":6,"turns":9},{"damage":13,"enemies":"Gremlin Nob","floor":8,"turns":4},{"damage":17,"enemies":"Red Slaver","floor":11,"turns":3},{"damage":16,"enemies":"Gremlin Gang","floor":12,"turns":2},{"damage":7,"enemies":"3 Louse","floor":14,"turns":3},{"damage":45,"enemies":"The Guardian","floor":16,"turns":12},{"damage":8,"enemies":"Chosen","floor":18,"turns":4},{"damage":9,"enemies":"Spheric Guardian","floor":21,"turns":3},{"damage":43,"enemies":"Gremlin Leader","floor":27,"turns":7},{"damage":24,"enemies":"Slavers","floor":29,"turns":4},{"damage":19,"enemies":"Snake Plant","floor":30,"turns":3},{"damage":3,"enemies":"Shelled Parasite and Fungi","floor":31,"turns":4},{"damage":43,"enemies":"Champ","floor":33,"turns":8},{"damage":3,"enemies":"Orb Walker","floor":35,"turns":3},{"damage":14,"enemies":"3 Darklings","floor":37,"turns":3},{"damage":20,"enemies":"Sphere and 2 Shapes","floor":38,"turns":4},{"damage":8,"enemies":"Reptomancer","floor":41,"turns":2},{"damage":13,"enemies":"Writhing Mass","floor":44,"turns":3},{"damage":15,"enemies":"Jaw Worm Horde","floor":46,"turns":3},{"damage":54,"enemies":"Nemesis","floor":48,"turns":5},{"damage":43,"enemies":"Donu and Deca","floor":50,"turns":5}],"seed_played":"8006710691604943737","potions_obtained":[{"floor":1,"key":"Dexterity Potion"},{"floor":4,"key":"ColorlessPotion"},{"floor":8,"key":"LiquidMemories"},{"floor":12,"key":"ElixirPotion"},{"floor":14,"key":"Fruit Juice"},{"floor":27,"key":"ColorlessPotion"},{"floor":29,"key":"Explosive Potion"},{"floor":30,"key":"Dexterity Potion"},{"floor":44,"key":"ElixirPotion"},{"floor":46,"key":"Regen Potion"}],"is_trial":false,"path_per_floor":["M","M","M","M","$","E","R","E","T","$","M","M","R","M","R","B",null,"M","?","$","M","$","R","$","R","T","E","R","E","M","M","R","B",null,"M","?","M","M","$","R","E","R","T","M","$","M","R","E","R","B",null],"character_chosen":"IRONCLAD","items_purchased":["Block Potion","Bandage Up","Rupture","Flame Barrier","Chemical X"],"campfire_rested":1,"item_purchase_floors":[5,10,10,20,39],"current_hp_per_floor":[84,83,78,69,69,28,54,47,47,47,52,58,58,61,61,38,88,91,91,91,92,92,92,92,92,92,59,59,57,60,67,67,46,93,93,93,85,75,75,75,77,77,77,74,74,71,71,48,48,27],"gold":70,"neow_bonus":"TEN_PERCENT_HP_BONUS","is_prod":false,"is_daily":false,"chose_seed":false,"campfire_upgraded":10,"win_rate":0,"timestamp":1618716653,"path_taken":["M","M","M","M","?","E","R","E","T","$","?","M","R","M","R","BOSS","M","?","$","M","?","R","$","R","T","E","R","E","?","M","R","BOSS","M","?","M","?","?","R","E","R","T","M","$","M","R","E","R","BOSS"],"build_version":"2020-12-22","purchased_purges":3,"victory":true,"max_hp_per_floor":[88,88,88,88,88,88,88,88,88,88,88,88,88,88,88,88,88,93,93,93,93,93,93,93,93,93,93,93,93,93,93,93,93,93,93,93,93,93,93,93,93,93,93,93,93,93,93,93,93,93],"card_choices":[{"not_picked":["Armaments","Anger"],"picked":"Searing Blow","floor":1},{"not_picked":["Intimidate","Clothesline"],"picked":"Thunderclap","floor":2},{"not_picked":["Thunderclap","Clothesline"],"picked":"Whirlwind","floor":3},{"not_picked":["Bloodletting","Body Slam"],"picked":"Armaments","floor":4},{"not_picked":["Cleave","Hemokinesis"],"picked":"Carnage","floor":6},{"not_picked":["Anger","Flex"],"picked":"Brutality","floor":8},{"not_picked":["Second Wind","Thunderclap"],"picked":"Warcry","floor":11},{"not_picked":["Clothesline","Berserk","Thunderclap"],"picked":"SKIP","floor":12},{"not_picked":["Iron Wave","Dual Wield"],"picked":"Armaments","floor":14},{"not_picked":["Flex","Sever Soul"],"picked":"Bloodletting+1","floor":18},{"not_picked":["Cleave+1","Thunderclap"],"picked":"Infernal Blade+1","floor":21},{"not_picked":["Havoc","Metallicize"],"picked":"Battle Trance+1","floor":27},{"not_picked":["Entrench+1","Blood for Blood"],"picked":"Warcry+1","floor":29},{"not_picked":["Headbutt","Twin Strike+1"],"picked":"Combust","floor":30},{"not_picked":["Fire Breathing+1","Havoc","Perfected Strike"],"picked":"SKIP","floor":31},{"not_picked":["Brutality","Barricade"],"picked":"Double Tap","floor":33},{"not_picked":["Wild Strike"],"picked":"SKIP","floor":35},{"not_picked":["Havoc+1"],"picked":"SKIP","floor":37},{"not_picked":["Entrench+1"],"picked":"SKIP","floor":38},{"not_picked":["Cleave"],"picked":"SKIP","floor":41},{"not_picked":["Thunderclap"],"picked":"SKIP","floor":44},{"not_picked":["Cleave"],"picked":"SKIP","floor":46},{"not_picked":["Dropkick"],"picked":"SKIP","floor":48}],"player_experience":159193,"relics_obtained":[{"floor":6,"key":"Lantern"},{"floor":8,"key":"PreservedInsect"},{"floor":9,"key":"Meat on the Bone"},{"floor":26,"key":"Pen Nib"},{"floor":27,"key":"StoneCalendar"},{"floor":29,"key":"Kunai"},{"floor":41,"key":"Nunchaku"},{"floor":43,"key":"Omamori"},{"floor":48,"key":"War Paint"}],"event_choices":[{"damage_healed":0,"gold_gain":0,"player_choice":"Upgraded","damage_taken":0,"max_hp_gain":0,"max_hp_loss":0,"event_name":"Upgrade Shrine","floor":19,"gold_loss":0,"cards_upgraded":["Searing Blow"]},{"damage_healed":0,"gold_gain":0,"player_choice":"Copied","damage_taken":0,"max_hp_gain":0,"max_hp_loss":0,"event_name":"Duplicator","floor":36,"gold_loss":0,"cards_obtained":["Searing Blow"]}],"is_beta":false,"boss_relics":[{"not_picked":["Runic Cube","Tiny House"],"picked":"Astrolabe"},{"not_picked":["Velvet Choker","Black Blood"],"picked":"Busted Crown"}],"items_purged_floors":[20,39,45],"is_endless":false,"potions_floor_spawned":[1,4,8,12,14,27,29,30,44,46],"ascension_level":1}