{"gold_per_floor":[118,137,157,174,189,216,226,226,226,226,245,261,273,273,273,273],"floor_reached":16,"playtime":623,"items_purged":[],"score":113,"play_id":"179d1e01-79ba-4c6a-a107-19f41809fb9b","local_time":"20210413203406","is_ascension_mode":true,"campfire_choices":[{"floor":8,"key":"REST"},{"data":"Searing Blow","floor":15,"key":"SMITH"}],"neow_cost":"NONE","seed_source_timestamp":400621920165700,"circlet_count":0,"master_deck":["Strike_R","Strike_R","Strike_R","Strike_R","Strike_R","Defend_R","Defend_R","Defend_R","Defend_R","Bash","Carnage","Evolve","Rampage+1","Reaper","Impatience","Searing Blow+1"],"relics":["Burning Blood","Bronze Scales","Paper Frog"],"potions_floor_usage":[],"damage_taken":[{"damage":1,"enemies":"Cultist","floor":1,"turns":3},{"damage":3,"enemies":"Small Slimes","floor":2,"turns":4},{"damage":6,"enemies":"Jaw Worm","floor":3,"turns":3},{"damage":21,"enemies":"Lots of Slimes","floor":4,"turns":5},{"damage":4,"enemies":"Blue Slaver","floor":5,"turns":3},{"damage":17,"enemies":"3 Sentries","floor":6,"turns":7},{"damage":37,"enemies":"Exordium Thugs","floor":7,"turns":5},{"damage":9,"enemies":"2 Fungi Beasts","floor":11,"turns":4},{"damage":6,"enemies":"3 Louse","floor":12,"turns":3},{"damage":10,"enemies":"Looter","floor":13,"turns":3},{"damage":58,"enemies":"The Guardian","floor":16,"turns":8}],"seed_played":"2562025702943474685","potions_obtained":[{"floor":3,"key":"FearPotion"},{"floor":7,"key":"AttackPotion"},{"floor":12,"key":"Explosive Potion"},{"floor":13,"key":"Strength Potion"}],"is_trial":false,"path_per_floor":["M","M","M","M","M","E","M","R","T","?","M","M","M","?","R","B"],"character_chosen":"IRONCLAD","items_purchased":[],"campfire_rested":1,"item_purchase_floors":[],"current_hp_per_floor":[80,80,80,65,67,56,33,57,57,57,58,58,58,58,58,0],"gold":273,"neow_bonus":"RANDOM_COMMON_RELIC","is_prod":false,"is_daily":false,"chose_seed":false,"campfire_upgraded":1,"win_rate":0,"timestamp":1618360446,"path_taken":["M","M","M","?","M","E","M","R","T","?","M","M","M","?","R","BOSS"],"build_version":"2020-12-22","purchased_purges":0,"victory":false,"max_hp_per_floor":[80,80,80,80,80,80,80,80,80,80,80,80,80,80,80,80],"card_choices":[{"not_picked":["True Grit","Entrench","Dark Embrace"],"picked":"SKIP","floor":1},{"not_picked":["Cleave","Warcry"],"picked":"Carnage","floor":2},{"not_picked":["Twin Strike","Feel No Pain"],"picked":"Evolve","floor":3},{"not_picked":["Uppercut","Perfected Strike","Wild Strike"],"picked":"SKIP","floor":4},{"not_picked":["Wild Strike","Hemokinesis"],"picked":"Rampage","floor":5},{"not_picked":["Havoc","Flame Barrier"],"picked":"Reaper","floor":6},{"not_picked":["Blood for Blood","Ghostly Armor","Dark Embrace"],"picked":"SKIP","floor":7},{"not_picked":["Feel No Pain","Perfected Strike","Dark Embrace"],"picked":"SKIP","floor":11},{"not_picked":["Reckless Charge","Cleave","Dark Embrace"],"picked":"SKIP","floor":12},{"not_picked":["Dark Embrace","Iron Wave","Sever Soul"],"picked":"SKIP","floor":13}],"player_experience":119309,"relics_obtained":[{"floor":6,"key":"Paper Frog"}],"event_choices":[{"damage_healed":0,"gold_gain":0,"player_choice":"Grow","damage_taken":0,"max_hp_gain":0,"max_hp_loss":0,"event_name":"Living Wall","floor":10,"gold_loss":0,"cards_upgraded":["Rampage"]},{"damage_healed":0,"gold_gain":0,"player_choice":"2 cards matched","damage_taken":0,"max_hp_gain":0,"max_hp_loss":0,"event_name":"Match and Keep!","floor":14,"gold_loss":0,"cards_obtained":["Impatience","Searing Blow"]}],"is_beta":false,"boss_relics":[],"items_purged_floors":[],"is_endless":false,"potions_floor_spawned":[3,7,12,13],"killed_by":"The Guardian","ascension_level":1}