{"gold_per_floor":[115,126,139,152,202,228,228,228,228,238,41,51,67,80,80,179,179,159,74,86,115,146,158],"floor_reached":23,"playtime":1247,"items_purged":["Strike_R"],"score":242,"play_id":"298ae397-9ca5-482a-b759-143409f3fc73","local_time":"20210415010741","is_ascension_mode":true,"campfire_choices":[{"floor":8,"key":"REST"},{"data":"Cleave","floor":15,"key":"SMITH"}],"neow_cost":"NONE","seed_source_timestamp":502813095908700,"circlet_count":0,"master_deck":["Strike_R+1","Strike_R+1","Strike_R+1","Strike_R+1","Defend_R+1","Defend_R+1","Defend_R+1","Defend_R+1","Bash","Feed","Sentinel","Dropkick","Cleave+1","Armaments","Headbutt","Metallicize","Headbutt","Carnage","Flame Barrier","Double Tap","Exhume","Flex","Impervious","Shrug It Off+1"],"relics":["Burning Blood","HornCleat","Bottled Flame","Shuriken","Black Star","MawBank"],"potions_floor_usage":[6,10,16,18,22],"damage_taken":[{"damage":11,"enemies":"Cultist","floor":1,"turns":4},{"damage":16,"enemies":"Jaw Worm","floor":2,"turns":4},{"damage":14,"enemies":"2 Louse","floor":3,"turns":2},{"damage":13,"enemies":"Red Slaver","floor":4,"turns":5},{"damage":42,"enemies":"Lagavulin","floor":6,"turns":12},{"damage":11,"enemies":"Looter","floor":10,"turns":2},{"damage":1,"enemies":"2 Fungi Beasts","floor":12,"turns":2},{"damage":13,"enemies":"Blue Slaver","floor":13,"turns":4},{"damage":17,"enemies":"Exordium Thugs","floor":14,"turns":7},{"damage":26,"enemies":"The Guardian","floor":16,"turns":18},{"damage":11,"enemies":"2 Thieves","floor":18,"turns":4},{"damage":30,"enemies":"3 Byrds","floor":21,"turns":6},{"damage":20,"enemies":"Cultist and Chosen","floor":22,"turns":9},{"damage":70,"enemies":"Gremlin Leader","floor":23,"turns":7}],"seed_played":"772374089318936234","potions_obtained":[{"floor":1,"key":"Block Potion"},{"floor":3,"key":"BloodPotion"},{"floor":10,"key":"EssenceOfSteel"},{"floor":16,"key":"SpeedPotion"},{"floor":18,"key":"FearPotion"}],"is_trial":false,"path_per_floor":["M","M","M","M","?","E","T","R","T","M","$","M","M","M","R","B",null,"M","?","?","M","M","E"],"character_chosen":"IRONCLAD","items_purchased":["Metallicize","Headbutt"],"campfire_rested":1,"item_purchase_floors":[11,11],"current_hp_per_floor":[78,71,63,59,59,26,26,53,53,69,69,74,70,62,62,42,101,96,96,96,75,61,0],"gold":158,"neow_bonus":"ONE_RANDOM_RARE_CARD","is_prod":false,"is_daily":false,"chose_seed":false,"campfire_upgraded":1,"win_rate":0,"timestamp":1618463261,"path_taken":["M","M","M","M","?","E","?","R","T","M","?","M","M","M","R","BOSS","M","?","?","M","M","E"],"build_version":"2020-12-22","purchased_purges":1,"victory":false,"max_hp_per_floor":[83,86,86,89,89,92,92,92,92,95,95,95,98,101,101,101,101,101,101,101,104,104,104],"card_choices":[{"not_picked":["Second Wind","Sword Boomerang"],"picked":"Sentinel","floor":1},{"not_picked":["Anger","Power Through"],"picked":"Dropkick","floor":2},{"not_picked":["Clash","Pummel"],"picked":"Cleave","floor":3},{"not_picked":["Heavy Blade","Cleave"],"picked":"Armaments","floor":4},{"not_picked":["Armaments","Pommel Strike","Clash"],"picked":"SKIP","floor":6},{"not_picked":["Havoc","Combust"],"picked":"Headbutt","floor":10},{"not_picked":["Anger","Sword Boomerang"],"picked":"Carnage","floor":12},{"not_picked":["Dark Embrace","True Grit"],"picked":"Flame Barrier","floor":13},{"not_picked":["Sword Boomerang","Clothesline"],"picked":"Double Tap","floor":14},{"not_picked":["Limit Break","Corruption"],"picked":"Exhume","floor":16},{"not_picked":["Wild Strike","Armaments"],"picked":"Flex","floor":18},{"not_picked":["Power Through","Wild Strike+1"],"picked":"Impervious","floor":21},{"not_picked":["Pommel Strike","Rupture+1"],"picked":"Shrug It Off+1","floor":22}],"player_experience":134792,"relics_obtained":[{"floor":6,"key":"HornCleat"},{"floor":7,"key":"Bottled Flame"},{"floor":9,"key":"Shuriken"}],"event_choices":[{"damage_healed":0,"gold_gain":50,"player_choice":"Gained Gold","damage_taken":0,"max_hp_gain":0,"max_hp_loss":0,"event_name":"Golden Wing","floor":5,"gold_loss":0},{"damage_healed":0,"gold_gain":0,"player_choice":"Obtained Relic","damage_taken":0,"relics_obtained":["MawBank"],"max_hp_gain":0,"max_hp_loss":0,"event_name":"Addict","floor":19,"gold_loss":85},{"damage_healed":0,"gold_gain":0,"player_choice":"Simplicity","damage_taken":0,"max_hp_gain":0,"max_hp_loss":0,"event_name":"Back to Basics","floor":20,"gold_loss":0,"cards_upgraded":["Strike_R","Strike_R","Strike_R","Strike_R","Defend_R","Defend_R","Defend_R","Defend_R"]}],"is_beta":false,"boss_relics":[{"not_picked":["Busted Crown","Fusion Hammer"],"picked":"Black Star"}],"items_purged_floors":[11],"is_endless":false,"potions_floor_spawned":[1,3,10,16,18],"killed_by":"Gremlin Leader","ascension_level":2}