{"gold_per_floor":[118,118,138,150,170,205,205,37,37,37,64,79,34,64,64,166,166,182,192,203,203,51,51],"floor_reached":23,"playtime":869,"items_purged":["Strike_R","Strike_R"],"score":287,"play_id":"1616f0a9-25bf-4e53-ba6c-4a9a14f74f67","local_time":"20210414231417","is_ascension_mode":true,"campfire_choices":[{"data":"Rampage","floor":7,"key":"SMITH"},{"data":"Pommel Strike","floor":15,"key":"SMITH"}],"neow_cost":"NONE","seed_source_timestamp":496387731060700,"circlet_count":0,"master_deck":["Strike_R","Strike_R+1","Defend_R","Defend_R","Defend_R","Defend_R","Bash","Disarm","Rampage+1","Cleave+1","Impatience","Thunderclap","Headbutt","Pommel Strike+1","Demon Form","Rage"],"relics":["Burning Blood","Bronze Scales","Orichalcum","Pear","Ancient Tea Set","Oddly Smooth Stone","Whetstone","Juzu Bracelet","SacredBark"],"potions_floor_usage":[6,14,18,23,23],"damage_taken":[{"damage":1,"enemies":"2 Louse","floor":1,"turns":3},{"damage":3,"enemies":"Small Slimes","floor":3,"turns":4},{"damage":2,"enemies":"Jaw Worm","floor":4,"turns":4},{"damage":7,"enemies":"Gremlin Gang","floor":5,"turns":6},{"damage":28,"enemies":"Lagavulin","floor":6,"turns":7},{"damage":12,"enemies":"Gremlin Nob","floor":11,"turns":4},{"damage":1,"enemies":"3 Louse","floor":12,"turns":2},{"damage":12,"enemies":"Lagavulin","floor":14,"turns":5},{"damage":0,"enemies":"Slime Boss","floor":16,"turns":7},{"damage":0,"enemies":"3 Byrds","floor":18,"turns":2},{"damage":14,"enemies":"Chosen","floor":19,"turns":5},{"damage":38,"enemies":"Snake Plant","floor":20,"turns":5},{"damage":58,"enemies":"Slavers","floor":23,"turns":3}],"seed_played":"-8391769848449780123","potions_obtained":[{"floor":1,"key":"GamblersBrew"},{"floor":4,"key":"Energy Potion"},{"floor":6,"key":"Explosive Potion"},{"floor":20,"key":"SteroidPotion"}],"is_trial":false,"path_per_floor":["M","?","M","M","M","E","R","$","T","?","E","M","$","E","R","B",null,"M","M","M","?","$","E"],"character_chosen":"IRONCLAD","items_purchased":["Impatience","Headbutt","AttackPotion"],"campfire_rested":0,"item_purchase_floors":[8,13,22],"current_hp_per_floor":[80,62,65,69,68,56,56,56,56,56,50,55,55,49,49,55,90,90,82,50,50,50,0],"gold":51,"neow_bonus":"RANDOM_COMMON_RELIC","is_prod":false,"is_daily":false,"chose_seed":false,"campfire_upgraded":2,"win_rate":0,"timestamp":1618456457,"path_taken":["M","?","M","M","M","E","R","$","T","?","E","M","?","E","R","BOSS","M","M","M","?","$","E"],"build_version":"2020-12-22","purchased_purges":2,"victory":false,"max_hp_per_floor":[80,80,80,80,80,90,90,90,90,90,90,90,90,90,90,90,90,90,90,90,90,90,90],"card_choices":[{"not_picked":["Twin Strike","Body Slam"],"picked":"Disarm","floor":1},{"not_picked":["Heavy Blade","True Grit"],"picked":"Rampage","floor":3},{"not_picked":["Wild Strike","Heavy Blade","Hemokinesis"],"picked":"SKIP","floor":4},{"not_picked":["Havoc","Clash","Wild Strike"],"picked":"SKIP","floor":5},{"not_picked":["Pommel Strike","Second Wind"],"picked":"Cleave","floor":6},{"not_picked":["Carnage","Sentinel"],"picked":"Thunderclap","floor":11},{"not_picked":["Whirlwind","Carnage","Clash"],"picked":"SKIP","floor":12},{"not_picked":["Entrench","Heavy Blade"],"picked":"Pommel Strike","floor":14},{"not_picked":["Barricade","Immolate"],"picked":"Demon Form","floor":16},{"not_picked":["Rupture","Iron Wave","Anger+1"],"picked":"SKIP","floor":18},{"not_picked":["Havoc+1","Thunderclap","Iron Wave"],"picked":"SKIP","floor":19},{"not_picked":["Berserk","Disarm"],"picked":"Rage","floor":20}],"player_experience":128543,"relics_obtained":[{"floor":6,"key":"Pear"},{"floor":9,"key":"Ancient Tea Set"},{"floor":11,"key":"Whetstone"},{"floor":14,"key":"Juzu Bracelet"}],"event_choices":[{"damage_healed":0,"gold_gain":0,"player_choice":"Success","damage_taken":18,"relics_obtained":["Orichalcum"],"max_hp_gain":0,"max_hp_loss":0,"event_name":"Scrap Ooze","floor":2,"gold_loss":0},{"damage_healed":0,"gold_gain":0,"player_choice":"Searched \u00271\u0027 times","damage_taken":0,"relics_obtained":["Oddly Smooth Stone"],"max_hp_gain":0,"max_hp_loss":0,"event_name":"Dead Adventurer","floor":10,"gold_loss":0},{"cards_removed":["Strike_R"],"damage_healed":0,"gold_gain":0,"player_choice":"Elegance","damage_taken":0,"max_hp_gain":0,"max_hp_loss":0,"event_name":"Back to Basics","floor":21,"gold_loss":0}],"is_beta":false,"boss_relics":[{"not_picked":["Black Star","Calling Bell"],"picked":"SacredBark"}],"items_purged_floors":[8,22],"is_endless":false,"potions_floor_spawned":[1,4,6,20],"killed_by":"Slavers","ascension_level":2}