{"gold_per_floor":[111,126,143,159,175,175,194,194,194,220,220,92,92,110,110,211,211,221,241,191,210,210,210,210,210,210,210,236,250,53,65,65,168,168,183,203,203],"floor_reached":37,"playtime":1696,"items_purged":["Strike_R","Whirlwind"],"score":429,"play_id":"cb58242e-48fd-44f3-925d-73b105b315b9","local_time":"20210416231315","is_ascension_mode":true,"campfire_choices":[{"data":"Hemokinesis","floor":6,"key":"SMITH"},{"data":"Sword Boomerang","floor":8,"key":"SMITH"},{"data":"Searing Blow","floor":11,"key":"SMITH"},{"data":"Searing Blow+2","floor":15,"key":"SMITH"},{"data":"Searing Blow+3","floor":23,"key":"SMITH"},{"data":"Searing Blow+4","floor":25,"key":"SMITH"},{"data":"Searing Blow+5","floor":27,"key":"SMITH"},{"floor":32,"key":"REST"}],"neow_cost":"NONE","seed_source_timestamp":668297762517200,"circlet_count":0,"master_deck":["Strike_R","Strike_R","Strike_R","Defend_R","Defend_R","Defend_R","Defend_R","Bash","Metallicize","Hemokinesis+1","Evolve","Sword Boomerang+1","Searing Blow+6","Armaments","Double Tap","Headbutt+1","Flame Barrier","Shame","Cleave+1","Deep Breath","Warcry","True Grit+1","Feed","Shrug It Off+1"],"relics":["Black Blood","Mercury Hourglass","Smiling Mask","SacredBark","Dream Catcher","White Beast Statue","Centennial Puzzle"],"potions_floor_usage":[10,10,16,29,29,33,35],"damage_taken":[{"damage":0,"enemies":"2 Louse","floor":1,"turns":3},{"damage":16,"enemies":"Small Slimes","floor":2,"turns":6},{"damage":8,"enemies":"Cultist","floor":3,"turns":3},{"damage":23,"enemies":"Blue Slaver","floor":4,"turns":4},{"damage":14,"enemies":"Gremlin Gang","floor":5,"turns":7},{"damage":17,"enemies":"Large Slime","floor":7,"turns":9},{"damage":7,"enemies":"Gremlin Nob","floor":10,"turns":3},{"damage":4,"enemies":"Exordium Wildlife","floor":14,"turns":3},{"damage":33,"enemies":"The Guardian","floor":16,"turns":10},{"damage":26,"enemies":"3 Byrds","floor":18,"turns":5},{"damage":33,"enemies":"2 Thieves","floor":19,"turns":3},{"damage":13,"enemies":"Snake Plant","floor":21,"turns":3},{"damage":16,"enemies":"Centurion and Healer","floor":29,"turns":3},{"damage":5,"enemies":"Snecko","floor":31,"turns":3},{"damage":68,"enemies":"Collector","floor":33,"turns":8},{"damage":35,"enemies":"3 Darklings","floor":35,"turns":6},{"damage":50,"enemies":"3 Shapes","floor":36,"turns":5},{"damage":53,"enemies":"Spire Growth","floor":37,"turns":3}],"seed_played":"8696881404212724081","potions_obtained":[{"floor":2,"key":"SpeedPotion"},{"floor":3,"key":"FearPotion"},{"floor":7,"key":"Weak Potion"},{"floor":10,"key":"Energy Potion"},{"floor":19,"key":"EssenceOfSteel"},{"floor":21,"key":"Weak Potion"},{"floor":29,"key":"SkillPotion"},{"floor":31,"key":"FairyPotion"},{"floor":33,"key":"SkillPotion"},{"floor":35,"key":"BlessingOfTheForge"},{"floor":36,"key":"Block Potion"}],"is_trial":false,"path_per_floor":["M","M","M","M","M","R","M","R","T","E","R","$","?","M","R","B",null,"M","M","?","M","?","R","?","R","T","R","T","M","$","M","R","B",null,"M","M","M"],"character_chosen":"IRONCLAD","items_purchased":["Whirlwind","Explosive Potion","Deep Breath"],"campfire_rested":1,"item_purchase_floors":[12,30,30],"current_hp_per_floor":[88,78,76,59,51,51,40,40,40,39,39,39,39,41,41,14,88,68,41,41,34,34,34,34,34,34,34,34,24,24,25,51,56,88,65,30,0],"gold":203,"neow_bonus":"TEN_PERCENT_HP_BONUS","is_prod":false,"is_daily":false,"chose_seed":false,"campfire_upgraded":7,"win_rate":0,"timestamp":1618629195,"path_taken":["M","M","M","M","M","R","M","R","T","E","R","$","?","M","R","BOSS","M","M","?","?","?","R","?","R","T","R","?","M","$","M","R","BOSS","M","?","M"],"build_version":"2020-12-22","purchased_purges":2,"victory":false,"max_hp_per_floor":[88,88,88,88,88,88,88,88,88,88,88,88,88,88,88,88,88,88,88,88,88,88,88,88,88,88,88,88,88,88,88,88,88,88,88,91,91],"card_choices":[{"not_picked":["Havoc","Evolve"],"picked":"Metallicize","floor":1},{"not_picked":["Shrug It Off","Havoc"],"picked":"Hemokinesis","floor":2},{"not_picked":["Wild Strike","Warcry","Perfected Strike"],"picked":"SKIP","floor":3},{"not_picked":["Flex","Perfected Strike"],"picked":"Evolve","floor":4},{"not_picked":["Bludgeon","Heavy Blade","Perfected Strike"],"picked":"SKIP","floor":5},{"not_picked":["Flex","Wild Strike"],"picked":"Sword Boomerang","floor":7},{"not_picked":["Headbutt","Flex"],"picked":"Searing Blow","floor":10},{"not_picked":["Double Tap","Dropkick"],"picked":"Armaments","floor":14},{"not_picked":["Fiend Fire","Reaper"],"picked":"Double Tap","floor":16},{"not_picked":["Havoc","Flex"],"picked":"Headbutt+1","floor":18},{"not_picked":["Body Slam+1","Cleave"],"picked":"Flame Barrier","floor":19},{"not_picked":["Body Slam","Immolate","Evolve"],"picked":"SKIP","floor":21},{"not_picked":["Rupture","Headbutt+1"],"picked":"Cleave+1","floor":29},{"not_picked":["Metallicize","Second Wind"],"picked":"Warcry","floor":31},{"not_picked":["Whirlwind","Fire Breathing"],"picked":"True Grit+1","floor":32},{"not_picked":["Berserk","Brutality"],"picked":"Feed","floor":33},{"not_picked":["Body Slam+1","Dropkick+1","Havoc+1"],"picked":"SKIP","floor":35},{"not_picked":["Blood for Blood","Disarm"],"picked":"Shrug It Off+1","floor":36}],"player_experience":149506,"relics_obtained":[{"floor":9,"key":"Mercury Hourglass"},{"floor":10,"key":"Smiling Mask"},{"floor":26,"key":"White Beast Statue"},{"floor":28,"key":"Centennial Puzzle"}],"event_choices":[{"damage_healed":0,"gold_gain":0,"player_choice":"Grow","damage_taken":0,"max_hp_gain":0,"max_hp_loss":0,"event_name":"Living Wall","floor":13,"gold_loss":0,"cards_upgraded":["Searing Blow"]},{"damage_healed":0,"gold_gain":0,"player_choice":"Bet on Owner","damage_taken":0,"max_hp_gain":0,"max_hp_loss":0,"event_name":"The Joust","floor":20,"gold_loss":50},{"damage_healed":0,"gold_gain":0,"player_choice":"Stole Relic","damage_taken":0,"relics_obtained":["Dream Catcher"],"max_hp_gain":0,"max_hp_loss":0,"event_name":"Addict","floor":22,"gold_loss":0,"cards_obtained":["Shame"]},{"cards_removed":["Strike_R"],"damage_healed":0,"gold_gain":0,"player_choice":"Elegance","damage_taken":0,"max_hp_gain":0,"max_hp_loss":0,"event_name":"Back to Basics","floor":24,"gold_loss":0}],"is_beta":false,"boss_relics":[{"not_picked":["Mark of Pain","Philosopher\u0027s Stone"],"picked":"SacredBark"},{"not_picked":["Sozu","Runic Pyramid"],"picked":"Black Blood"}],"items_purged_floors":[12,30],"is_endless":false,"potions_floor_spawned":[2,3,7,10,19,21,29,31,33,35,36],"killed_by":"Spire Growth","ascension_level":3}