{"gold_per_floor":[209,209,39,39,58,84,84,105,132,132,32,32,32,48,48,152,152,167,182,182,182,162,162,182,182,182,182,182],"floor_reached":28,"playtime":2246,"items_purged":["Strike_R"],"score":223,"play_id":"f257b9e3-57ce-4db4-ba42-d8e98a127c99","local_time":"20210413211142","is_ascension_mode":true,"campfire_choices":[{"data":"Thunderclap","floor":7,"key":"SMITH"},{"floor":10,"key":"REST"},{"data":"Armaments","floor":13,"key":"SMITH"},{"data":"Battle Trance","floor":15,"key":"SMITH"},{"floor":23,"key":"REST"},{"data":"Demon Form","floor":25,"key":"SMITH"},{"floor":27,"key":"REST"}],"neow_cost":"NONE","seed_source_timestamp":401255407047100,"circlet_count":0,"master_deck":["Strike_R","Strike_R","Strike_R","Defend_R","Defend_R","Defend_R","Defend_R","Bash","Bandage Up","Thunderclap+1","Battle Trance+1","Armaments+1","Shrug It Off","Demon Form+1","Cleave+1","Shrug It Off","Flex+1"],"relics":["Burning Blood","Nunchaku","Odd Mushroom","Question Card"],"potions_floor_usage":[16,18,24],"damage_taken":[{"damage":0,"enemies":"Small Slimes","floor":1,"turns":3},{"damage":5,"enemies":"Jaw Worm","floor":5,"turns":4},{"damage":50,"enemies":"3 Sentries","floor":6,"turns":12},{"damage":18,"enemies":"The Mushroom Lair","floor":8,"turns":4},{"damage":1,"enemies":"Cultist","floor":14,"turns":3},{"damage":50,"enemies":"Slime Boss","floor":16,"turns":14},{"damage":34,"enemies":"2 Thieves","floor":18,"turns":5},{"damage":31,"enemies":"Spheric Guardian","floor":19,"turns":7},{"damage":21,"enemies":"Centurion and Healer","floor":24,"turns":9},{"damage":2,"enemies":"Cultist and Chosen","floor":28,"turns":3}],"seed_played":"-6243622295873937773","potions_obtained":[{"floor":1,"key":"AttackPotion"},{"floor":16,"key":"Fire Potion"},{"floor":18,"key":"Energy Potion"},{"floor":22,"key":"ColorlessPotion"},{"floor":24,"key":"Explosive Potion"}],"is_trial":false,"path_per_floor":["M","?","$","?","M","E","R","?","T","R","$","?","R","M","R","B",null,"M","M","?","?","?","R","M","R","T","R","M"],"character_chosen":"IRONCLAD","items_purchased":["Bandage Up","Armaments","Fire Potion"],"campfire_rested":3,"item_purchase_floors":[3,11,11],"current_hp_per_floor":[80,85,85,85,85,45,45,37,37,62,62,62,62,71,71,33,85,61,42,42,26,26,53,42,42,42,69,71],"gold":182,"neow_bonus":"HUNDRED_GOLD","is_prod":false,"is_daily":false,"chose_seed":false,"campfire_upgraded":4,"win_rate":0,"timestamp":1618362702,"path_taken":["M","?","$","?","?","E","R","?","T","R","$","?","R","M","R","BOSS","M","M","?","?","?","R","?","R","T","R","M"],"build_version":"2020-12-22","purchased_purges":1,"victory":false,"max_hp_per_floor":[80,85,85,85,85,85,85,85,85,85,85,85,85,85,85,85,85,85,85,85,90,90,90,90,90,90,90,90],"card_choices":[{"not_picked":["Combust","Sever Soul","Sentinel"],"picked":"SKIP","floor":1},{"not_picked":["Hemokinesis","Clash"],"picked":"Thunderclap","floor":5},{"not_picked":["Flame Barrier","Combust","Body Slam"],"picked":"SKIP","floor":6},{"not_picked":["Ghostly Armor","Inflame"],"picked":"Battle Trance","floor":8},{"not_picked":["Thunderclap","Sword Boomerang"],"picked":"Shrug It Off","floor":14},{"not_picked":["Corruption","Offering"],"picked":"Demon Form","floor":16},{"not_picked":["Armaments","Body Slam"],"picked":"Cleave+1","floor":18},{"not_picked":["Armaments+1","Uppercut","Hemokinesis"],"picked":"SKIP","floor":19},{"not_picked":["Body Slam","Sword Boomerang"],"picked":"Flex+1","floor":24}],"player_experience":119932,"relics_obtained":[{"floor":6,"key":"Nunchaku"},{"floor":8,"key":"Odd Mushroom"},{"floor":26,"key":"Question Card"}],"event_choices":[{"damage_healed":0,"gold_gain":0,"player_choice":"Donut","damage_taken":0,"max_hp_gain":5,"max_hp_loss":0,"event_name":"Big Fish","floor":2,"gold_loss":0},{"cards_removed":["Strike_R"],"damage_healed":0,"gold_gain":0,"player_choice":"Offered Basic","damage_taken":0,"max_hp_gain":0,"max_hp_loss":0,"event_name":"Bonfire Elementals","floor":4,"gold_loss":0},{"damage_healed":0,"gold_gain":0,"player_choice":"Fought Mushrooms","damage_taken":0,"max_hp_gain":0,"max_hp_loss":0,"event_name":"Mushrooms","floor":8,"gold_loss":0},{"damage_healed":0,"gold_gain":0,"player_choice":"Searched \u00271\u0027 times","damage_taken":0,"max_hp_gain":0,"max_hp_loss":0,"event_name":"Dead Adventurer","floor":12,"gold_loss":0},{"damage_healed":0,"gold_gain":0,"player_choice":"Read","damage_taken":0,"max_hp_gain":0,"max_hp_loss":0,"event_name":"The Library","floor":20,"gold_loss":0,"cards_obtained":["Shrug It Off"]},{"damage_healed":0,"gold_gain":0,"player_choice":"Shed Blood","damage_taken":21,"max_hp_gain":5,"max_hp_loss":0,"event_name":"Forgotten Altar","floor":21,"gold_loss":0},{"damage_healed":0,"gold_gain":0,"player_choice":"Bought 1 Potion","damage_taken":0,"max_hp_gain":0,"max_hp_loss":0,"event_name":"The Woman in Blue","floor":22,"gold_loss":0}],"is_beta":false,"boss_relics":[{"not_picked":["Coffee Dripper","Philosopher\u0027s Stone","Sozu"]}],"items_purged_floors":[3],"is_endless":false,"potions_floor_spawned":[1,16,18,24],"killed_by":"Cultist and Chosen","ascension_level":1}