{"gold_per_floor":[111,125,141,141,141,141,175,196,221,221,240,260,291,309,309,437,437,462,158,158,158,181,212,212,246,246,265,265,285,285,317,317,412,462,480,142,160,35,50,50,82,93,93,93,109,109,127,139,139,139],"floor_reached":51,"playtime":2309,"items_purged":["Strike_R","Strike_R","Strike_R"],"score":821,"play_id":"0a7eb8a9-75cc-4249-acd8-d855633e5931","local_time":"20210415231755","is_ascension_mode":true,"campfire_choices":[{"data":"Pommel Strike","floor":6,"key":"SMITH"},{"data":"Battle Trance","floor":10,"key":"SMITH"},{"data":"Shrug It Off","floor":15,"key":"SMITH"},{"floor":28,"key":"REST"},{"data":"Trip","floor":30,"key":"SMITH"},{"floor":32,"key":"REST"},{"data":"Limit Break","floor":40,"key":"SMITH"},{"floor":49,"key":"REST"}],"neow_cost":"PERCENT_DAMAGE","seed_source_timestamp":581554274781700,"circlet_count":0,"master_deck":["Strike_R","Strike_R","Defend_R+1","Defend_R","Defend_R","Defend_R","Bash","Pommel Strike+1","Battle Trance+1","Immolate+1","Injury","Shockwave","Shrug It Off+1","Impervious","Dramatic Entrance","Spot Weakness","Trip+1","Reaper","Flex","Flame Barrier+1","Limit Break+1","Infernal Blade","Headbutt+1","Impervious","Rampage+1","Heavy Blade","Warcry"],"relics":["Burning Blood","Ice Cream","Bloody Idol","Orichalcum","Omamori","Strawberry","SlaversCollar","Medical Kit","InkBottle","Pocketwatch","Turnip","Happy Flower","Tiny House","Mercury Hourglass","Regal Pillow","Sundial","Juzu Bracelet"],"potions_floor_usage":[7,16,27,27,33,33,50,50],"damage_taken":[{"damage":4,"enemies":"Jaw Worm","floor":1,"turns":4},{"damage":7,"enemies":"Small Slimes","floor":2,"turns":4},{"damage":6,"enemies":"Cultist","floor":3,"turns":3},{"damage":14,"enemies":"Gremlin Nob","floor":7,"turns":3},{"damage":5,"enemies":"Blue Slaver","floor":8,"turns":3},{"damage":15,"enemies":"Gremlin Gang","floor":11,"turns":2},{"damage":3,"enemies":"Looter","floor":12,"turns":2},{"damage":3,"enemies":"Lagavulin","floor":13,"turns":5},{"damage":8,"enemies":"Blue Slaver","floor":14,"turns":2},{"damage":18,"enemies":"Slime Boss","floor":16,"turns":7},{"damage":46,"enemies":"Shell Parasite","floor":18,"turns":9},{"damage":8,"enemies":"Chosen","floor":22,"turns":4},{"damage":20,"enemies":"Slavers","floor":23,"turns":3},{"damage":29,"enemies":"Gremlin Leader","floor":25,"turns":7},{"damage":18,"enemies":"Centurion and Healer","floor":27,"turns":5},{"damage":10,"enemies":"Snecko","floor":29,"turns":5},{"damage":50,"enemies":"Book of Stabbing","floor":31,"turns":7},{"damage":54,"enemies":"Automaton","floor":33,"turns":10},{"damage":22,"enemies":"3 Darklings","floor":35,"turns":4},{"damage":25,"enemies":"3 Shapes","floor":37,"turns":2},{"damage":5,"enemies":"3 Darklings","floor":39,"turns":3},{"damage":39,"enemies":"Nemesis","floor":41,"turns":7},{"damage":26,"enemies":"Transient","floor":42,"turns":5},{"damage":6,"enemies":"Sphere and 2 Shapes","floor":45,"turns":3},{"damage":21,"enemies":"Maw","floor":47,"turns":9},{"damage":40,"enemies":"Jaw Worm Horde","floor":48,"turns":3},{"damage":49,"enemies":"Time Eater","floor":50,"turns":7}],"seed_played":"4899452596885696544","potions_obtained":[{"floor":2,"key":"BlessingOfTheForge"},{"floor":3,"key":"Energy Potion"},{"floor":7,"key":"Weak Potion"},{"floor":11,"key":"FearPotion"},{"floor":22,"key":"Energy Potion"},{"floor":31,"key":"AttackPotion"},{"floor":33,"key":"BlessingOfTheForge"},{"floor":34,"key":"FairyPotion"},{"floor":41,"key":"ElixirPotion"},{"floor":45,"key":"SteroidPotion"},{"floor":48,"key":"SmokeBomb"}],"is_trial":false,"path_per_floor":["M","M","M","?","?","R","E","M","T","R","M","M","E","M","R","B",null,"M","$","?","?","M","E","?","E","T","M","R","M","R","E","R","B",null,"M","$","M","$","M","R","E","M","T","$","M","?","M","M","R","B",null],"character_chosen":"IRONCLAD","items_purchased":["Medical Kit","Dramatic Entrance","Mercury Hourglass"],"campfire_rested":3,"item_purchase_floors":[19,19,36],"current_hp_per_floor":[58,57,57,57,57,57,49,50,50,50,41,44,54,52,52,40,87,47,47,47,47,45,31,31,29,29,28,54,59,59,29,55,16,92,81,81,67,67,73,73,46,31,31,31,36,36,32,38,80,49],"gold":139,"neow_bonus":"ONE_RARE_RELIC","is_prod":false,"is_daily":false,"chose_seed":false,"campfire_upgraded":5,"win_rate":0,"timestamp":1618543075,"path_taken":["M","M","M","?","?","R","E","M","T","R","M","?","E","M","R","BOSS","M","$","?","?","?","E","?","E","T","M","R","M","R","E","R","BOSS","M","$","M","$","M","R","E","M","T","$","M","?","M","M","R","BOSS"],"build_version":"2020-12-22","purchased_purges":3,"victory":true,"max_hp_per_floor":[80,80,80,80,80,80,80,80,80,80,80,80,87,87,87,87,87,87,87,87,87,87,87,87,87,87,87,87,87,87,87,87,87,92,92,92,92,92,92,92,92,92,92,92,92,92,92,92,92,92],"card_choices":[{"not_picked":["Clash","Heavy Blade"],"picked":"Pommel Strike","floor":1},{"not_picked":["Heavy Blade","Body Slam"],"picked":"Battle Trance","floor":2},{"not_picked":["Iron Wave","Twin Strike"],"picked":"Immolate","floor":3},{"not_picked":["Blood for Blood","Havoc"],"picked":"Shockwave","floor":7},{"not_picked":["Body Slam","True Grit"],"picked":"Shrug It Off","floor":8},{"not_picked":["Pommel Strike","Sword Boomerang","Iron Wave"],"picked":"SKIP","floor":11},{"not_picked":["Fire Breathing","True Grit","Twin Strike"],"picked":"SKIP","floor":12},{"not_picked":["Havoc","Second Wind","Thunderclap"],"picked":"SKIP","floor":13},{"not_picked":["Entrench","Sentinel","Uppercut"],"picked":"SKIP","floor":14},{"not_picked":["Berserk","Fiend Fire"],"picked":"Impervious","floor":16},{"not_picked":["Anger","Clothesline"],"picked":"Evolve","floor":18},{"not_picked":["Clothesline","Twin Strike","Iron Wave"],"picked":"SKIP","floor":22},{"not_picked":["Sever Soul","Feel No Pain+1"],"picked":"Reaper","floor":23},{"not_picked":["Havoc","Shockwave"],"picked":"Flex","floor":25},{"not_picked":["Feel No Pain","Dropkick","Pommel Strike+1"],"picked":"SKIP","floor":27},{"not_picked":["Seeing Red","Perfected Strike+1","Headbutt"],"picked":"SKIP","floor":29},{"not_picked":["Anger+1","Intimidate+1"],"picked":"Flame Barrier+1","floor":31},{"not_picked":["Brutality","Impervious"],"picked":"Limit Break","floor":33},{"not_picked":["Iron Wave","Evolve"],"picked":"Infernal Blade","floor":34},{"not_picked":["Perfected Strike","Havoc+1","Headbutt"],"picked":"SKIP","floor":35},{"not_picked":["Flex","Clash+1"],"picked":"Headbutt+1","floor":37},{"not_picked":["Twin Strike+1","True Grit"],"picked":"Impervious","floor":39},{"not_picked":["Entrench+1","Iron Wave"],"picked":"Rampage+1","floor":41},{"not_picked":["Anger+1","Clothesline+1"],"picked":"Heavy Blade","floor":42},{"not_picked":["Iron Wave+1","Disarm","Fire Breathing"],"picked":"SKIP","floor":45},{"not_picked":["Pommel Strike+1","Headbutt","Clash"],"picked":"SKIP","floor":47},{"not_picked":["Cleave+1","Power Through+1"],"picked":"Warcry","floor":48}],"player_experience":142326,"relics_obtained":[{"floor":7,"key":"Orichalcum"},{"floor":9,"key":"Omamori"},{"floor":13,"key":"Strawberry"},{"floor":23,"key":"InkBottle"},{"floor":25,"key":"Pocketwatch"},{"floor":26,"key":"Turnip"},{"floor":31,"key":"Happy Flower"},{"floor":41,"key":"Regal Pillow"},{"floor":43,"key":"Sundial"}],"event_choices":[{"damage_healed":0,"gold_gain":0,"player_choice":"Grow","damage_taken":0,"max_hp_gain":0,"max_hp_loss":0,"event_name":"Living Wall","floor":4,"gold_loss":0,"cards_upgraded":["Immolate"]},{"damage_healed":0,"gold_gain":0,"player_choice":"Take Wound","damage_taken":0,"relics_obtained":["Golden Idol"],"max_hp_gain":0,"max_hp_loss":0,"event_name":"Golden Idol","floor":5,"gold_loss":0,"cards_obtained":["Injury"]},{"damage_healed":0,"gold_gain":0,"player_choice":"Read","damage_taken":0,"max_hp_gain":0,"max_hp_loss":0,"event_name":"The Library","floor":20,"gold_loss":0,"cards_obtained":["Spot Weakness"]},{"damage_healed":0,"gold_gain":0,"player_choice":"2 cards matched","damage_taken":0,"max_hp_gain":0,"max_hp_loss":0,"event_name":"Match and Keep!","floor":21,"gold_loss":0,"cards_obtained":["Regret","Trip"]},{"damage_healed":0,"gold_gain":0,"player_choice":"Gave Idol","damage_taken":0,"relics_obtained":["Bloody Idol"],"max_hp_gain":0,"max_hp_loss":0,"event_name":"Forgotten Altar","floor":24,"relics_lost":["Golden Idol"],"gold_loss":0},{"cards_removed":["Evolve"],"damage_healed":0,"gold_gain":0,"player_choice":"Gave Card","damage_taken":0,"relics_obtained":["Juzu Bracelet"],"max_hp_gain":0,"max_hp_loss":0,"event_name":"WeMeetAgain","floor":46,"gold_loss":0}],"is_beta":false,"boss_relics":[{"not_picked":["Runic Cube","Mark of Pain"],"picked":"SlaversCollar"},{"not_picked":["Black Blood","Snecko Eye"],"picked":"Tiny House"}],"items_purged_floors":[19,36,38],"is_endless":false,"potions_floor_spawned":[2,3,7,11,22,23,31,33,41,45,47,48],"ascension_level":2}