{"gold_per_floor":[114,127,145,145,163,189,189,200,225,243,243,243,260,31,31,133,133,149,149,165,175,175,203,203,229,254,273,273,21,21,32,32,131,131,148,158,33,50,50,82,82,82,82,4,16,44,44],"floor_reached":47,"playtime":2965,"items_purged":["Strike_R","Strike_R","Pain"],"score":637,"play_id":"bfd8287a-29ec-432c-a788-f04f9b35f528","local_time":"20210416223010","is_ascension_mode":true,"campfire_choices":[{"data":"Forethought","floor":7,"key":"SMITH"},{"floor":11,"key":"REST"},{"data":"Whirlwind","floor":15,"key":"SMITH"},{"data":"Pommel Strike","floor":24,"key":"SMITH"},{"data":"Inflame","floor":28,"key":"SMITH"},{"data":"Cleave","floor":32,"key":"SMITH"},{"floor":41,"key":"REST"}],"neow_cost":"NONE","seed_source_timestamp":664441756766800,"circlet_count":0,"master_deck":["Defend_R","Defend_R","Defend_R+1","Defend_R","Bash+1","Forethought+1","Pommel Strike+1","Inflame+1","Spot Weakness","Whirlwind+1","Cleave+1","Uppercut","Bloodletting","Headbutt","Impervious","CurseOfTheBell","Uppercut+1","Shrug It Off+1","Bloodletting+1","Battle Trance+1","Burning Pact","Cleave","Bludgeon","Flex+1","Flex+1","Exhume+1","Sword Boomerang+1","Hemokinesis+1","Impervious","Whirlwind","True Grit+1"],"relics":["Burning Blood","Incense Burner","Vajra","Sundial","Lee\u0027s Waffle","Calling Bell","Ancient Tea Set","Question Card","Torii","Toy Ornithopter","Strawberry","Eternal Feather","Happy Flower","Chemical X","Astrolabe","Bird Faced Urn","Boot","Blue Candle"],"potions_floor_usage":[5,10,23,38,39,40,46,46],"damage_taken":[{"damage":10,"enemies":"Small Slimes","floor":1,"turns":4},{"damage":2,"enemies":"Jaw Worm","floor":2,"turns":3},{"damage":1,"enemies":"Cultist","floor":3,"turns":4},{"damage":28,"enemies":"Lots of Slimes","floor":5,"turns":8},{"damage":30,"enemies":"Gremlin Nob","floor":6,"turns":4},{"damage":11,"enemies":"Looter","floor":8,"turns":3},{"damage":13,"enemies":"Exordium Thugs","floor":10,"turns":3},{"damage":9,"enemies":"Large Slime","floor":13,"turns":3},{"damage":70,"enemies":"Hexaghost","floor":16,"turns":9},{"damage":17,"enemies":"Chosen","floor":18,"turns":6},{"damage":33,"enemies":"Spheric Guardian","floor":20,"turns":4},{"damage":21,"enemies":"Snake Plant","floor":21,"turns":4},{"damage":1,"enemies":"Gremlin Leader","floor":23,"turns":7},{"damage":21,"enemies":"Slavers","floor":25,"turns":5},{"damage":16,"enemies":"Centurion and Healer","floor":27,"turns":5},{"damage":13,"enemies":"3 Cultists","floor":31,"turns":6},{"damage":25,"enemies":"Collector","floor":33,"turns":5},{"damage":69,"enemies":"3 Shapes","floor":35,"turns":4},{"damage":3,"enemies":"Orb Walker","floor":36,"turns":3},{"damage":18,"enemies":"Spire Growth","floor":38,"turns":4},{"damage":0,"enemies":"Sphere and 2 Shapes","floor":39,"turns":1},{"damage":30,"enemies":"Nemesis","floor":40,"turns":5},{"damage":16,"enemies":"3 Darklings","floor":45,"turns":4},{"damage":38,"enemies":"Giant Head","floor":46,"turns":6},{"damage":67,"enemies":"Transient","floor":47,"turns":5}],"seed_played":"-6926089005519987927","potions_obtained":[{"floor":2,"key":"Regen Potion"},{"floor":6,"key":"Dexterity Potion"},{"floor":8,"key":"Explosive Potion"},{"floor":10,"key":"Energy Potion"},{"floor":13,"key":"DuplicationPotion"},{"floor":25,"key":"AttackPotion"},{"floor":33,"key":"SmokeBomb"},{"floor":35,"key":"CultistPotion"},{"floor":45,"key":"GamblersBrew"}],"is_trial":false,"path_per_floor":["M","M","M","?","M","E","R","M","T","M","R","T","M","$","R","B",null,"M","?","M","M","?","E","R","E","T","M","R","$","?","M","R","B",null,"M","M","$","M","M","E","R","?","T","$","M","E","M"],"character_chosen":"IRONCLAD","items_purchased":["Lee\u0027s Waffle","Chemical X","DistilledChaos"],"campfire_rested":2,"item_purchase_floors":[14,29,44],"current_hp_per_floor":[76,80,80,64,57,33,33,28,28,21,45,45,42,87,87,23,87,76,76,49,34,34,51,51,36,36,26,41,41,41,34,49,30,94,31,34,34,27,38,19,62,62,62,62,54,34,0],"gold":44,"neow_bonus":"RANDOM_COLORLESS","is_prod":false,"is_daily":false,"chose_seed":false,"campfire_upgraded":5,"win_rate":0,"timestamp":1618626610,"path_taken":["M","M","M","?","M","E","R","M","T","M","R","?","M","?","R","BOSS","M","?","M","M","?","E","R","E","T","M","R","$","?","?","R","BOSS","M","M","$","?","M","E","R","?","T","?","M","E","M"],"build_version":"2020-12-22","purchased_purges":3,"victory":false,"max_hp_per_floor":[80,80,80,80,80,80,80,80,80,80,80,80,80,87,87,87,87,87,87,87,87,87,94,94,94,94,94,94,94,94,94,94,94,94,94,94,94,94,94,94,94,94,94,94,94,94,94],"card_choices":[{"not_picked":["Panacea","Deep Breath"],"picked":"Forethought","floor":0},{"not_picked":["Body Slam","Battle Trance"],"picked":"Pommel Strike","floor":1},{"not_picked":["Pummel","Armaments"],"picked":"Inflame","floor":2},{"not_picked":["Sword Boomerang","Blood for Blood"],"picked":"Spot Weakness","floor":3},{"not_picked":["Thunderclap","Shockwave"],"picked":"Whirlwind","floor":5},{"not_picked":["Shrug It Off","Barricade"],"picked":"Cleave","floor":6},{"not_picked":["Evolve","Thunderclap"],"picked":"Uppercut","floor":8},{"not_picked":["Thunderclap","Flex"],"picked":"Bloodletting","floor":10},{"not_picked":["Inflame","Shockwave"],"picked":"Headbutt","floor":13},{"not_picked":["Fiend Fire","Double Tap"],"picked":"Impervious","floor":16},{"not_picked":["Flex+1","Twin Strike","Sword Boomerang"],"picked":"Uppercut+1","floor":18},{"not_picked":["Dropkick","True Grit+1","Impervious"],"picked":"Shrug It Off+1","floor":20},{"not_picked":["Clash","Thunderclap+1","Twin Strike"],"picked":"Bloodletting+1","floor":21},{"not_picked":["Warcry","Sentinel","Reckless Charge"],"picked":"Battle Trance+1","floor":23},{"not_picked":["Havoc+1","Blood for Blood","Anger","Twin Strike"],"picked":"SKIP","floor":25},{"not_picked":["Dropkick","Berserk","Whirlwind+1"],"picked":"Burning Pact","floor":27},{"not_picked":["Havoc+1","Anger","Sword Boomerang+1"],"picked":"Cleave","floor":31},{"not_picked":["Corruption","Fiend Fire","Double Tap"],"picked":"Bludgeon","floor":33},{"not_picked":["Dual Wield","True Grit","Thunderclap+1"],"picked":"Sword Boomerang+1","floor":35},{"not_picked":["Immolate","Thunderclap+1","Headbutt","Armaments"],"picked":"SKIP","floor":36},{"not_picked":["Dropkick","Clash+1","Reckless Charge+1","Flex+1"],"picked":"SKIP","floor":38},{"not_picked":["Rampage","Bloodletting+1","Dropkick"],"picked":"Hemokinesis+1","floor":40},{"not_picked":["Sword Boomerang","Brutality","Havoc+1"],"picked":"Whirlwind","floor":45},{"not_picked":["Perfected Strike","Carnage","Inflame"],"picked":"True Grit+1","floor":46}],"player_experience":145694,"relics_obtained":[{"floor":6,"key":"Incense Burner"},{"floor":9,"key":"Vajra"},{"floor":12,"key":"Sundial"},{"floor":17,"key":"Ancient Tea Set"},{"floor":17,"key":"Question Card"},{"floor":17,"key":"Torii"},{"floor":23,"key":"Strawberry"},{"floor":25,"key":"Eternal Feather"},{"floor":26,"key":"Happy Flower"},{"floor":40,"key":"Bird Faced Urn"},{"floor":43,"key":"Boot"},{"floor":46,"key":"Blue Candle"}],"event_choices":[{"damage_healed":0,"gold_gain":0,"player_choice":"Entered Light","damage_taken":16,"max_hp_gain":0,"max_hp_loss":0,"event_name":"Shining Light","floor":4,"gold_loss":0,"cards_upgraded":["Bash","Defend_R"]},{"damage_healed":0,"gold_gain":0,"player_choice":"Opened","damage_taken":0,"relics_obtained":["Toy Ornithopter"],"max_hp_gain":0,"max_hp_loss":0,"event_name":"The Mausoleum","floor":19,"gold_loss":0},{"damage_healed":0,"gold_gain":0,"player_choice":"Ignored","damage_taken":0,"max_hp_gain":0,"max_hp_loss":0,"event_name":"Vampires","floor":22,"gold_loss":0},{"damage_healed":0,"gold_gain":0,"player_choice":"1 cards matched","damage_taken":0,"max_hp_gain":0,"max_hp_loss":0,"event_name":"Match and Keep!","floor":30,"gold_loss":0,"cards_obtained":["Pain"]},{"damage_healed":0,"gold_gain":0,"player_choice":"Copied","damage_taken":0,"max_hp_gain":0,"max_hp_loss":0,"event_name":"Duplicator","floor":42,"gold_loss":0,"cards_obtained":["Impervious"]}],"is_beta":false,"boss_relics":[{"not_picked":["Philosopher\u0027s Stone","Busted Crown"],"picked":"Calling Bell"},{"not_picked":["SacredBark","Tiny House"],"picked":"Astrolabe"}],"items_purged_floors":[14,29,37],"is_endless":false,"potions_floor_spawned":[2,6,8,10,13,20,21,25,33,35,39,45],"killed_by":"Transient","ascension_level":3}