{"gold_per_floor":[110,127,127,141,154,181,201,201,254,273,273,253,287,138,138,237,237,249,268,76,96,116,142,142,142,142,153,153,170,181,210,210,210],"floor_reached":33,"playtime":1855,"items_purged":["Strike_R","Strike_R"],"score":375,"play_id":"cd689f26-ac63-4632-979f-067ca263fb1b","local_time":"20210417090111","is_ascension_mode":true,"campfire_choices":[{"data":"Iron Wave","floor":8,"key":"SMITH"},{"data":"Cleave","floor":11,"key":"SMITH"},{"data":"Twin Strike","floor":15,"key":"SMITH"},{"data":"Discovery","floor":25,"key":"SMITH"},{"data":"Immolate","floor":28,"key":"SMITH"},{"data":"Infernal Blade","floor":32,"key":"SMITH"}],"neow_cost":"TEN_PERCENT_HP_LOSS","seed_source_timestamp":703413707133800,"circlet_count":0,"master_deck":["Strike_R","Strike_R","Strike_R","Defend_R","Defend_R","Defend_R","Defend_R","Bash","Twin Strike+1","Clothesline","Twin Strike+1","Iron Wave+1","Intimidate","Ghostly Armor","Cleave+1","Shrug It Off","Immolate+1","Disarm","Headbutt","Discovery+1","Sentinel+1","Sever Soul","Dark Embrace+1","Flex","True Grit","Clothesline","Warcry","Infernal Blade+1"],"relics":["Black Blood","Unceasing Top","Pocketwatch","Pen Nib","Mercury Hourglass","Boot","Question Card","Letter Opener"],"potions_floor_usage":[6,13,22,23,33,33],"damage_taken":[{"damage":11,"enemies":"Small Slimes","floor":1,"turns":7},{"damage":6,"enemies":"Cultist","floor":2,"turns":3},{"damage":6,"enemies":"Jaw Worm","floor":4,"turns":4},{"damage":10,"enemies":"Red Slaver","floor":5,"turns":3},{"damage":16,"enemies":"Lagavulin","floor":6,"turns":7},{"damage":23,"enemies":"Large Slime","floor":7,"turns":6},{"damage":0,"enemies":"3 Louse","floor":10,"turns":3},{"damage":11,"enemies":"Gremlin Nob","floor":13,"turns":4},{"damage":12,"enemies":"Hexaghost","floor":16,"turns":9},{"damage":4,"enemies":"Spheric Guardian","floor":18,"turns":3},{"damage":1,"enemies":"Chosen","floor":19,"turns":3},{"damage":18,"enemies":"Snake Plant","floor":21,"turns":4},{"damage":1,"enemies":"Snecko","floor":22,"turns":4},{"damage":32,"enemies":"Slavers","floor":23,"turns":4},{"damage":11,"enemies":"Sentry and Sphere","floor":27,"turns":3},{"damage":15,"enemies":"3 Cultists","floor":29,"turns":4},{"damage":23,"enemies":"Centurion and Healer","floor":30,"turns":3},{"damage":2,"enemies":"Gremlin Leader","floor":31,"turns":4},{"damage":64,"enemies":"Collector","floor":33,"turns":7}],"seed_played":"1872283242822482722","potions_obtained":[{"floor":4,"key":"HeartOfIron"},{"floor":7,"key":"Ancient Potion"},{"floor":10,"key":"AttackPotion"},{"floor":12,"key":"Block Potion"},{"floor":16,"key":"BloodPotion"},{"floor":23,"key":"BlessingOfTheForge"},{"floor":27,"key":"Energy Potion"},{"floor":30,"key":"SneckoOil"}],"is_trial":false,"path_per_floor":["M","M","?","M","M","E","M","R","T","M","R","?","E","$","R","B",null,"M","M","$","M","M","E","?","R","T","M","R","M","M","E","R","B"],"character_chosen":"IRONCLAD","items_purchased":["DistilledChaos","Discovery"],"campfire_rested":0,"item_purchase_floors":[14,20],"current_hp_per_floor":[67,67,67,67,63,53,36,36,36,42,42,42,37,37,37,31,72,72,72,72,66,72,52,52,52,52,53,53,50,39,49,49,0],"gold":210,"neow_bonus":"ONE_RARE_RELIC","is_prod":false,"is_daily":false,"chose_seed":false,"campfire_upgraded":6,"win_rate":0,"timestamp":1618664471,"path_taken":["M","M","?","M","?","E","?","R","T","M","R","?","E","?","R","BOSS","M","M","$","M","M","E","?","R","T","M","R","?","M","E","R","BOSS"],"build_version":"2020-12-22","purchased_purges":2,"victory":false,"max_hp_per_floor":[72,72,72,72,72,72,72,72,72,72,72,72,72,72,72,72,72,72,72,72,72,72,72,72,72,72,72,72,72,72,72,72,72],"card_choices":[{"not_picked":["Fire Breathing","Sever Soul"],"picked":"Twin Strike","floor":1},{"not_picked":["Fire Breathing","Cleave"],"picked":"Clothesline","floor":2},{"not_picked":["Clash","Warcry"],"picked":"Twin Strike","floor":4},{"not_picked":["Dual Wield","Pummel"],"picked":"Iron Wave","floor":5},{"not_picked":["Sword Boomerang","Warcry"],"picked":"Intimidate","floor":6},{"not_picked":["Warcry","True Grit"],"picked":"Ghostly Armor","floor":7},{"not_picked":["Shrug It Off","Barricade"],"picked":"Cleave","floor":10},{"not_picked":["Cleave","Havoc"],"picked":"Shrug It Off","floor":13},{"not_picked":["Bludgeon","Berserk"],"picked":"Immolate","floor":16},{"not_picked":["Twin Strike","Sword Boomerang"],"picked":"Disarm","floor":18},{"not_picked":["Thunderclap","Pommel Strike"],"picked":"Headbutt","floor":19},{"not_picked":["Iron Wave","Cleave"],"picked":"Sentinel+1","floor":21},{"not_picked":["Body Slam","Disarm"],"picked":"Sever Soul","floor":22},{"not_picked":["Sentinel","Iron Wave"],"picked":"Dark Embrace+1","floor":23},{"not_picked":["Sword Boomerang","Demon Form","Thunderclap"],"picked":"True Grit","floor":27},{"not_picked":["Dual Wield","Thunderclap","Carnage"],"picked":"Clothesline","floor":29},{"not_picked":["Flex+1","Rupture","Sever Soul"],"picked":"Warcry","floor":30},{"not_picked":["Flame Barrier","Sever Soul","Searing Blow+1"],"picked":"Infernal Blade","floor":31}],"player_experience":152423,"relics_obtained":[{"floor":6,"key":"Pocketwatch"},{"floor":9,"key":"Pen Nib"},{"floor":13,"key":"Mercury Hourglass"},{"floor":23,"key":"Boot"},{"floor":26,"key":"Question Card"},{"floor":31,"key":"Letter Opener"}],"event_choices":[{"damage_healed":0,"gold_gain":0,"player_choice":"Upgraded","damage_taken":0,"max_hp_gain":0,"max_hp_loss":0,"event_name":"Upgrade Shrine","floor":3,"gold_loss":0,"cards_upgraded":["Twin Strike"]},{"damage_healed":0,"gold_gain":0,"player_choice":"Bought 1 Potion","damage_taken":0,"max_hp_gain":0,"max_hp_loss":0,"event_name":"The Woman in Blue","floor":12,"gold_loss":0},{"damage_healed":0,"gold_gain":0,"player_choice":"1 cards matched","damage_taken":0,"max_hp_gain":0,"max_hp_loss":0,"event_name":"Match and Keep!","floor":24,"gold_loss":0,"cards_obtained":["Flex"]}],"is_beta":false,"boss_relics":[{"not_picked":["Sozu","Mark of Pain"],"picked":"Black Blood"}],"items_purged_floors":[14,20],"is_endless":false,"potions_floor_spawned":[4,7,10,16,23,27,30,31],"killed_by":"Collector","ascension_level":3}