{"gold_per_floor":[418,593,593,83,95,120,120,132,132,148,168,168,68,100,100,198,248,266,266,285,297,317,317,98,98,125,22,22,22],"floor_reached":29,"playtime":998,"items_purged":["Doubt","Strike_R","Strike_R"],"score":256,"play_id":"1ac0f279-49a5-41e8-8675-42c64d1359f7","local_time":"20210415002504","is_ascension_mode":true,"campfire_choices":[{"data":"Carnage","floor":7,"key":"SMITH"},{"data":"Rampage","floor":12,"key":"SMITH"},{"data":"Flex","floor":15,"key":"SMITH"},{"floor":23,"key":"REST"},{"data":"Warcry","floor":28,"key":"SMITH"}],"neow_cost":"TEN_PERCENT_HP_LOSS","seed_source_timestamp":500505368456500,"circlet_count":0,"master_deck":["Strike_R","Strike_R","Strike_R","Defend_R","Defend_R","Defend_R","Defend_R","Bash","Carnage+1","Rampage+1","Flex+1","Impatience","Disarm","Feel No Pain","Pommel Strike","Intimidate","Headbutt+1","Inflame","Double Tap","Cleave","Purity","Rage","Warcry+1"],"relics":["Burning Blood","Old Coin","Meat on the Bone","Thread and Needle","Mercury Hourglass","Mummified Hand","Tiny House","Paper Frog","Strawberry"],"potions_floor_usage":[6,14,21,22,29,29],"damage_taken":[{"damage":2,"enemies":"Jaw Worm","floor":1,"turns":3},{"damage":0,"enemies":"Cultist","floor":5,"turns":2},{"damage":33,"enemies":"Gremlin Nob","floor":6,"turns":5},{"damage":0,"enemies":"2 Louse","floor":8,"turns":3},{"damage":1,"enemies":"Exordium Wildlife","floor":10,"turns":3},{"damage":2,"enemies":"Looter","floor":11,"turns":3},{"damage":16,"enemies":"3 Sentries","floor":14,"turns":5},{"damage":6,"enemies":"Slime Boss","floor":16,"turns":9},{"damage":20,"enemies":"2 Thieves","floor":18,"turns":4},{"damage":18,"enemies":"Spheric Guardian","floor":20,"turns":4},{"damage":16,"enemies":"3 Cultists","floor":21,"turns":5},{"damage":47,"enemies":"Shelled Parasite and Fungi","floor":22,"turns":6},{"damage":57,"enemies":"Slavers","floor":29,"turns":4}],"seed_played":"4179916238333678626","potions_obtained":[{"floor":1,"key":"FearPotion"},{"floor":5,"key":"SteroidPotion"},{"floor":16,"key":"BloodPotion"},{"floor":17,"key":"LiquidMemories"},{"floor":22,"key":"LiquidMemories"}],"is_trial":false,"path_per_floor":["M","?","?","$","M","E","R","M","T","M","M","R","$","E","R","B",null,"M","T","M","M","M","R","$","?","T","$","R","E"],"character_chosen":"IRONCLAD","items_purchased":["Rampage","Flex","Impatience","Meat on the Bone","Purity","Warcry","AttackPotion"],"campfire_rested":1,"item_purchase_floors":[4,4,4,4,24,27,27],"current_hp_per_floor":[72,72,72,72,72,45,45,51,51,56,60,60,60,50,50,50,77,63,63,51,56,27,50,50,50,57,57,57,0],"gold":22,"neow_bonus":"ONE_RARE_RELIC","is_prod":false,"is_daily":false,"chose_seed":false,"campfire_upgraded":4,"win_rate":0,"timestamp":1618460704,"path_taken":["M","?","?","$","M","E","R","M","T","?","M","R","?","E","R","BOSS","M","?","M","M","M","R","$","?","T","?","R","E"],"build_version":"2020-12-22","purchased_purges":3,"victory":false,"max_hp_per_floor":[72,72,72,72,72,72,72,72,72,72,72,72,72,72,72,72,77,77,77,77,77,77,77,77,77,84,84,84,84],"card_choices":[{"not_picked":["Fire Breathing","Disarm"],"picked":"Carnage","floor":1},{"not_picked":["Rupture","Heavy Blade"],"picked":"Disarm","floor":5},{"not_picked":["True Grit","Reckless Charge"],"picked":"Feel No Pain","floor":6},{"not_picked":["Reckless Charge","Havoc"],"picked":"Pommel Strike","floor":8},{"not_picked":["True Grit","Havoc"],"picked":"Intimidate","floor":10},{"not_picked":["Perfected Strike","Warcry"],"picked":"Headbutt","floor":11},{"not_picked":["Flame Barrier","Uppercut"],"picked":"Inflame","floor":14},{"not_picked":["Impervious","Reaper"],"picked":"Double Tap","floor":16},{"not_picked":["Headbutt","Dark Embrace"],"picked":"Cleave","floor":17},{"not_picked":["Rampage","Pummel","Pommel Strike"],"picked":"SKIP","floor":18},{"not_picked":["Anger","Flex","Infernal Blade"],"picked":"SKIP","floor":20},{"not_picked":["Anger","Clothesline","Twin Strike"],"picked":"SKIP","floor":21},{"not_picked":["Blood for Blood","Fiend Fire","Clothesline"],"picked":"SKIP","floor":22}],"player_experience":132621,"relics_obtained":[{"floor":6,"key":"Thread and Needle"},{"floor":9,"key":"Mercury Hourglass"},{"floor":14,"key":"Mummified Hand"},{"floor":19,"key":"Paper Frog"},{"floor":26,"key":"Strawberry"}],"event_choices":[{"damage_healed":0,"gold_gain":175,"player_choice":"AGREE","damage_taken":0,"max_hp_gain":0,"max_hp_loss":0,"event_name":"Liars Game","floor":2,"gold_loss":0,"cards_obtained":["Doubt"]},{"damage_healed":0,"gold_gain":0,"player_choice":"0 cards matched","damage_taken":0,"max_hp_gain":0,"max_hp_loss":0,"event_name":"Match and Keep!","floor":3,"gold_loss":0,"cards_obtained":[]},{"damage_healed":0,"gold_gain":0,"player_choice":"Read","damage_taken":0,"max_hp_gain":0,"max_hp_loss":0,"event_name":"The Library","floor":25,"gold_loss":0,"cards_obtained":["Rage"]}],"is_beta":false,"boss_relics":[{"not_picked":["Astrolabe","Sozu"],"picked":"Tiny House"}],"items_purged_floors":[4,13,24],"is_endless":false,"potions_floor_spawned":[1,5,16,22],"killed_by":"Slavers","ascension_level":2}