{"gold_per_floor":[114,125,136,86,86,86,124,124,170,210,263,322,346,372,372,498,498,521,535,18,198,23,63,63,82,107,123,141,174,255,271,271,399,399,417,417,72,452,475,475,490,490,490,509,509],"floor_reached":45,"playtime":2109,"items_purged":["Defend_R","Defend_R"],"score":511,"play_id":"1e4ce2d4-f625-46d4-9fff-7dffa663f7af","local_time":"20210410202635","is_ascension_mode":true,"campfire_choices":[{"data":"Armaments","floor":6,"key":"SMITH"},{"data":"Cleave","floor":8,"key":"SMITH"},{"data":"Flame Barrier","floor":15,"key":"SMITH"},{"data":"Blind","floor":24,"key":"SMITH"},{"floor":32,"key":"REST"},{"floor":40,"key":"REST"}],"neow_cost":"NONE","seed_source_timestamp":139489740967800,"circlet_count":0,"master_deck":["Strike_R","Strike_R","Strike_R+1","Strike_R","Strike_R+1","Defend_R","Defend_R","Armaments+1","Flame Barrier+1","Perfected Strike","Cleave+1","Shrug It Off","Bludgeon","Spot Weakness","Metallicize","Blind+1","Jack Of All Trades","Metamorphosis","Inflame","Shrug It Off","Sword Boomerang+1","Whirlwind","Seeing Red","Heavy Blade+1","Thunderclap","Parasite","Demon Form"],"relics":["Burning Blood","Golden Idol","Regal Pillow","Incense Burner","Red Skull","Strawberry","SlaversCollar","Darkstone Periapt","Letter Opener","Centennial Puzzle","Bottled Flame","Kunai","Empty Cage","Bottled Lightning","Old Coin","Whetstone"],"potions_floor_usage":[7,28,28,33,44],"damage_taken":[{"damage":10,"enemies":"Jaw Worm","floor":1,"turns":4},{"damage":0,"enemies":"Small Slimes","floor":2,"turns":3},{"damage":5,"enemies":"2 Louse","floor":3,"turns":4},{"damage":19,"enemies":"Lagavulin","floor":7,"turns":11},{"damage":31,"enemies":"3 Sentries","floor":10,"turns":7},{"damage":12,"enemies":"Large Slime","floor":13,"turns":5},{"damage":24,"enemies":"The Guardian","floor":16,"turns":12},{"damage":28,"enemies":"Spheric Guardian","floor":18,"turns":8},{"damage":2,"enemies":"3 Byrds","floor":19,"turns":4},{"damage":36,"enemies":"Book of Stabbing","floor":23,"turns":5},{"damage":17,"enemies":"Shelled Parasite and Fungi","floor":25,"turns":6},{"damage":20,"enemies":"Centurion and Healer","floor":27,"turns":5},{"damage":0,"enemies":"Snecko","floor":28,"turns":2},{"damage":5,"enemies":"Gremlin Leader","floor":29,"turns":5},{"damage":0,"enemies":"3 Cultists","floor":31,"turns":3},{"damage":46,"enemies":"Automaton","floor":33,"turns":8},{"damage":15,"enemies":"3 Darklings","floor":35,"turns":5},{"damage":65,"enemies":"2 Orb Walkers","floor":38,"turns":6},{"damage":13,"enemies":"Orb Walker","floor":39,"turns":4},{"damage":19,"enemies":"3 Darklings","floor":41,"turns":5},{"damage":26,"enemies":"Writhing Mass","floor":44,"turns":5},{"damage":27,"enemies":"Reptomancer","floor":45,"turns":3}],"seed_played":"-3332915130474034940","potions_obtained":[{"floor":2,"key":"Ancient Potion"},{"floor":10,"key":"Swift Potion"},{"floor":13,"key":"Swift Potion"},{"floor":16,"key":"EssenceOfSteel"},{"floor":19,"key":"Energy Potion"},{"floor":25,"key":"EssenceOfSteel"},{"floor":38,"key":"Ancient Potion"},{"floor":41,"key":"SteroidPotion"},{"floor":44,"key":"SpeedPotion"}],"is_trial":false,"path_per_floor":["M","M","M","?","?","R","E","R","T","E","T","?","M","T","R","B",null,"M","M","$","?","$","E","R","M","T","M","M","E","T","M","R","B",null,"M","?","$","?","M","R","M","?","T","M","E"],"character_chosen":"IRONCLAD","items_purchased":["Darkstone Periapt","Blind","FairyPotion","Metamorphosis","Bottled Lightning"],"campfire_rested":2,"item_purchase_floors":[20,20,20,22,37],"current_hp_per_floor":[84,88,88,88,81,81,68,68,68,43,43,43,37,44,44,26,88,66,70,70,38,38,8,8,29,29,15,21,22,22,28,69,29,88,79,79,79,20,13,53,40,40,40,26,0],"gold":509,"neow_bonus":"TEN_PERCENT_HP_BONUS","is_prod":false,"is_daily":false,"chose_seed":false,"campfire_upgraded":4,"win_rate":0,"timestamp":1618100795,"path_taken":["M","M","M","?","?","R","E","R","T","E","?","?","M","?","R","BOSS","M","M","$","?","$","E","R","?","T","M","M","E","?","M","R","BOSS","M","?","$","?","M","R","M","?","T","M","E"],"build_version":"2020-12-22","purchased_purges":2,"victory":false,"max_hp_per_floor":[88,88,88,88,81,81,81,81,81,81,81,81,81,88,88,88,88,88,88,88,88,88,88,88,88,88,88,88,88,88,88,88,88,88,88,84,84,84,84,84,84,84,84,90,90],"card_choices":[{"not_picked":["Thunderclap","Clothesline"],"picked":"Armaments","floor":1},{"not_picked":["Headbutt","Wild Strike"],"picked":"Flame Barrier","floor":2},{"not_picked":["Brutality","Entrench"],"picked":"Perfected Strike","floor":3},{"not_picked":["Ghostly Armor","Reckless Charge"],"picked":"Cleave","floor":7},{"not_picked":["Feel No Pain","Burning Pact"],"picked":"Sword Boomerang","floor":10},{"not_picked":["Sword Boomerang","Havoc"],"picked":"Shrug It Off","floor":13},{"not_picked":["Limit Break","Berserk"],"picked":"Bludgeon","floor":16},{"not_picked":["True Grit","Anger"],"picked":"Spot Weakness","floor":18},{"not_picked":["Twin Strike","Heavy Blade+1"],"picked":"Metallicize","floor":19},{"not_picked":["True Grit","Havoc"],"picked":"Inflame","floor":23},{"not_picked":["Searing Blow","Clash"],"picked":"Shrug It Off","floor":25},{"not_picked":["Shrug It Off","Armaments"],"picked":"Sword Boomerang+1","floor":27},{"not_picked":["Feel No Pain+1","Shrug It Off"],"picked":"Whirlwind","floor":28},{"not_picked":["Twin Strike","Ghostly Armor","Shrug It Off"],"picked":"SKIP","floor":29},{"not_picked":["Sword Boomerang","Pommel Strike","Clothesline"],"picked":"SKIP","floor":31},{"not_picked":["Brutality","Offering"],"picked":"Berserk","floor":33},{"not_picked":["Fire Breathing","Pommel Strike+1"],"picked":"Seeing Red","floor":35},{"not_picked":["Body Slam+1","Cleave+1"],"picked":"Heavy Blade+1","floor":38},{"not_picked":["Dark Embrace","Clash+1","Feel No Pain"],"picked":"SKIP","floor":39},{"not_picked":["Flex","Cleave+1"],"picked":"Thunderclap","floor":41},{"not_picked":["Spot Weakness+1","Iron Wave+1"],"picked":"Demon Form","floor":44}],"player_experience":104498,"relics_obtained":[{"floor":7,"key":"Regal Pillow"},{"floor":10,"key":"Incense Burner"},{"floor":11,"key":"Red Skull"},{"floor":14,"key":"Strawberry"},{"floor":23,"key":"Letter Opener"},{"floor":26,"key":"Centennial Puzzle"},{"floor":29,"key":"Bottled Flame"},{"floor":30,"key":"Kunai"},{"floor":38,"key":"Old Coin"},{"floor":43,"key":"Whetstone"}],"event_choices":[{"cards_removed":["Bash"],"damage_healed":0,"gold_gain":0,"player_choice":"Card Removal","damage_taken":0,"max_hp_gain":0,"max_hp_loss":0,"event_name":"The Cleric","floor":4,"gold_loss":50},{"damage_healed":0,"gold_gain":0,"player_choice":"Lose Max HP","damage_taken":0,"relics_obtained":["Golden Idol"],"max_hp_gain":0,"max_hp_loss":7,"event_name":"Golden Idol","floor":5,"gold_loss":0},{"damage_healed":0,"gold_gain":59,"player_choice":"Gained Gold","damage_taken":0,"max_hp_gain":0,"max_hp_loss":0,"event_name":"Golden Wing","floor":12,"gold_loss":0},{"damage_healed":0,"gold_gain":180,"player_choice":"GOLD GOLD CARD CARD ","damage_taken":32,"max_hp_gain":0,"max_hp_loss":0,"event_name":"Knowing Skull","floor":21,"potions_obtained":[],"gold_loss":0,"cards_obtained":["Jack Of All Trades","Deep Breath"]},{"damage_healed":0,"gold_gain":0,"player_choice":"Max HP","damage_taken":0,"max_hp_gain":0,"max_hp_loss":4,"event_name":"Winding Halls","floor":36,"gold_loss":0},{"damage_healed":0,"gold_gain":0,"player_choice":"Fight","damage_taken":0,"max_hp_gain":0,"max_hp_loss":0,"event_name":"Mysterious Sphere","floor":38,"gold_loss":0},{"cards_removed":["Berserk"],"damage_healed":0,"gold_gain":0,"player_choice":"Removed Power","damage_taken":0,"max_hp_gain":0,"max_hp_loss":0,"event_name":"Falling","floor":42,"gold_loss":0}],"is_beta":false,"boss_relics":[{"not_picked":["Busted Crown","Philosopher\u0027s Stone"],"picked":"SlaversCollar"},{"not_picked":["Runic Pyramid","SacredBark"],"picked":"Empty Cage"}],"items_purged_floors":[20,37],"is_endless":false,"potions_floor_spawned":[2,10,13,16,19,25,27,38,41,44],"killed_by":"Reptomancer","ascension_level":1}