{"gold_per_floor":[117,130,210,230,71,71,71,96,147,162,13,13,24,24,24,128,178,190,190,210,229,3,3,3],"floor_reached":24,"playtime":900,"items_purged":["Strike_R"],"score":218,"play_id":"80b1b97d-0511-4ddd-8e07-985c81dfd76e","local_time":"20210415000816","is_ascension_mode":true,"campfire_choices":[{"data":"Inflame","floor":6,"key":"SMITH"},{"data":"Heavy Blade","floor":12,"key":"SMITH"},{"data":"Headbutt","floor":15,"key":"SMITH"},{"floor":23,"key":"REST"}],"neow_cost":"PERCENT_DAMAGE","seed_source_timestamp":499595538950000,"circlet_count":0,"master_deck":["Strike_R","Strike_R","Strike_R","Strike_R","Defend_R+1","Defend_R","Defend_R","Defend_R","Bash","Clash","Inflame+1","Headbutt+1","Reaper+1","Immolate","Heavy Blade+1","Inflame","Clash","Decay","Thunderclap","Warcry"],"relics":["Burning Blood","Torii","Bag of Marbles","MealTicket","Tiny House","Membership Card"],"potions_floor_usage":[14,16,20,24],"damage_taken":[{"damage":11,"enemies":"Small Slimes","floor":1,"turns":6},{"damage":6,"enemies":"Cultist","floor":2,"turns":3},{"damage":9,"enemies":"2 Louse","floor":4,"turns":2},{"damage":37,"enemies":"3 Sentries","floor":8,"turns":8},{"damage":1,"enemies":"2 Fungi Beasts","floor":10,"turns":2},{"damage":11,"enemies":"Looter","floor":13,"turns":2},{"damage":0,"enemies":"Large Slime","floor":14,"turns":1},{"damage":30,"enemies":"The Guardian","floor":16,"turns":12},{"damage":35,"enemies":"3 Byrds","floor":18,"turns":7},{"damage":21,"enemies":"Shell Parasite","floor":20,"turns":4},{"damage":58,"enemies":"Centurion and Healer","floor":21,"turns":7},{"damage":68,"enemies":"Chosen and Byrds","floor":24,"turns":6}],"seed_played":"6305542982890313917","potions_obtained":[{"floor":4,"key":"AttackPotion"},{"floor":8,"key":"Ancient Potion"},{"floor":10,"key":"SmokeBomb"},{"floor":13,"key":"ColorlessPotion"},{"floor":17,"key":"DistilledChaos"},{"floor":20,"key":"SpeedPotion"}],"is_trial":false,"path_per_floor":["M","M","?","M","$","R","?","E","T","M","$","R","M","M","R","B",null,"M","?","M","M","$","R","M"],"character_chosen":"IRONCLAD","items_purchased":["Reaper","MealTicket","Membership Card"],"campfire_rested":1,"item_purchase_floors":[5,11,22],"current_hp_per_floor":[51,51,51,48,48,48,48,41,41,60,60,60,55,61,61,45,85,62,62,47,11,26,51,0],"gold":3,"neow_bonus":"ONE_RARE_RELIC","is_prod":false,"is_daily":false,"chose_seed":false,"campfire_upgraded":3,"win_rate":0,"timestamp":1618459696,"path_taken":["M","M","?","M","$","R","?","E","T","M","$","R","?","M","R","BOSS","M","?","M","M","$","R","?"],"build_version":"2020-12-22","purchased_purges":1,"victory":false,"max_hp_per_floor":[80,80,80,80,80,80,80,80,80,80,80,80,80,80,80,80,85,85,85,85,85,85,85,85],"card_choices":[{"not_picked":["Anger","Perfected Strike"],"picked":"Clash","floor":1},{"not_picked":["Uppercut","Twin Strike"],"picked":"Inflame","floor":2},{"not_picked":["Clash","Rupture"],"picked":"Headbutt","floor":4},{"not_picked":["Flex","Cleave"],"picked":"Immolate","floor":8},{"not_picked":["Sword Boomerang","Rampage"],"picked":"Heavy Blade","floor":10},{"not_picked":["Ghostly Armor","Wild Strike","Sentinel"],"picked":"SKIP","floor":13},{"not_picked":["Sword Boomerang","Blood for Blood"],"picked":"Inflame","floor":17},{"not_picked":["Twin Strike+1","Clothesline+1"],"picked":"Clash","floor":18},{"not_picked":["Wild Strike","Rupture"],"picked":"Thunderclap","floor":20},{"not_picked":["Armaments","Thunderclap+1"],"picked":"Warcry","floor":21}],"player_experience":131721,"relics_obtained":[{"floor":8,"key":"Bag of Marbles"}],"event_choices":[{"damage_healed":0,"gold_gain":80,"player_choice":"Gained Gold","damage_taken":0,"max_hp_gain":0,"max_hp_loss":0,"event_name":"Golden Wing","floor":3,"gold_loss":0},{"damage_healed":0,"gold_gain":0,"player_choice":"Upgraded","damage_taken":0,"max_hp_gain":0,"max_hp_loss":0,"event_name":"Upgrade Shrine","floor":7,"gold_loss":0,"cards_upgraded":["Reaper"]},{"damage_healed":0,"gold_gain":0,"player_choice":"Cursed","damage_taken":0,"max_hp_gain":0,"max_hp_loss":0,"event_name":"Wheel of Change","floor":19,"gold_loss":0,"cards_obtained":["Decay"]}],"is_beta":false,"boss_relics":[{"not_picked":["Astrolabe","Runic Cube"],"picked":"Tiny House"}],"items_purged_floors":[22],"is_endless":false,"potions_floor_spawned":[4,8,10,13,20],"killed_by":"Chosen and Byrds","ascension_level":2}