{"gold_per_floor":[109,124,144,164,183,183,215,215,241,270,289,289,318,310,322,438,450,477,503,527,557,16,16,46,46,46,79,79,79,108,108,108,108],"floor_reached":33,"playtime":1976,"items_purged":["Strike_R"],"score":343,"play_id":"8396955f-cdfb-4f07-9707-f6b381254d30","local_time":"20210423183050","is_ascension_mode":true,"campfire_choices":[{"data":"Wild Strike","floor":6.0,"key":"SMITH"},{"data":"Flame Barrier","floor":8.0,"key":"SMITH"},{"data":"Inflame","floor":12.0,"key":"SMITH"},{"floor":15.0,"key":"REST"},{"data":"Demon Form","floor":23,"key":"SMITH"},{"data":"Sword Boomerang","floor":25,"key":"SMITH"},{"data":"Limit Break","floor":32,"key":"SMITH"}],"neow_cost":"NONE","seed_source_timestamp":0,"circlet_count":0,"master_deck":["Strike_R","Strike_R","Strike_R","Strike_R","Defend_R","Defend_R+1","Defend_R","Defend_R","Bash","Inflame+1","True Grit","Wild Strike+1","Flame Barrier+1","Twin Strike","Pommel Strike","Shrug It Off","Pommel Strike","Warcry+1","Demon Form+1","Heavy Blade+1","Sentinel+1","Rage","Sword Boomerang+1","Dark Embrace+1","Limit Break+1","Impervious"],"special_seed":0,"relics":["Black Blood","Centennial Puzzle","Tiny Chest","Happy Flower","MawBank","Shuriken","White Beast Statue","Pantograph","Smiling Mask","War Paint","Molten Egg 2","Sundial"],"potions_floor_usage":[24,27,27,31],"damage_taken":[{"damage":5.0,"enemies":"Cultist","floor":1.0,"turns":4.0},{"damage":6.0,"enemies":"Jaw Worm","floor":2.0,"turns":4.0},{"damage":1.0,"enemies":"2 Louse","floor":3.0,"turns":3.0},{"damage":8.0,"enemies":"Red Slaver","floor":4.0,"turns":5.0},{"damage":16.0,"enemies":"Large Slime","floor":5.0,"turns":7.0},{"damage":29.0,"enemies":"Lagavulin","floor":7.0,"turns":8.0},{"damage":26.0,"enemies":"3 Sentries","floor":10.0,"turns":11.0},{"damage":9.0,"enemies":"Exordium Thugs","floor":11.0,"turns":4.0},{"damage":16.0,"enemies":"Lagavulin","floor":13.0,"turns":8.0},{"damage":9.0,"enemies":"Slime Boss","floor":16.0,"turns":6.0},{"damage":0,"enemies":"Chosen","floor":18,"turns":4},{"damage":17,"enemies":"Spheric Guardian","floor":19,"turns":4},{"damage":25,"enemies":"Centurion and Healer","floor":20,"turns":8},{"damage":33,"enemies":"Sentry and Sphere","floor":21,"turns":7},{"damage":31,"enemies":"Gremlin Leader","floor":24,"turns":7},{"damage":34,"enemies":"Slavers","floor":27,"turns":7},{"damage":20,"enemies":"Colosseum Slavers","floor":28,"turns":6},{"damage":40,"enemies":"Gremlin Leader","floor":30,"turns":6},{"damage":0,"enemies":"Chosen and Byrds","floor":31,"turns":1},{"damage":60,"enemies":"Automaton","floor":33,"turns":6}],"seed_played":"6475276170954317704","potions_obtained":[{"floor":3.0,"key":"Fire Potion"},{"floor":4.0,"key":"PowerPotion"},{"floor":5.0,"key":"LiquidMemories"},{"floor":10.0,"key":"Regen Potion"},{"floor":13.0,"key":"SmokeBomb"},{"floor":14.0,"key":"FairyPotion"},{"floor":24,"key":"Energy Potion"},{"floor":27,"key":"Fruit Juice"},{"floor":30,"key":"Fire Potion"}],"is_trial":false,"path_per_floor":["M","M","M","M","M","R","E","R","T","E","M","R","E","?","R","B",null,"M","M","M","M","$","R","E","R","T","E","?","T","E","M","R","B"],"character_chosen":"IRONCLAD","items_purchased":["Shuriken","White Beast Statue"],"campfire_rested":1,"item_purchase_floors":[22,22],"current_hp_per_floor":[88,88,88,86,76,76,53,53,53,33,30,30,20,20,46,43,88,88,83,70,49,49,49,44,44,44,27,19,19,21,33,33,0],"gold":108,"neow_bonus":"TEN_PERCENT_HP_BONUS","is_prod":false,"is_daily":false,"chose_seed":false,"campfire_upgraded":6,"win_rate":0,"timestamp":1619217050,"path_taken":["M","M","M","M","?","R","E","R","T","E","M","R","E","?","R","BOSS","M","?","M","M","$","R","E","R","T","E","?","?","E","M","R","BOSS"],"build_version":"2020-12-22","purchased_purges":1,"victory":false,"max_hp_per_floor":[88,88,88,88,88,88,88,88,88,88,88,88,88,88,88,88,88,88,88,88,88,88,88,88,88,88,93,93,93,93,93,93,93],"card_choices":[{"not_picked":["Heavy Blade","Metallicize"],"picked":"Inflame","floor":1.0},{"not_picked":["Infernal Blade","Body Slam"],"picked":"True Grit","floor":2.0},{"not_picked":["Flex","Perfected Strike"],"picked":"Wild Strike","floor":3.0},{"not_picked":["Body Slam","Burning Pact"],"picked":"Flame Barrier","floor":4.0},{"not_picked":["Warcry","Evolve"],"picked":"Twin Strike","floor":5.0},{"not_picked":["Iron Wave","Impervious"],"picked":"Pommel Strike","floor":7.0},{"not_picked":["Feel No Pain","Second Wind"],"picked":"Shrug It Off","floor":10.0},{"not_picked":["Rampage","Sword Boomerang"],"picked":"Pommel Strike","floor":11.0},{"not_picked":["Dropkick","Disarm"],"picked":"Warcry","floor":13.0},{"not_picked":["Immolate","Juggernaut"],"picked":"Demon Form","floor":16.0},{"not_picked":["Wild Strike","Thunderclap"],"picked":"Heavy Blade+1","floor":18},{"not_picked":["True Grit","Dropkick"],"picked":"Sentinel+1","floor":19},{"not_picked":["Entrench","Perfected Strike"],"picked":"Rage","floor":20},{"not_picked":["Shrug It Off","Iron Wave+1"],"picked":"Sword Boomerang","floor":21},{"not_picked":["Flex","Clothesline"],"picked":"Dark Embrace+1","floor":24},{"not_picked":["Armaments","Pummel"],"picked":"Limit Break","floor":27},{"not_picked":["Pommel Strike+1","Searing Blow+1"],"picked":"Impervious","floor":30}],"player_experience":168793,"relics_obtained":[{"floor":7.0,"key":"Centennial Puzzle"},{"floor":9.0,"key":"Tiny Chest"},{"floor":10.0,"key":"Happy Flower"},{"floor":13.0,"key":"MawBank"},{"floor":24,"key":"Pantograph"},{"floor":26,"key":"Smiling Mask"},{"floor":27,"key":"War Paint"},{"floor":29,"key":"Molten Egg 2"},{"floor":30,"key":"Sundial"}],"event_choices":[{"damage_healed":0.0,"max_hp_gain":0.0,"max_hp_loss":0.0,"gold_gain":0.0,"event_name":"The Woman in Blue","player_choice":"Bought 1 Potion","floor":14.0,"gold_loss":0.0,"damage_taken":0.0},{"damage_healed":0,"gold_gain":0,"player_choice":"Fight","damage_taken":0,"max_hp_gain":0,"max_hp_loss":0,"event_name":"Colosseum","floor":28,"gold_loss":0},{"damage_healed":0,"gold_gain":0,"player_choice":"Fled From Nobs","damage_taken":0,"max_hp_gain":0,"max_hp_loss":0,"event_name":"Colosseum","floor":28,"gold_loss":0}],"is_beta":false,"boss_relics":[{"not_picked":["Mark of Pain","Coffee Dripper"],"picked":"Black Blood"}],"items_purged_floors":[22],"is_endless":false,"potions_floor_spawned":[3,4,5,10,13,16,19,24,27,28,30,31],"killed_by":"Automaton","ascension_level":1}