{"gold_per_floor":[116,126,145,145,162,193,193,221,221,232,251,251,251,265,265,370,370,388,400,11,24,24],"floor_reached":22,"playtime":796,"items_purged":[],"score":250,"play_id":"b2965486-c357-4c8b-b2a6-09f5fdbb7236","local_time":"20210427201601","is_ascension_mode":true,"campfire_choices":[{"data":"Perfected Strike","floor":7,"key":"SMITH"},{"floor":12,"key":"REST"},{"data":"Twin Strike","floor":15,"key":"SMITH"}],"neow_cost":"NONE","seed_source_timestamp":699510274366900,"circlet_count":0,"master_deck":["Strike_R","Strike_R","Strike_R","Strike_R","Strike_R","Defend_R","Defend_R+1","Defend_R+1","Defend_R","Bash","Entrench","Twin Strike+1","Entrench","Perfected Strike+1","Thunderclap","Iron Wave","True Grit","Juggernaut","Havoc","Twin Strike"],"relics":["Busted Crown","Ancient Tea Set","War Paint","Mummified Hand","Meat on the Bone","Black Star","Frozen Egg 2","Frozen Eye"],"potions_floor_usage":[5,18,19],"damage_taken":[{"damage":4,"enemies":"Jaw Worm","floor":1,"turns":3},{"damage":5,"enemies":"Cultist","floor":2,"turns":4},{"damage":1,"enemies":"2 Louse","floor":3,"turns":2},{"damage":4,"enemies":"Large Slime","floor":5,"turns":4},{"damage":30,"enemies":"Lagavulin","floor":6,"turns":5},{"damage":13,"enemies":"Gremlin Nob","floor":8,"turns":3},{"damage":1,"enemies":"2 Fungi Beasts","floor":10,"turns":2},{"damage":0,"enemies":"Looter","floor":11,"turns":2},{"damage":0,"enemies":"Exordium Thugs","floor":14,"turns":3},{"damage":2,"enemies":"Slime Boss","floor":16,"turns":9},{"damage":11,"enemies":"2 Thieves","floor":18,"turns":3},{"damage":15,"enemies":"3 Byrds","floor":19,"turns":4},{"damage":4,"enemies":"Snecko","floor":21,"turns":4},{"damage":35,"enemies":"Sentry and Sphere","floor":22,"turns":5}],"seed_played":"5013083392977207791","potions_obtained":[{"floor":1,"key":"Fire Potion"},{"floor":5,"key":"FairyPotion"},{"floor":11,"key":"Fire Potion"},{"floor":16,"key":"Explosive Potion"},{"floor":19,"key":"Dexterity Potion"}],"is_trial":false,"path_per_floor":["M","M","M","?","M","E","R","E","T","M","M","R","T","M","R","B",null,"M","M","$","M","M"],"character_chosen":"IRONCLAD","items_purchased":["Frozen Egg 2","Frozen Eye"],"campfire_rested":1,"item_purchase_floors":[20,20],"current_hp_per_floor":[76,71,70,70,66,36,36,23,23,22,22,46,46,46,46,44,71,60,45,45,41,6],"gold":24,"neow_bonus":"BOSS_RELIC","is_prod":false,"is_daily":false,"chose_seed":false,"campfire_upgraded":2,"win_rate":0,"timestamp":1619568961,"path_taken":["M","M","M","?","M","E","R","E","T","M","M","R","?","M","R","BOSS","M","M","$","M","?"],"build_version":"2020-12-22","purchased_purges":0,"victory":false,"max_hp_per_floor":[80,80,80,80,80,80,80,80,80,80,80,80,80,80,80,80,80,80,80,80,80,80],"card_choices":[{"not_picked":[],"picked":"Entrench","floor":1},{"not_picked":[],"picked":"Twin Strike","floor":2},{"not_picked":[],"picked":"Entrench","floor":3},{"not_picked":[],"picked":"Perfected Strike","floor":5},{"not_picked":[],"picked":"Thunderclap","floor":6},{"not_picked":[],"picked":"Iron Wave","floor":8},{"not_picked":[],"picked":"True Grit","floor":10},{"not_picked":["Flex"],"picked":"SKIP","floor":11},{"not_picked":["Warcry"],"picked":"SKIP","floor":14},{"not_picked":[],"picked":"Juggernaut","floor":16},{"not_picked":[],"picked":"Havoc","floor":18},{"not_picked":[],"picked":"Twin Strike","floor":19},{"not_picked":["Clothesline+1"],"picked":"SKIP","floor":21}],"player_experience":205519,"relics_obtained":[{"floor":6,"key":"Ancient Tea Set"},{"floor":8,"key":"War Paint"},{"floor":9,"key":"Mummified Hand"},{"floor":13,"key":"Meat on the Bone"}],"event_choices":[{"damage_healed":0,"gold_gain":0,"player_choice":"Ignored","damage_taken":0,"max_hp_gain":0,"max_hp_loss":0,"event_name":"Liars Game","floor":4,"gold_loss":0}],"is_beta":false,"boss_relics":[{"not_picked":["Velvet Choker","Ectoplasm"],"picked":"Black Star"}],"items_purged_floors":[],"is_endless":false,"potions_floor_spawned":[1,5,11,16,19],"killed_by":"Sentry and Sphere","ascension_level":5}