{"gold_per_floor":[112,125,125,138,88,88,119,132,184,196,69,87,87],"floor_reached":13,"playtime":880,"items_purged":[],"score":109,"play_id":"caea44cb-2b99-45ba-a4a9-02b90a85e5fd","local_time":"20210427211143","is_ascension_mode":true,"campfire_choices":[{"data":"Anger","floor":6,"key":"SMITH"}],"neow_cost":"NONE","seed_source_timestamp":702768483891200,"circlet_count":0,"master_deck":["Strike_R","Strike_R","Strike_R","Defend_R","Defend_R+1","Defend_R","Bash+1","Infernal Blade","Anger+1","Rage","Thunderclap","Dual Wield","Sentinel","Wild Strike","Fire Breathing"],"relics":["Empty Cage","White Beast Statue","Boot"],"potions_floor_usage":[10],"damage_taken":[{"damage":5,"enemies":"Small Slimes","floor":1,"turns":6},{"damage":2,"enemies":"Jaw Worm","floor":2,"turns":3},{"damage":0,"enemies":"Cultist","floor":4,"turns":2},{"damage":2,"enemies":"Gremlin Nob","floor":7,"turns":3},{"damage":4,"enemies":"Large Slime","floor":8,"turns":4},{"damage":19,"enemies":"Exordium Thugs","floor":10,"turns":5},{"damage":20,"enemies":"3 Louse","floor":12,"turns":3},{"damage":6,"enemies":"The Mushroom Lair","floor":13,"turns":2}],"seed_played":"6492638233691454775","potions_obtained":[{"floor":1,"key":"PowerPotion"},{"floor":8,"key":"FairyPotion"},{"floor":10,"key":"Weak Potion"},{"floor":12,"key":"Block Potion"}],"is_trial":false,"path_per_floor":["M","M","?","M","?","R","E","M","T","M","$","M","?"],"character_chosen":"IRONCLAD","items_purchased":["Sentinel","Wild Strike"],"campfire_rested":0,"item_purchase_floors":[11,11],"current_hp_per_floor":[75,73,57,57,57,57,55,51,51,32,32,12,6],"gold":87,"neow_bonus":"BOSS_RELIC","is_prod":false,"is_daily":false,"chose_seed":false,"campfire_upgraded":1,"win_rate":0,"timestamp":1619572303,"path_taken":["M","M","?","M","?","R","E","M","T","M","$","M","?"],"build_version":"2020-12-22","purchased_purges":0,"victory":false,"max_hp_per_floor":[80,80,80,80,80,80,80,80,80,80,80,80,80],"card_choices":[{"not_picked":["Heavy Blade","Clash"],"picked":"Infernal Blade","floor":1},{"not_picked":["Flex","Hemokinesis"],"picked":"Anger","floor":2},{"not_picked":["Clothesline","Body Slam","Warcry"],"picked":"SKIP","floor":4},{"not_picked":["Fire Breathing","Entrench"],"picked":"Rage","floor":7},{"not_picked":["Armaments","Headbutt"],"picked":"Thunderclap","floor":8},{"not_picked":["Thunderclap","Clothesline"],"picked":"Dual Wield","floor":10},{"not_picked":["Hemokinesis","Anger"],"picked":"Fire Breathing","floor":12}],"player_experience":207445,"relics_obtained":[{"floor":7,"key":"White Beast Statue"},{"floor":9,"key":"Boot"}],"event_choices":[{"damage_healed":0,"gold_gain":0,"player_choice":"Entered Light","damage_taken":16,"max_hp_gain":0,"max_hp_loss":0,"event_name":"Shining Light","floor":3,"gold_loss":0,"cards_upgraded":["Bash","Defend_R"]},{"cards_removed":["Strike_R"],"damage_healed":0,"gold_gain":0,"player_choice":"Card Removal","damage_taken":0,"max_hp_gain":0,"max_hp_loss":0,"event_name":"The Cleric","floor":5,"gold_loss":50},{"damage_healed":0,"gold_gain":0,"player_choice":"Fought Mushrooms","damage_taken":0,"max_hp_gain":0,"max_hp_loss":0,"event_name":"Mushrooms","floor":13,"gold_loss":0}],"is_beta":false,"boss_relics":[],"items_purged_floors":[],"is_endless":false,"potions_floor_spawned":[1,8,10,12],"killed_by":"The Mushroom Lair","ascension_level":5}