{"gold_per_floor":[110,124,124,140,158,158,186,203,203,238,257,257,289,305,305,405,405,423,443,443,454,473,500,500,530,530,530,530,547,547,557,557,662,662,674,1673,1583,1597,718,718,738,758,782,810,128,128,138,150,150,150,150,150,54,81,81],"floor_reached":55,"playtime":2289,"items_purged":["Normality","Normality"],"score":949,"play_id":"f0a95250-32b4-420f-bc24-b139f59fd177","local_time":"20210426222409","is_ascension_mode":true,"campfire_choices":[{"data":"Carnage","floor":6,"key":"SMITH"},{"floor":12,"key":"REST"},{"data":"Bludgeon","floor":15,"key":"SMITH"},{"data":"Flame Barrier","floor":24,"key":"SMITH"},{"floor":27,"key":"REST"},{"data":"Perfected Strike","floor":30,"key":"SMITH"},{"data":"Bash","floor":32,"key":"SMITH"},{"data":"Feed","floor":40,"key":"SMITH"},{"floor":46,"key":"REST"},{"floor":49,"key":"RECALL"},{"data":"Double Tap","floor":52,"key":"SMITH"}],"neow_cost":"NONE","seed_source_timestamp":619305376098700,"circlet_count":0,"master_deck":["Defend_R","Defend_R","Defend_R","Defend_R","Bash+1","Battle Trance+1","Carnage+1","Pummel","Twin Strike","Armaments","Seeing Red","Perfected Strike+1","Perfected Strike","Bludgeon+1","Pommel Strike","Demon Form+1","Perfected Strike","Perfected Strike+1","Flame Barrier+1","Heavy Blade","Clothesline","Sever Soul","Parasite","Dark Embrace+1","Disarm+1","Feed+1","Perfected Strike","Dual Wield","Parasite","Armaments+1","Double Tap+1","Pain","Fire Breathing+1","Heavy Blade","Evolve+1","Pommel Strike+1"],"relics":["Snecko Eye","Du-Vu Doll","Shuriken","Frozen Egg 2","Cursed Key","InkBottle","Pocketwatch","Oddly Smooth Stone","Empty Cage","Ginger","Kunai","Cauldron","Orichalcum","Meat on the Bone","Blue Candle","Dream Catcher","Medical Kit","Toy Ornithopter"],"potions_floor_usage":[25,33,41,50,50,50,54,54,54,54,54,55,55],"damage_taken":[{"damage":4,"enemies":"2 Louse","floor":1,"turns":2},{"damage":0,"enemies":"Small Slimes","floor":2,"turns":3},{"damage":7,"enemies":"Jaw Worm","floor":4,"turns":2},{"damage":15,"enemies":"3 Louse","floor":5,"turns":2},{"damage":5,"enemies":"Gremlin Nob","floor":7,"turns":3},{"damage":1,"enemies":"Looter","floor":8,"turns":2},{"damage":20,"enemies":"3 Sentries","floor":10,"turns":7},{"damage":0,"enemies":"Red Slaver","floor":11,"turns":2},{"damage":15,"enemies":"Lagavulin","floor":13,"turns":4},{"damage":0,"enemies":"3 Louse","floor":14,"turns":2},{"damage":24,"enemies":"The Guardian","floor":16,"turns":4},{"damage":0,"enemies":"Spheric Guardian","floor":18,"turns":1},{"damage":7,"enemies":"Chosen","floor":19,"turns":3},{"damage":9,"enemies":"Snake Plant","floor":21,"turns":2},{"damage":0,"enemies":"Cultist and Chosen","floor":22,"turns":3},{"damage":18,"enemies":"Gremlin Leader","floor":23,"turns":4},{"damage":29,"enemies":"Book of Stabbing","floor":25,"turns":3},{"damage":0,"enemies":"Sentry and Sphere","floor":29,"turns":3},{"damage":0,"enemies":"Shelled Parasite and Fungi","floor":31,"turns":2},{"damage":14,"enemies":"Automaton","floor":33,"turns":4},{"damage":0,"enemies":"Orb Walker","floor":35,"turns":1},{"damage":8,"enemies":"3 Shapes","floor":38,"turns":3},{"damage":4,"enemies":"Writhing Mass","floor":41,"turns":5},{"damage":7,"enemies":"4 Shapes","floor":42,"turns":3},{"damage":12,"enemies":"Reptomancer","floor":44,"turns":2},{"damage":0,"enemies":"Spire Growth","floor":47,"turns":2},{"damage":3,"enemies":"3 Darklings","floor":48,"turns":3},{"damage":79,"enemies":"Awakened One","floor":50,"turns":6},{"damage":7,"enemies":"Shield and Spear","floor":54,"turns":3},{"damage":120,"enemies":"The Heart","floor":55,"turns":5}],"seed_played":"-4316018558735980605","potions_obtained":[{"floor":4,"key":"PowerPotion"},{"floor":7,"key":"Explosive Potion"},{"floor":8,"key":"AttackPotion"},{"floor":25,"key":"FearPotion"},{"floor":33,"key":"Weak Potion"},{"floor":39,"key":"EntropicBrew"},{"floor":47,"key":"BloodPotion"},{"floor":54,"key":"FearPotion"}],"is_trial":false,"path_per_floor":["M","M","?","M","M","R","E","M","T","E","M","R","E","M","R","B",null,"M","M","?","M","M","E","R","E","T","R","?","M","R","M","R","B",null,"M","?","?","M","$","R","M","M","T","E","$","R","M","M","R","B",null,"R","$","E","B"],"character_chosen":"IRONCLAD","items_purchased":["Ginger","Kunai","Cauldron","Perfected Strike","Dual Wield","Blue Candle","Dream Catcher","Medical Kit","SteroidPotion","EntropicBrew"],"campfire_rested":3,"item_purchase_floors":[39,39,39,39,39,45,45,45,45,53],"current_hp_per_floor":[76,76,76,69,54,54,49,48,48,28,28,52,37,37,37,13,80,80,73,73,64,64,46,46,17,17,41,41,41,41,41,41,27,80,80,80,80,75,75,75,75,72,72,60,60,87,87,84,84,35,91,91,91,88,0],"gold":81,"neow_bonus":"BOSS_RELIC","is_prod":false,"is_daily":false,"chose_seed":false,"campfire_upgraded":7,"win_rate":0,"timestamp":1619490249,"path_taken":["M","M","?","M","M","R","E","M","T","E","M","R","E","M","R","BOSS","M","M","?","M","M","E","R","E","T","R","?","M","R","M","R","BOSS","M","?","?","?","?","R","M","M","T","E","$","R","M","M","R","BOSS","R","$","E","BOSS"],"build_version":"2020-12-22","purchased_purges":2,"victory":false,"max_hp_per_floor":[80,80,80,80,80,80,80,80,80,80,80,80,80,80,80,80,80,80,80,80,80,80,80,80,80,80,80,80,80,80,80,80,80,80,80,80,80,83,83,83,87,91,91,91,91,91,91,91,91,91,91,91,91,95,95],"card_choices":[{"not_picked":["Flex","Pommel Strike"],"picked":"Battle Trance","floor":1},{"not_picked":["Clothesline","Fire Breathing"],"picked":"Carnage","floor":2},{"not_picked":["Dropkick","True Grit"],"picked":"Twin Strike","floor":4},{"not_picked":["Hemokinesis","Brutality"],"picked":"Armaments","floor":5},{"not_picked":["Sword Boomerang","Armaments"],"picked":"Seeing Red","floor":7},{"not_picked":["Sword Boomerang","Seeing Red"],"picked":"Perfected Strike","floor":8},{"not_picked":["Headbutt","Pommel Strike"],"picked":"Perfected Strike","floor":10},{"not_picked":["Rupture","Clash","Body Slam"],"picked":"SKIP","floor":11},{"not_picked":["Thunderclap","Searing Blow"],"picked":"Bludgeon","floor":13},{"not_picked":["Reckless Charge","Sword Boomerang"],"picked":"Pommel Strike","floor":14},{"not_picked":["Immolate","Brutality+1"],"picked":"Demon Form+1","floor":16},{"not_picked":["Thunderclap","Rampage"],"picked":"Perfected Strike","floor":18},{"not_picked":["Flex","Shockwave"],"picked":"Perfected Strike+1","floor":19},{"not_picked":["Twin Strike+1","Entrench"],"picked":"Flame Barrier","floor":21},{"not_picked":["Disarm+1","Shrug It Off+1"],"picked":"Heavy Blade","floor":22},{"not_picked":["Power Through","Inflame+1"],"picked":"Clothesline","floor":23},{"not_picked":["Disarm+1","Power Through+1"],"picked":"Sever Soul","floor":25},{"not_picked":["Armaments","Havoc+1","Sword Boomerang"],"picked":"SKIP","floor":29},{"not_picked":["Wild Strike","Armaments"],"picked":"Disarm+1","floor":31},{"not_picked":["Double Tap","Limit Break"],"picked":"Feed","floor":33},{"not_picked":["Clash","Burning Pact+1","Rupture+1"],"picked":"SKIP","floor":35},{"not_picked":["Combust+1","True Grit+1","Burning Pact+1"],"picked":"SKIP","floor":38},{"not_picked":["Shrug It Off","Clash+1"],"picked":"Armaments+1","floor":41},{"not_picked":["Shrug It Off+1","Blood for Blood+1"],"picked":"Double Tap","floor":42},{"not_picked":["Flex","Rampage+1"],"picked":"Fire Breathing+1","floor":44},{"not_picked":["Dropkick","Iron Wave+1"],"picked":"Heavy Blade","floor":46},{"not_picked":["Anger+1","True Grit+1","Armaments"],"picked":"SKIP","floor":47},{"not_picked":["Infernal Blade","Headbutt"],"picked":"Evolve+1","floor":48},{"not_picked":["Thunderclap","Ghostly Armor+1"],"picked":"Pommel Strike+1","floor":54}],"player_experience":191155,"relics_obtained":[{"floor":7,"key":"Du-Vu Doll"},{"floor":10,"key":"Shuriken"},{"floor":13,"key":"Frozen Egg 2"},{"floor":23,"key":"InkBottle"},{"floor":25,"key":"Pocketwatch"},{"floor":26,"key":"Oddly Smooth Stone"},{"floor":43,"key":"Orichalcum"},{"floor":44,"key":"Meat on the Bone"},{"floor":54,"key":"Toy Ornithopter"}],"event_choices":[{"damage_healed":0,"gold_gain":0,"cards_transformed":["Strike_R"],"player_choice":"Change","damage_taken":0,"max_hp_gain":0,"max_hp_loss":0,"event_name":"Living Wall","floor":3,"gold_loss":0,"cards_obtained":["Pummel"]},{"damage_healed":0,"gold_gain":0,"player_choice":"Ignored","damage_taken":0,"max_hp_gain":0,"max_hp_loss":0,"event_name":"Ghosts","floor":20,"gold_loss":0},{"damage_healed":0,"gold_gain":0,"cards_transformed":["Strike_R","Strike_R"],"player_choice":"Became Test Subject","damage_taken":0,"max_hp_gain":0,"max_hp_loss":0,"event_name":"Drug Dealer","floor":28,"gold_loss":0,"cards_obtained":["Dark Embrace","Body Slam"]},{"damage_healed":0,"gold_gain":999,"player_choice":"Gold","damage_taken":0,"max_hp_gain":0,"max_hp_loss":0,"event_name":"MindBloom","floor":36,"gold_loss":0,"cards_obtained":["Normality","Normality"]},{"cards_removed":["Strike_R"],"damage_healed":0,"gold_gain":0,"player_choice":"Upgrade and Remove","damage_taken":0,"max_hp_gain":0,"max_hp_loss":0,"event_name":"Designer","floor":37,"gold_loss":90,"cards_upgraded":["Battle Trance"]}],"is_beta":false,"boss_relics":[{"not_picked":["Coffee Dripper","Mark of Pain"],"picked":"Cursed Key"},{"not_picked":["Busted Crown","Runic Cube"],"picked":"Empty Cage"}],"items_purged_floors":[39,45],"is_endless":false,"potions_floor_spawned":[4,7,8,10,11,21,23,25,31,33,47,54],"killed_by":"The Heart","ascension_level":3}