{"gold_per_floor":[110,124,94,112,125,151,166,266,266,266,284,284,311,321,321,421,421,435,452,466,491,503,503,534,534,534,72,72,83,83,100,100,100],"floor_reached":33,"playtime":1700,"items_purged":["Strike_R"],"score":439,"play_id":"b362110a-0108-46a2-9010-25571a88db3f","local_time":"20210427223020","is_ascension_mode":true,"campfire_choices":[{"data":"Bash","floor":10,"key":"SMITH"},{"data":"Sever Soul","floor":12,"key":"SMITH"},{"data":"Wild Strike","floor":15,"key":"SMITH"},{"data":"True Grit","floor":23,"key":"SMITH"},{"data":"Shrug It Off","floor":25,"key":"SMITH"},{"data":"Thunderclap","floor":32,"key":"SMITH"}],"neow_cost":"NONE","seed_source_timestamp":706665370465200,"circlet_count":0,"master_deck":["Strike_R","Strike_R","Strike_R","Defend_R","Defend_R","Defend_R","Defend_R","Bash+1","Shrug It Off+1","Wild Strike","Wild Strike","Wild Strike+1","True Grit+1","Anger","Sever Soul+1","Pommel Strike","Clothesline","Juggernaut","Uppercut","Power Through+1","Cleave","Thunderclap+1","Sword Boomerang+1","Whirlwind+1","Feed+1","Shockwave","Blood for Blood+1","Immolate+1","Wild Strike+1"],"relics":["Burning Blood","Self Forming Clay","WingedGreaves","Coffee Dripper","Red Mask","Molten Egg 2","Bag of Marbles"],"potions_floor_usage":[6,11,16,20,21,24,29,29,33,33,33],"damage_taken":[{"damage":9,"enemies":"Jaw Worm","floor":1,"turns":4},{"damage":3,"enemies":"Cultist","floor":2,"turns":4},{"damage":5,"enemies":"Small Slimes","floor":4,"turns":4},{"damage":2,"enemies":"2 Fungi Beasts","floor":5,"turns":3},{"damage":25,"enemies":"3 Sentries","floor":6,"turns":9},{"damage":6,"enemies":"Blue Slaver","floor":7,"turns":3},{"damage":6,"enemies":"Exordium Thugs","floor":11,"turns":6},{"damage":45,"enemies":"Lagavulin","floor":13,"turns":8},{"damage":0,"enemies":"3 Louse","floor":14,"turns":3},{"damage":0,"enemies":"Slime Boss","floor":16,"turns":7},{"damage":14,"enemies":"Shell Parasite","floor":18,"turns":3},{"damage":19,"enemies":"Spheric Guardian","floor":19,"turns":4},{"damage":7,"enemies":"Centurion and Healer","floor":20,"turns":5},{"damage":9,"enemies":"Masked Bandits","floor":21,"turns":5},{"damage":14,"enemies":"3 Cultists","floor":22,"turns":5},{"damage":40,"enemies":"Gremlin Leader","floor":24,"turns":8},{"damage":11,"enemies":"Shelled Parasite and Fungi","floor":29,"turns":4},{"damage":6,"enemies":"Sentry and Sphere","floor":31,"turns":4},{"damage":28,"enemies":"Collector","floor":33,"turns":3}],"seed_played":"-6383211809994624105","potions_obtained":[{"floor":2,"key":"Block Potion"},{"floor":3,"key":"EssenceOfSteel"},{"floor":3,"key":"Energy Potion"},{"floor":6,"key":"GamblersBrew"},{"floor":13,"key":"Regen Potion"},{"floor":16,"key":"ElixirPotion"},{"floor":20,"key":"DistilledChaos"},{"floor":22,"key":"PowerPotion"},{"floor":29,"key":"Fire Potion"}],"is_trial":false,"path_per_floor":["M","M","?","M","M","E","M","?","T","R","M","R","E","M","R","B",null,"M","M","M","?","M","R","E","R","T","$","?","M","?","M","R","B"],"character_chosen":"IRONCLAD","items_purchased":["Whirlwind+1","Feed+1","Shockwave","EntropicBrew"],"campfire_rested":0,"item_purchase_floors":[27,27,27,27],"current_hp_per_floor":[85,88,88,88,88,69,69,69,69,69,69,69,30,36,36,42,77,69,56,67,64,56,56,22,22,22,22,22,21,21,21,21,0],"gold":100,"neow_bonus":"TEN_PERCENT_HP_BONUS","is_prod":false,"is_daily":false,"chose_seed":false,"campfire_upgraded":6,"win_rate":0,"timestamp":1619577020,"path_taken":["M","M","?","M","?","E","M","?","T","R","M","R","E","M","R","BOSS","M","?","?","?","M","R","E","R","T","$","?","?","?","M","R","BOSS"],"build_version":"2020-12-22","purchased_purges":1,"victory":false,"max_hp_per_floor":[88,88,88,88,88,88,88,88,88,88,88,88,88,88,88,88,88,88,88,88,88,88,88,88,88,88,88,88,92,92,92,92,92],"card_choices":[{"not_picked":["Clash","Searing Blow"],"picked":"Shrug It Off","floor":1},{"not_picked":["Perfected Strike","Clash"],"picked":"Wild Strike","floor":2},{"not_picked":["Intimidate","Burning Pact"],"picked":"Wild Strike","floor":4},{"not_picked":["Warcry","Headbutt"],"picked":"Wild Strike","floor":5},{"not_picked":["Heavy Blade","Body Slam"],"picked":"True Grit","floor":6},{"not_picked":["Reckless Charge","Iron Wave"],"picked":"Anger","floor":7},{"not_picked":["Pommel Strike","Pummel"],"picked":"Sever Soul","floor":11},{"not_picked":["Rampage","Barricade"],"picked":"Pommel Strike","floor":13},{"not_picked":["Warcry","Pummel"],"picked":"Clothesline","floor":14},{"not_picked":["Demon Form","Double Tap"],"picked":"Juggernaut","floor":16},{"not_picked":["Clothesline","Body Slam"],"picked":"Uppercut","floor":18},{"not_picked":["Entrench","Anger+1"],"picked":"Power Through+1","floor":19},{"not_picked":["Clothesline+1","Perfected Strike"],"picked":"Cleave","floor":20},{"not_picked":["Warcry","Havoc"],"picked":"Thunderclap","floor":21},{"not_picked":["Perfected Strike+1","Rampage","Armaments"],"picked":"SKIP","floor":22},{"not_picked":["Wild Strike+1","Seeing Red"],"picked":"Sword Boomerang+1","floor":24},{"not_picked":["Dual Wield","Clash+1"],"picked":"Immolate+1","floor":29},{"not_picked":["Heavy Blade+1","Headbutt+1"],"picked":"Wild Strike+1","floor":31}],"player_experience":208517,"relics_obtained":[{"floor":6,"key":"Self Forming Clay"},{"floor":13,"key":"WingedGreaves"},{"floor":21,"key":"Red Mask"},{"floor":26,"key":"Molten Egg 2"}],"event_choices":[{"damage_healed":0,"gold_gain":0,"player_choice":"Bought 2 Potions","damage_taken":0,"max_hp_gain":0,"max_hp_loss":0,"event_name":"The Woman in Blue","floor":3,"gold_loss":0},{"damage_healed":0,"gold_gain":100,"player_choice":"Pray","damage_taken":0,"max_hp_gain":0,"max_hp_loss":0,"event_name":"Golden Shrine","floor":8,"gold_loss":0},{"damage_healed":0,"gold_gain":0,"player_choice":"Fought Bandits","damage_taken":0,"max_hp_gain":0,"max_hp_loss":0,"event_name":"Masked Bandits","floor":21,"gold_loss":0},{"damage_healed":0,"gold_gain":0,"cards_transformed":["Strike_R"],"player_choice":"Transformed","damage_taken":0,"max_hp_gain":0,"max_hp_loss":0,"event_name":"Transmorgrifier","floor":28,"gold_loss":0,"cards_obtained":["Blood for Blood"]},{"damage_healed":0,"gold_gain":0,"player_choice":"Opened","damage_taken":0,"relics_obtained":["Bag of Marbles"],"max_hp_gain":0,"max_hp_loss":0,"event_name":"The Mausoleum","floor":30,"gold_loss":0}],"is_beta":false,"boss_relics":[{"not_picked":["Tiny House","Empty Cage"],"picked":"Coffee Dripper"}],"items_purged_floors":[27],"is_endless":false,"potions_floor_spawned":[2,6,13,14,16,20,22,29,31],"killed_by":"Collector","ascension_level":5}