{"gold_per_floor":[115,130,143,153,153,153,179,195,195,228,25,54,54,80,80,80],"floor_reached":16,"playtime":692,"items_purged":[],"score":181,"play_id":"bd527855-5ad4-49a4-8cc0-7c6fcc07986f","local_time":"20210427191405","is_ascension_mode":true,"campfire_choices":[{"data":"Perfected Strike","floor":6,"key":"SMITH"},{"floor":13,"key":"REST"},{"data":"Fire Breathing","floor":15,"key":"SMITH"}],"neow_cost":"NONE","seed_source_timestamp":695899246789700,"circlet_count":0,"master_deck":["Strike_R","Strike_R","Strike_R","Strike_R","Strike_R","Defend_R","Defend_R","Defend_R","Bash","Perfected Strike+1","Fire Breathing+1","Infernal Blade","Sword Boomerang","Searing Blow","Headbutt","Flame Barrier","Trip","Offering"],"relics":["Busted Crown","Nunchaku","Red Skull","Bag of Preparation","Letter Opener"],"potions_floor_usage":[10,16],"damage_taken":[{"damage":5,"enemies":"2 Louse","floor":1,"turns":3},{"damage":2,"enemies":"Jaw Worm","floor":2,"turns":2},{"damage":0,"enemies":"Cultist","floor":3,"turns":2},{"damage":20,"enemies":"Gremlin Gang","floor":4,"turns":5},{"damage":10,"enemies":"Gremlin Nob","floor":7,"turns":3},{"damage":9,"enemies":"Large Slime","floor":8,"turns":4},{"damage":10,"enemies":"Lagavulin","floor":10,"turns":5},{"damage":0,"enemies":"Gremlin Nob","floor":12,"turns":2},{"damage":70,"enemies":"The Guardian","floor":16,"turns":6}],"seed_played":"-2118199780542794232","potions_obtained":[{"floor":3,"key":"Energy Potion"},{"floor":8,"key":"FairyPotion"},{"floor":10,"key":"DuplicationPotion"}],"is_trial":false,"path_per_floor":["M","M","M","M","?","R","E","M","T","E","$","E","R","T","R","B"],"character_chosen":"IRONCLAD","items_purchased":["Flame Barrier","Trip","BlessingOfTheForge"],"campfire_rested":1,"item_purchase_floors":[11,11,11],"current_hp_per_floor":[75,73,73,53,46,46,36,27,27,17,17,17,41,41,41,0],"gold":80,"neow_bonus":"BOSS_RELIC","is_prod":false,"is_daily":false,"chose_seed":false,"campfire_upgraded":2,"win_rate":0,"timestamp":1619565245,"path_taken":["M","M","M","M","?","R","E","M","T","E","$","E","R","?","R","BOSS"],"build_version":"2020-12-22","purchased_purges":0,"victory":false,"max_hp_per_floor":[80,80,80,80,80,80,80,80,80,80,80,80,80,80,80,80],"card_choices":[{"not_picked":[],"picked":"Perfected Strike","floor":1},{"not_picked":["Anger"],"picked":"SKIP","floor":2},{"not_picked":[],"picked":"Fire Breathing","floor":3},{"not_picked":[],"picked":"Infernal Blade","floor":4},{"not_picked":[],"picked":"Sword Boomerang","floor":7},{"not_picked":[],"picked":"Searing Blow","floor":8},{"not_picked":[],"picked":"Headbutt","floor":10},{"not_picked":[],"picked":"Offering","floor":12}],"player_experience":201927,"relics_obtained":[{"floor":7,"key":"Nunchaku"},{"floor":9,"key":"Red Skull"},{"floor":10,"key":"Bag of Preparation"},{"floor":12,"key":"Letter Opener"}],"event_choices":[{"cards_removed":["Defend_R"],"damage_healed":0,"gold_gain":0,"player_choice":"Card Removal","damage_taken":7,"max_hp_gain":0,"max_hp_loss":0,"event_name":"Golden Wing","floor":5,"gold_loss":0}],"is_beta":false,"boss_relics":[],"items_purged_floors":[],"is_endless":false,"potions_floor_spawned":[3,8,10,12],"killed_by":"The Guardian","ascension_level":5}