{"gold_per_floor":[109,109,121,139,158,158,192,192,192,192,209,544,544,607,607,703,703,721,34,34,0],"floor_reached":21,"playtime":837,"items_purged":[],"score":259,"play_id":"35d9b9e6-edb6-4503-99aa-c0e94455a728","local_time":"20210427203509","is_ascension_mode":true,"campfire_choices":[{"data":"Hemokinesis","floor":6,"key":"SMITH"},{"floor":13,"key":"REST"},{"data":"Rupture","floor":15,"key":"SMITH"}],"neow_cost":"NONE","seed_source_timestamp":700618070043800,"circlet_count":0,"master_deck":["Strike_R","Strike_R","Strike_R","Strike_R","Strike_R","Defend_R","Defend_R","Defend_R","Defend_R","Bash","Flame Barrier","Clothesline","Hemokinesis+1","Rupture+1","Shrug It Off","Anger","Reaper","Headbutt","Rupture+1","Twin Strike"],"relics":["Burning Blood","Gremlin Horn","Calipers","Pear","Old Coin","Eternal Feather","SlaversCollar","Mummified Hand","Ornamental Fan","DollysMirror"],"potions_floor_usage":[12,14,18],"damage_taken":[{"damage":6,"enemies":"Jaw Worm","floor":1,"turns":5},{"damage":1,"enemies":"Cultist","floor":3,"turns":3},{"damage":11,"enemies":"Small Slimes","floor":4,"turns":5},{"damage":14,"enemies":"3 Louse","floor":5,"turns":4},{"damage":41,"enemies":"3 Sentries","floor":7,"turns":12},{"damage":8,"enemies":"Exordium Wildlife","floor":11,"turns":4},{"damage":43,"enemies":"Lagavulin","floor":12,"turns":7},{"damage":24,"enemies":"Lagavulin Event","floor":14,"turns":6},{"damage":27,"enemies":"Hexaghost","floor":16,"turns":9},{"damage":0,"enemies":"3 Byrds","floor":18,"turns":2},{"damage":21,"enemies":"2 Thieves","floor":21,"turns":3}],"seed_played":"-656962813813386048","potions_obtained":[{"floor":1,"key":"FearPotion"},{"floor":7,"key":"Regen Potion"},{"floor":11,"key":"Swift Potion"},{"floor":16,"key":"Explosive Potion"},{"floor":18,"key":"BlessingOfTheForge"}],"is_trial":false,"path_per_floor":["M","?","M","M","M","R","E","T","T","?","M","E","R","?","R","B",null,"M","$","?","M"],"character_chosen":"IRONCLAD","items_purchased":["Mummified Hand","Ornamental Fan","DollysMirror","Twin Strike"],"campfire_rested":1,"item_purchase_floors":[19,19,19,19],"current_hp_per_floor":[88,88,88,83,75,75,40,40,50,55,53,31,61,43,52,31,85,97,97,76,55],"gold":0,"neow_bonus":"TEN_PERCENT_HP_BONUS","is_prod":false,"is_daily":false,"chose_seed":false,"campfire_upgraded":2,"win_rate":0,"timestamp":1619570109,"path_taken":["M","?","?","M","M","R","E","?","T","?","M","E","R","?","R","BOSS","M","$","?","M"],"build_version":"2020-12-22","purchased_purges":0,"victory":false,"max_hp_per_floor":[88,88,88,88,88,88,88,88,98,103,103,103,103,103,103,103,103,103,103,108,108],"card_choices":[{"not_picked":["Intimidate","Havoc"],"picked":"Combust","floor":1},{"not_picked":["Anger","Perfected Strike"],"picked":"Flame Barrier","floor":3},{"not_picked":["Twin Strike","Armaments"],"picked":"Clothesline","floor":4},{"not_picked":["Twin Strike","Thunderclap"],"picked":"Hemokinesis","floor":5},{"not_picked":["Flex","Bludgeon"],"picked":"Rupture","floor":7},{"not_picked":["Armaments","Twin Strike"],"picked":"Shrug It Off","floor":11},{"not_picked":["True Grit","Iron Wave","Sword Boomerang"],"picked":"SKIP","floor":12},{"not_picked":["True Grit","Perfected Strike"],"picked":"Anger","floor":14},{"not_picked":["Berserk","Bludgeon"],"picked":"Reaper","floor":16},{"not_picked":["Havoc","True Grit+1"],"picked":"Headbutt","floor":18}],"player_experience":206608,"relics_obtained":[{"floor":7,"key":"Gremlin Horn"},{"floor":8,"key":"Calipers"},{"floor":9,"key":"Pear"},{"floor":12,"key":"Old Coin"},{"floor":14,"key":"Eternal Feather"}],"event_choices":[{"cards_removed":["Combust"],"damage_healed":0,"gold_gain":0,"player_choice":"Offered Uncommon","damage_taken":0,"max_hp_gain":0,"max_hp_loss":0,"event_name":"Bonfire Elementals","floor":2,"gold_loss":0},{"damage_healed":0,"gold_gain":0,"player_choice":"Donut","damage_taken":0,"max_hp_gain":5,"max_hp_loss":0,"event_name":"Big Fish","floor":10,"gold_loss":0},{"damage_healed":0,"gold_gain":30,"player_choice":"Searched \u00272\u0027 times","damage_taken":0,"max_hp_gain":0,"max_hp_loss":0,"event_name":"Dead Adventurer","floor":14,"gold_loss":0},{"damage_healed":0,"gold_gain":0,"player_choice":"Shed Blood","damage_taken":26,"max_hp_gain":5,"max_hp_loss":0,"event_name":"Forgotten Altar","floor":20,"gold_loss":0}],"is_beta":false,"boss_relics":[{"not_picked":["Sozu","Philosopher\u0027s Stone"],"picked":"SlaversCollar"}],"items_purged_floors":[],"is_endless":false,"potions_floor_spawned":[1,7,11,16,18],"killed_by":"2 Thieves","ascension_level":5}