{"gold_per_floor":[115,115,134,149,163,163,198,198,198,233,233,233,249,26,26,149,149,170,120,136,36,55,55,71,71,71,85,99,99,99,114,114,238,238,258,34,34,50,50,50],"floor_reached":40,"playtime":2353,"items_purged":["Strike_R","Injury","Fire Breathing"],"score":523,"play_id":"c3c4b4df-a959-48c1-b9e0-25e37e9804bb","local_time":"20210427182707","is_ascension_mode":true,"campfire_choices":[{"data":"Carnage","floor":6,"key":"SMITH"},{"data":"Defend_R","floor":11,"key":"SMITH"},{"data":"Battle Trance","floor":15,"key":"SMITH"},{"floor":23,"key":"REST"},{"data":"Metallicize","floor":29,"key":"SMITH"},{"floor":32,"key":"REST"}],"neow_cost":"NONE","seed_source_timestamp":691418391561200,"circlet_count":0,"master_deck":["Strike_R+1","Strike_R","Strike_R","Defend_R","Defend_R+1","Defend_R","Bash","Bloodletting+1","Battle Trance+1","Carnage+1","Clothesline","Headbutt","Double Tap","Shrug It Off+1","Metallicize+1","True Grit+1","Inflame","Flex+1","Feed","CurseOfTheBell","Havoc+1","Feel No Pain"],"relics":["Burning Blood","Darkstone Periapt","Singing Bowl","Blue Candle","Golden Idol","Red Skull","Runic Pyramid","Toxic Egg 2","Calling Bell","Dream Catcher","Kunai","Champion Belt"],"potions_floor_usage":[16,24,28,33,33,35],"damage_taken":[{"damage":1,"enemies":"2 Louse","floor":1,"turns":3},{"damage":10,"enemies":"Cultist","floor":3,"turns":5},{"damage":12,"enemies":"Jaw Worm","floor":4,"turns":3},{"damage":9,"enemies":"2 Fungi Beasts","floor":5,"turns":4},{"damage":18,"enemies":"Lagavulin","floor":7,"turns":4},{"damage":16,"enemies":"Gremlin Nob","floor":10,"turns":3},{"damage":8,"enemies":"Blue Slaver","floor":13,"turns":3},{"damage":37,"enemies":"The Guardian","floor":16,"turns":8},{"damage":15,"enemies":"3 Byrds","floor":18,"turns":5},{"damage":22,"enemies":"Shell Parasite","floor":20,"turns":3},{"damage":31,"enemies":"Snake Plant","floor":22,"turns":3},{"damage":7,"enemies":"Chosen and Byrds","floor":24,"turns":4},{"damage":13,"enemies":"Sentry and Sphere","floor":27,"turns":4},{"damage":21,"enemies":"Shelled Parasite and Fungi","floor":28,"turns":2},{"damage":7,"enemies":"Snake Plant","floor":31,"turns":3},{"damage":53,"enemies":"Champ","floor":33,"turns":8},{"damage":33,"enemies":"3 Darklings","floor":35,"turns":9},{"damage":25,"enemies":"3 Shapes","floor":38,"turns":6},{"damage":44,"enemies":"Reptomancer","floor":40,"turns":2}],"seed_played":"-245508079792036911","potions_obtained":[{"floor":1,"key":"Swift Potion"},{"floor":4,"key":"ElixirPotion"},{"floor":10,"key":"Fire Potion"},{"floor":16,"key":"DistilledChaos"},{"floor":28,"key":"AttackPotion"},{"floor":31,"key":"LiquidBronze"},{"floor":33,"key":"ColorlessPotion"},{"floor":38,"key":"BlessingOfTheForge"}],"is_trial":false,"path_per_floor":["M","?","M","M","M","R","E","?","T","E","R","?","M","$","R","B",null,"M","?","M","$","M","R","M","?","T","M","M","R","?","M","R","B",null,"M","$","?","M","?","E"],"character_chosen":"IRONCLAD","items_purchased":["Red Skull","AttackPotion","BlessingOfTheForge"],"campfire_rested":2,"item_purchase_floors":[14,36,36],"current_hp_per_floor":[88,88,84,78,75,75,63,45,45,35,35,41,39,39,39,8,73,66,66,50,50,25,53,54,54,54,47,32,32,32,31,60,13,83,56,56,56,40,40,0],"gold":50,"neow_bonus":"TEN_PERCENT_HP_BONUS","is_prod":false,"is_daily":false,"chose_seed":false,"campfire_upgraded":4,"win_rate":0,"timestamp":1619562427,"path_taken":["M","?","?","M","M","R","E","?","T","E","R","?","M","?","R","BOSS","M","?","M","$","?","R","M","?","T","M","?","R","?","M","R","BOSS","M","$","?","M","?","E"],"build_version":"2020-12-22","purchased_purges":3,"victory":false,"max_hp_per_floor":[88,88,88,88,88,88,88,88,88,88,88,94,94,94,94,94,94,96,96,96,96,96,96,98,98,98,98,98,98,98,98,98,98,104,104,104,104,107,107,107],"card_choices":[{"not_picked":["Intimidate","Havoc"],"picked":"Bloodletting","floor":1},{"not_picked":["Shrug It Off","Body Slam"],"picked":"Fire Breathing","floor":3},{"not_picked":["Blood for Blood","Clash"],"picked":"Battle Trance","floor":4},{"not_picked":["Flex","Headbutt"],"picked":"Carnage","floor":5},{"not_picked":["Headbutt","Juggernaut"],"picked":"Clothesline","floor":7},{"not_picked":["Thunderclap","Body Slam"],"picked":"Fire Breathing","floor":10},{"not_picked":["Sword Boomerang","Infernal Blade"],"picked":"Headbutt","floor":13},{"not_picked":["Offering","Limit Break"],"picked":"Double Tap","floor":16},{"not_picked":["Fire Breathing","Sword Boomerang+1","Headbutt+1"],"picked":"Singing Bowl","floor":18},{"not_picked":["Warcry","Fire Breathing"],"picked":"Shrug It Off+1","floor":20},{"not_picked":["Blood for Blood","Headbutt"],"picked":"Metallicize","floor":22},{"not_picked":["Heavy Blade","Searing Blow","Combust"],"picked":"Singing Bowl","floor":24},{"not_picked":["Rupture","Pommel Strike"],"picked":"True Grit+1","floor":27},{"not_picked":["Iron Wave","Entrench+1"],"picked":"Inflame","floor":28},{"not_picked":["Body Slam","Power Through+1"],"picked":"Flex+1","floor":31},{"not_picked":["Brutality","Immolate"],"picked":"Feed","floor":33},{"not_picked":["Shrug It Off+1","Spot Weakness+1"],"picked":"Havoc+1","floor":35},{"not_picked":["Shrug It Off+1","Hemokinesis"],"picked":"Feel No Pain","floor":38}],"player_experience":197520,"relics_obtained":[{"floor":7,"key":"Darkstone Periapt"},{"floor":9,"key":"Singing Bowl"},{"floor":10,"key":"Blue Candle"},{"floor":26,"key":"Toxic Egg 2"},{"floor":34,"key":"Dream Catcher"},{"floor":34,"key":"Kunai"},{"floor":34,"key":"Champion Belt"}],"event_choices":[{"cards_removed":["Defend_R"],"damage_healed":0,"gold_gain":0,"player_choice":"Purged","damage_taken":0,"max_hp_gain":0,"max_hp_loss":0,"event_name":"Purifier","floor":2,"gold_loss":0},{"damage_healed":0,"gold_gain":0,"player_choice":"Entered Light","damage_taken":18,"max_hp_gain":0,"max_hp_loss":0,"event_name":"Shining Light","floor":8,"gold_loss":0,"cards_upgraded":["Bloodletting","Strike_R"]},{"damage_healed":0,"gold_gain":0,"player_choice":"Take Wound","damage_taken":0,"relics_obtained":["Golden Idol"],"max_hp_gain":0,"max_hp_loss":0,"event_name":"Golden Idol","floor":12,"gold_loss":0,"cards_obtained":["Injury"]},{"damage_healed":0,"gold_gain":0,"player_choice":"Bet on Murderer","damage_taken":0,"max_hp_gain":0,"max_hp_loss":0,"event_name":"The Joust","floor":19,"gold_loss":50},{"cards_removed":["Strike_R"],"damage_healed":0,"gold_gain":0,"player_choice":"Purged","damage_taken":0,"max_hp_gain":0,"max_hp_loss":0,"event_name":"Purifier","floor":25,"gold_loss":0},{"damage_healed":0,"gold_gain":0,"player_choice":"Ignored","damage_taken":0,"max_hp_gain":0,"max_hp_loss":0,"event_name":"Ghosts","floor":30,"gold_loss":0},{"cards_removed":["Fire Breathing"],"damage_healed":0,"gold_gain":0,"player_choice":"Removed Power","damage_taken":0,"max_hp_gain":0,"max_hp_loss":0,"event_name":"Falling","floor":37,"gold_loss":0},{"damage_healed":0,"gold_gain":0,"player_choice":"Ignored","damage_taken":0,"max_hp_gain":0,"max_hp_loss":0,"event_name":"SecretPortal","floor":39,"gold_loss":0}],"is_beta":false,"boss_relics":[{"not_picked":["Busted Crown","Ectoplasm"],"picked":"Runic Pyramid"},{"not_picked":["SacredBark","Runic Cube"],"picked":"Calling Bell"}],"items_purged_floors":[14,21,36],"is_endless":false,"potions_floor_spawned":[1,4,10,16,28,31,33,38],"killed_by":"Reptomancer","ascension_level":5}