{"gold_per_floor":[110,129,129,147,167,167,194,204,228,240,286,127,127,141,141,245,245,262,262,282,30,30,58,58,77,100,100],"floor_reached":27,"playtime":1247,"items_purged":["Strike_R","Strike_R"],"score":304,"play_id":"d715b3de-47f8-4beb-b063-dbfe055fe401","local_time":"20210427231038","is_ascension_mode":true,"campfire_choices":[{"data":"Bash","floor":6,"key":"SMITH"},{"floor":10,"key":"REST"},{"floor":15,"key":"REST"},{"floor":24,"key":"REST"}],"neow_cost":"NONE","seed_source_timestamp":709535482809800,"circlet_count":0,"master_deck":["Strike_R","Strike_R","Strike_R","Defend_R","Defend_R","Defend_R","Bash+1","Spot Weakness","Cleave+1","Pommel Strike","Metallicize","Whirlwind","Carnage","Rage","True Grit","Feed","CurseOfTheBell","Headbutt","Flame Barrier","Battle Trance","Thunderclap+1"],"relics":["Runic Cube","Question Card","MawBank","Vajra","Calling Bell","Anchor","Matryoshka","FossilizedHelix","Toolbox","Orichalcum","Blood Vial","Bronze Scales"],"potions_floor_usage":[11,14,16,16,16,20,20,23,27],"damage_taken":[{"damage":12,"enemies":"Small Slimes","floor":1,"turns":5},{"damage":10,"enemies":"2 Louse","floor":2,"turns":3},{"damage":2,"enemies":"Jaw Worm","floor":4,"turns":3},{"damage":1,"enemies":"2 Fungi Beasts","floor":5,"turns":2},{"damage":20,"enemies":"Gremlin Nob","floor":7,"turns":4},{"damage":0,"enemies":"Exordium Thugs","floor":8,"turns":3},{"damage":45,"enemies":"Lagavulin","floor":11,"turns":9},{"damage":4,"enemies":"Red Slaver","floor":14,"turns":4},{"damage":57,"enemies":"The Guardian","floor":16,"turns":10},{"damage":19,"enemies":"Spheric Guardian","floor":18,"turns":4},{"damage":8,"enemies":"2 Thieves","floor":20,"turns":4},{"damage":38,"enemies":"Book of Stabbing","floor":23,"turns":5},{"damage":20,"enemies":"Snecko","floor":25,"turns":4},{"damage":11,"enemies":"Sentry and Sphere","floor":27,"turns":3}],"seed_played":"-7074684414333019960","potions_obtained":[{"floor":2,"key":"FearPotion"},{"floor":5,"key":"LiquidMemories"},{"floor":8,"key":"Swift Potion"},{"floor":11,"key":"BlessingOfTheForge"},{"floor":16,"key":"Swift Potion"},{"floor":18,"key":"Block Potion"},{"floor":20,"key":"SteroidPotion"}],"is_trial":false,"path_per_floor":["M","M","?","M","M","R","E","M","T","R","E","$","?","M","R","B",null,"M","?","M","$","?","E","R","M","T","M"],"character_chosen":"IRONCLAD","items_purchased":["EntropicBrew","Toolbox"],"campfire_rested":3,"item_purchase_floors":[12,21],"current_hp_per_floor":[68,58,58,56,55,55,35,35,35,59,14,14,40,36,60,3,61,45,45,40,40,40,2,27,7,7,0],"gold":100,"neow_bonus":"BOSS_RELIC","is_prod":false,"is_daily":false,"chose_seed":false,"campfire_upgraded":1,"win_rate":0,"timestamp":1619579438,"path_taken":["M","M","?","M","M","R","E","M","T","R","E","$","?","M","R","BOSS","M","?","M","$","?","E","R","M","T","?"],"build_version":"2020-12-22","purchased_purges":2,"victory":false,"max_hp_per_floor":[80,80,80,80,80,80,80,80,80,80,80,80,80,80,80,80,80,83,83,86,86,86,86,86,86,86,86],"card_choices":[{"not_picked":["Flex","Havoc"],"picked":"Spot Weakness","floor":1},{"not_picked":["Pommel Strike","Spot Weakness"],"picked":"Cleave","floor":2},{"not_picked":["Clothesline","Perfected Strike"],"picked":"Pommel Strike","floor":4},{"not_picked":["Clash","Havoc"],"picked":"Metallicize","floor":5},{"not_picked":["Spot Weakness","Clash"],"picked":"Whirlwind","floor":7},{"not_picked":["Demon Form","Twin Strike","Burning Pact"],"picked":"Carnage","floor":8},{"not_picked":["Body Slam","Havoc","Power Through"],"picked":"Rage","floor":11},{"not_picked":["Whirlwind","Power Through","Perfected Strike"],"picked":"True Grit","floor":14},{"not_picked":["Reaper","Double Tap","Bludgeon"],"picked":"Feed","floor":16},{"not_picked":["Warcry","Body Slam","Heavy Blade"],"picked":"Headbutt","floor":18},{"not_picked":["Combust+1","Armaments+1","Perfected Strike"],"picked":"Battle Trance","floor":20},{"not_picked":["Havoc","Flex","Combust","Pummel"],"picked":"SKIP","floor":23},{"not_picked":["Infernal Blade","Clash","Dual Wield+1"],"picked":"Thunderclap+1","floor":25}],"player_experience":211359,"relics_obtained":[{"floor":7,"key":"Question Card"},{"floor":9,"key":"MawBank"},{"floor":11,"key":"Vajra"},{"floor":17,"key":"Anchor"},{"floor":17,"key":"Matryoshka"},{"floor":17,"key":"FossilizedHelix"},{"floor":23,"key":"Orichalcum"},{"floor":26,"key":"Blood Vial"},{"floor":26,"key":"Bronze Scales"}],"event_choices":[{"damage_healed":0,"gold_gain":0,"player_choice":"Grow","damage_taken":0,"max_hp_gain":0,"max_hp_loss":0,"event_name":"Living Wall","floor":3,"gold_loss":0,"cards_upgraded":["Cleave"]},{"damage_healed":26,"gold_gain":0,"player_choice":"Banana","damage_taken":0,"max_hp_gain":0,"max_hp_loss":0,"event_name":"Big Fish","floor":13,"gold_loss":0},{"damage_healed":0,"gold_gain":0,"player_choice":"Read","damage_taken":0,"max_hp_gain":0,"max_hp_loss":0,"event_name":"The Library","floor":19,"gold_loss":0,"cards_obtained":["Flame Barrier"]},{"cards_removed":["Defend_R"],"damage_healed":0,"gold_gain":0,"player_choice":"Purged","damage_taken":0,"max_hp_gain":0,"max_hp_loss":0,"event_name":"Purifier","floor":22,"gold_loss":0}],"is_beta":false,"boss_relics":[{"not_picked":["Fusion Hammer","Runic Pyramid"],"picked":"Calling Bell"}],"items_purged_floors":[12,21],"is_endless":false,"potions_floor_spawned":[2,5,8,11,16,18,20],"killed_by":"Sentry and Sphere","ascension_level":5}