{"gold_per_floor":[116,126,136,146,146,176,176,211,211,211,229,260,260,27,27,150,150,160,195,195,235,255,286,286,286,334,389,14,489,542,586,586,712,712,782,48,124,137,137,177,190,190,190,209,209,209,55,88,88,113],"floor_reached":50,"playtime":2313,"items_purged":["Strike_R","Normality"],"score":685,"play_id":"4043291a-6654-434f-a54d-6439b30451c0","local_time":"20210426011021","is_ascension_mode":true,"campfire_choices":[{"data":"Double Tap","floor":7,"key":"SMITH"},{"floor":10,"key":"REST"},{"data":"Shockwave","floor":13,"key":"SMITH"},{"data":"Carnage","floor":15,"key":"SMITH"},{"data":"HandOfGreed","floor":24,"key":"SMITH"},{"floor":32,"key":"REST"},{"floor":42,"key":"REST"},{"floor":49,"key":"REST"}],"neow_cost":"NONE","seed_source_timestamp":542854646285400,"circlet_count":0,"master_deck":["Strike_R","Strike_R","Strike_R+1","Defend_R","Defend_R","Defend_R","Defend_R","Bash","Shockwave+1","Carnage+1","Pommel Strike+1","Warcry","Ghostly Armor","Double Tap+1","Burning Pact","Anger","Spot Weakness","HandOfGreed+1","Offering","Bloodletting","Double Tap","Shrug It Off","Demon Form","Pommel Strike+1","Evolve","Whirlwind","Warcry","Battle Trance","Decay","Dual Wield+1"],"relics":["Burning Blood","Whetstone","Ice Cream","Ornamental Fan","White Beast Statue","Cursed Key","Bronze Scales","PreservedInsect","Lantern","Pantograph","Old Coin","Darkstone Periapt","Juzu Bracelet","Sozu","Pear","Oddly Smooth Stone","HandDrill","Charon\u0027s Ashes","Happy Flower","Torii"],"potions_floor_usage":[6,8,12,12,16,16,19,22,27,27,29,35,48],"damage_taken":[{"damage":1,"enemies":"Cultist","floor":1,"turns":3},{"damage":13,"enemies":"Small Slimes","floor":2,"turns":5},{"damage":9,"enemies":"Jaw Worm","floor":3,"turns":3},{"damage":11,"enemies":"2 Fungi Beasts","floor":4,"turns":3},{"damage":18,"enemies":"Gremlin Nob","floor":6,"turns":3},{"damage":37,"enemies":"3 Sentries","floor":8,"turns":7},{"damage":3,"enemies":"Blue Slaver","floor":11,"turns":2},{"damage":5,"enemies":"Lagavulin","floor":12,"turns":3},{"damage":59,"enemies":"Slime Boss","floor":16,"turns":11},{"damage":0,"enemies":"Spheric Guardian","floor":18,"turns":2},{"damage":15,"enemies":"3 Byrds","floor":19,"turns":4},{"damage":11,"enemies":"Cultist and Chosen","floor":21,"turns":6},{"damage":6,"enemies":"Snake Plant","floor":22,"turns":2},{"damage":38,"enemies":"Book of Stabbing","floor":23,"turns":5},{"damage":47,"enemies":"Slavers","floor":27,"turns":6},{"damage":12,"enemies":"Colosseum Slavers","floor":29,"turns":4},{"damage":3,"enemies":"Colosseum Nobs","floor":29,"turns":2},{"damage":22,"enemies":"Shelled Parasite and Fungi","floor":31,"turns":4},{"damage":69,"enemies":"Champ","floor":33,"turns":11},{"damage":34,"enemies":"3 Shapes","floor":35,"turns":6},{"damage":43,"enemies":"2 Orb Walkers","floor":37,"turns":5},{"damage":12,"enemies":"3 Darklings","floor":38,"turns":3},{"damage":16,"enemies":"4 Shapes","floor":40,"turns":4},{"damage":40,"enemies":"Maw","floor":41,"turns":6},{"damage":30,"enemies":"3 Darklings","floor":44,"turns":3},{"damage":20,"enemies":"Giant Head","floor":48,"turns":6},{"damage":94,"enemies":"Donu and Deca","floor":50,"turns":6}],"seed_played":"105469282658915385","potions_obtained":[{"floor":1,"key":"BloodPotion"},{"floor":2,"key":"LiquidBronze"},{"floor":6,"key":"Weak Potion"},{"floor":8,"key":"LiquidBronze"},{"floor":11,"key":"SteroidPotion"},{"floor":12,"key":"LiquidBronze"},{"floor":16,"key":"PowerPotion"},{"floor":18,"key":"SpeedPotion"},{"floor":19,"key":"PowerPotion"},{"floor":21,"key":"SkillPotion"},{"floor":22,"key":"Fruit Juice"},{"floor":23,"key":"SkillPotion"},{"floor":27,"key":"FairyPotion"},{"floor":29,"key":"ColorlessPotion"}],"is_trial":false,"path_per_floor":["M","M","M","M","?","E","R","E","T","R","M","E","R","$","R","B",null,"M","M","?","M","M","E","R","?","T","E","$","?","T","M","R","B",null,"M","$","?","M","?","M","M","R","T","M","?","?","$","E","R","B"],"character_chosen":"IRONCLAD","items_purchased":["HandOfGreed","PowerPotion","BloodPotion","Pantograph","Pear","Oddly Smooth Stone","HandDrill","Evolve","Happy Flower"],"campfire_rested":4,"item_purchase_floors":[14,14,28,28,36,36,36,36,47],"current_hp_per_floor":[88,81,78,73,73,61,61,30,30,56,59,60,60,60,60,7,88,88,79,79,74,79,47,47,47,47,24,24,39,45,29,58,20,99,71,81,44,38,38,28,26,58,64,40,40,40,40,26,60,0],"gold":113,"neow_bonus":"TEN_PERCENT_HP_BONUS","is_prod":false,"is_daily":false,"chose_seed":false,"campfire_upgraded":4,"win_rate":0,"timestamp":1619413821,"path_taken":["M","?","M","M","?","E","R","E","T","R","M","E","R","?","R","BOSS","M","M","?","M","M","E","R","?","T","E","$","?","?","M","R","BOSS","M","$","?","M","?","M","M","R","T","M","?","?","$","E","R","BOSS"],"build_version":"2020-12-22","purchased_purges":2,"victory":false,"max_hp_per_floor":[88,88,88,88,88,88,88,88,88,88,88,88,88,88,88,88,88,88,88,88,88,93,93,93,93,93,93,93,93,99,99,99,99,99,99,109,109,109,109,109,109,109,115,115,115,115,115,115,115,115],"card_choices":[{"not_picked":["Ghostly Armor","Warcry"],"picked":"Shockwave","floor":1},{"not_picked":["Pommel Strike","Infernal Blade"],"picked":"Carnage","floor":2},{"not_picked":["Feel No Pain","Power Through"],"picked":"Pommel Strike","floor":3},{"not_picked":["Flex","Sentinel"],"picked":"Warcry","floor":4},{"not_picked":["True Grit","Infernal Blade"],"picked":"Double Tap","floor":6},{"not_picked":["Fire Breathing","Clothesline"],"picked":"Burning Pact","floor":8},{"not_picked":["Fire Breathing","Clash"],"picked":"Anger","floor":11},{"not_picked":["Body Slam","Twin Strike"],"picked":"Spot Weakness","floor":12},{"not_picked":["Brutality","Exhume"],"picked":"Offering","floor":16},{"not_picked":["Thunderclap","Carnage","Clothesline"],"picked":"SKIP","floor":18},{"not_picked":["Heavy Blade","Anger+1","Feel No Pain"],"picked":"SKIP","floor":19},{"not_picked":["Twin Strike","Warcry+1"],"picked":"Bloodletting","floor":21},{"not_picked":["Thunderclap","Iron Wave","Twin Strike"],"picked":"SKIP","floor":22},{"not_picked":["Anger","Fire Breathing","Heavy Blade"],"picked":"SKIP","floor":23},{"not_picked":["Wild Strike","Warcry","Immolate"],"picked":"SKIP","floor":27},{"not_picked":["Iron Wave+1","Twin Strike"],"picked":"Shrug It Off","floor":29},{"not_picked":["Feel No Pain","Anger","True Grit"],"picked":"SKIP","floor":31},{"not_picked":["Reaper","Offering"],"picked":"Demon Form","floor":33},{"not_picked":["Twin Strike","Perfected Strike"],"picked":"Pommel Strike+1","floor":35},{"not_picked":["Hemokinesis+1","Feel No Pain"],"picked":"Whirlwind","floor":37},{"not_picked":["Clothesline+1","Thunderclap+1"],"picked":"Warcry","floor":38},{"not_picked":["Clash","Rupture","Wild Strike+1"],"picked":"SKIP","floor":40},{"not_picked":["Rampage","Burning Pact"],"picked":"Battle Trance","floor":41},{"not_picked":["Pommel Strike","Flex+1","Bloodletting"],"picked":"SKIP","floor":44},{"not_picked":["Twin Strike+1","Rampage+1"],"picked":"Dual Wield+1","floor":48}],"player_experience":185622,"relics_obtained":[{"floor":6,"key":"Whetstone"},{"floor":8,"key":"Ice Cream"},{"floor":9,"key":"Ornamental Fan"},{"floor":12,"key":"White Beast Statue"},{"floor":23,"key":"Bronze Scales"},{"floor":26,"key":"PreservedInsect"},{"floor":27,"key":"Lantern"},{"floor":29,"key":"Old Coin"},{"floor":29,"key":"Darkstone Periapt"},{"floor":30,"key":"Juzu Bracelet"},{"floor":37,"key":"Charon\u0027s Ashes"},{"floor":48,"key":"Torii"}],"event_choices":[{"damage_healed":0,"gold_gain":0,"cards_transformed":["Strike_R"],"player_choice":"Change","damage_taken":0,"max_hp_gain":0,"max_hp_loss":0,"event_name":"Living Wall","floor":5,"gold_loss":0,"cards_obtained":["Ghostly Armor"]},{"damage_healed":0,"gold_gain":0,"player_choice":"Ignored","damage_taken":0,"max_hp_gain":0,"max_hp_loss":0,"event_name":"Ghosts","floor":20,"gold_loss":0},{"damage_healed":0,"gold_gain":0,"player_choice":"Read","damage_taken":0,"max_hp_gain":0,"max_hp_loss":0,"event_name":"The Library","floor":25,"gold_loss":0,"cards_obtained":["Double Tap"]},{"damage_healed":0,"gold_gain":0,"player_choice":"Fight","damage_taken":0,"max_hp_gain":0,"max_hp_loss":0,"event_name":"Colosseum","floor":29,"gold_loss":0},{"damage_healed":0,"gold_gain":0,"player_choice":"Fought Nobs","damage_taken":0,"max_hp_gain":0,"max_hp_loss":0,"event_name":"Colosseum","floor":29,"gold_loss":0},{"damage_healed":0,"gold_gain":0,"player_choice":"Fight","damage_taken":0,"max_hp_gain":0,"max_hp_loss":0,"event_name":"Mysterious Sphere","floor":37,"gold_loss":0},{"cards_removed":["Decay"],"damage_healed":0,"gold_gain":0,"player_choice":"Removed Curses","damage_taken":0,"max_hp_gain":0,"max_hp_loss":0,"event_name":"Fountain of Cleansing","floor":39,"gold_loss":0},{"damage_healed":0,"gold_gain":0,"player_choice":"Got Potions","damage_taken":0,"max_hp_gain":0,"max_hp_loss":0,"event_name":"Lab","floor":45,"gold_loss":0},{"damage_healed":0,"gold_gain":0,"player_choice":"Ignored","damage_taken":0,"max_hp_gain":0,"max_hp_loss":0,"event_name":"Tomb of Lord Red Mask","floor":46,"gold_loss":0}],"is_beta":false,"boss_relics":[{"not_picked":["Coffee Dripper","Runic Dome"],"picked":"Cursed Key"},{"not_picked":["Runic Pyramid","Mark of Pain"],"picked":"Sozu"}],"items_purged_floors":[28,36],"is_endless":false,"potions_floor_spawned":[1,2,6,8,11,12,16,18,19,21,22,23,27,29,29,31,33,35,37,38,40,41,44,48],"killed_by":"Donu and Deca","ascension_level":3}