{"gold_per_floor":[117,117,128,145,158,158,190,190,190,190,36,36,68,80,80,181,181,199,210,210,210,140,175,175,193,193,193,203,203,203,218,218,320,320,337,61,12,0,19,54,54,66,92,122,122,155,165,165,165,165],"floor_reached":50,"playtime":2900,"items_purged":["Writhe"],"score":729,"play_id":"f18df046-f26a-4965-a40e-8e422fc2f76a","local_time":"20210427200236","is_ascension_mode":true,"campfire_choices":[{"data":"Carnage","floor":6,"key":"SMITH"},{"data":"Flame Barrier","floor":12,"key":"SMITH"},{"data":"Shockwave","floor":15,"key":"SMITH"},{"data":"RitualDagger","floor":24,"key":"SMITH"},{"data":"Whirlwind","floor":27,"key":"SMITH"},{"data":"Juggernaut","floor":30,"key":"SMITH"},{"floor":32,"key":"REST"},{"floor":41,"key":"REST"},{"floor":49,"key":"REST"}],"neow_cost":"NONE","seed_source_timestamp":696600107728800,"circlet_count":0,"master_deck":["Strike_R+1","Strike_R+1","Strike_R+1","Defend_R+1","Defend_R+1","Defend_R+1","Defend_R+1","Bash","Sword Boomerang","Pummel","Carnage+1","Shockwave+1","Flame Barrier+1","Whirlwind+1","Juggernaut+1","Cleave","RitualDagger+1","Metallicize","Barricade","True Grit+1","Clumsy","Reaper","Evolve+1","Feed","Burning Pact","Heavy Blade","Body Slam","Demon Form+1","Doubt","True Grit+1","Doubt","Heavy Blade+1"],"relics":["Velvet Choker","Blood Vial","Juzu Bracelet","Pen Nib","Shuriken","Cursed Key","Anchor","Pantograph","Philosopher\u0027s Stone","Frozen Eye","Red Mask","Ancient Tea Set","Akabeko","Potion Belt","Molten Egg 2"],"potions_floor_usage":[16,16,23,33,33,33,39,42,44,46],"damage_taken":[{"damage":4,"enemies":"Jaw Worm","floor":1,"turns":3},{"damage":0,"enemies":"Cultist","floor":3,"turns":3},{"damage":2,"enemies":"2 Louse","floor":4,"turns":2},{"damage":16,"enemies":"Gremlin Gang","floor":5,"turns":6},{"damage":15,"enemies":"Lagavulin","floor":7,"turns":4},{"damage":0,"enemies":"Gremlin Nob","floor":13,"turns":2},{"damage":0,"enemies":"Blue Slaver","floor":14,"turns":1},{"damage":6,"enemies":"The Guardian","floor":16,"turns":7},{"damage":0,"enemies":"3 Byrds","floor":18,"turns":2},{"damage":8,"enemies":"Shell Parasite","floor":19,"turns":4},{"damage":13,"enemies":"Gremlin Leader","floor":23,"turns":5},{"damage":19,"enemies":"Chosen and Byrds","floor":25,"turns":6},{"damage":13,"enemies":"Centurion and Healer","floor":28,"turns":4},{"damage":14,"enemies":"3 Cultists","floor":31,"turns":4},{"damage":13,"enemies":"Collector","floor":33,"turns":10},{"damage":18,"enemies":"Orb Walker","floor":35,"turns":3},{"damage":16,"enemies":"3 Darklings","floor":39,"turns":6},{"damage":28,"enemies":"Giant Head","floor":40,"turns":8},{"damage":6,"enemies":"4 Shapes","floor":42,"turns":6},{"damage":45,"enemies":"Nemesis","floor":44,"turns":7},{"damage":42,"enemies":"Giant Head","floor":46,"turns":7},{"damage":0,"enemies":"Sphere and 2 Shapes","floor":47,"turns":2},{"damage":83,"enemies":"Donu and Deca","floor":50,"turns":5}],"seed_played":"-4753004060363172599","potions_obtained":[{"floor":1,"key":"Explosive Potion"},{"floor":5,"key":"Weak Potion"},{"floor":7,"key":"Swift Potion"},{"floor":14,"key":"HeartOfIron"},{"floor":18,"key":"Explosive Potion"},{"floor":28,"key":"CultistPotion"},{"floor":31,"key":"Block Potion"},{"floor":39,"key":"LiquidBronze"},{"floor":40,"key":"SpeedPotion"},{"floor":44,"key":"DuplicationPotion"},{"floor":47,"key":"FearPotion"}],"is_trial":false,"path_per_floor":["M","?","M","M","M","R","E","?","T","?","$","R","E","M","R","B",null,"M","M","?","?","$","E","R","M","T","R","M","T","R","M","R","B",null,"M","$","$","?","M","E","R","M","T","E","?","E","M","?","R","B"],"character_chosen":"IRONCLAD","items_purchased":["Pen Nib","Metallicize","Frozen Eye","Heavy Blade","ColorlessPotion"],"campfire_rested":3,"item_purchase_floors":[11,22,36,36,37],"current_hp_per_floor":[76,76,76,74,58,58,43,43,43,48,48,48,50,52,52,48,72,74,68,68,62,62,51,51,34,34,34,23,23,23,11,35,70,78,72,72,72,72,64,44,68,64,64,21,83,41,43,43,67,0],"gold":165,"neow_bonus":"BOSS_RELIC","is_prod":false,"is_daily":false,"chose_seed":false,"campfire_upgraded":6,"win_rate":0,"timestamp":1619568156,"path_taken":["M","?","M","M","?","R","E","?","T","?","$","R","E","M","R","BOSS","M","M","?","?","$","E","R","M","T","R","M","?","R","M","R","BOSS","M","?","$","?","M","E","R","M","T","E","?","E","M","?","R","BOSS"],"build_version":"2020-12-22","purchased_purges":1,"victory":false,"max_hp_per_floor":[80,80,80,80,80,80,80,80,80,80,80,80,80,80,80,80,80,80,80,80,80,80,80,80,80,80,80,80,80,80,80,80,80,80,83,83,83,83,83,83,83,83,83,83,83,83,83,83,83,83],"card_choices":[{"not_picked":["Power Through","Second Wind"],"picked":"Sword Boomerang","floor":1},{"not_picked":["Perfected Strike","Second Wind"],"picked":"Pummel","floor":3},{"not_picked":["Heavy Blade","Flex"],"picked":"Carnage","floor":4},{"not_picked":["Wild Strike","Body Slam"],"picked":"Shockwave","floor":5},{"not_picked":["Rampage","Metallicize"],"picked":"Flame Barrier","floor":7},{"not_picked":["Exhume","Shockwave"],"picked":"Whirlwind","floor":13},{"not_picked":["Clothesline","Pommel Strike","Rampage"],"picked":"SKIP","floor":14},{"not_picked":["Fiend Fire","Berserk"],"picked":"Juggernaut","floor":16},{"not_picked":["Body Slam","Perfected Strike","Warcry"],"picked":"SKIP","floor":18},{"not_picked":["Iron Wave","Warcry"],"picked":"Cleave","floor":19},{"not_picked":["Twin Strike","Intimidate"],"picked":"Barricade","floor":23},{"not_picked":["Armaments+1","Heavy Blade+1"],"picked":"True Grit+1","floor":25},{"not_picked":["Armaments+1","Wild Strike"],"picked":"Reaper","floor":28},{"not_picked":["Flex","Wild Strike+1"],"picked":"Evolve+1","floor":31},{"not_picked":["Exhume","Berserk"],"picked":"Feed","floor":33},{"not_picked":["Cleave+1","Evolve"],"picked":"Burning Pact","floor":35},{"not_picked":["Clash","Flex"],"picked":"Body Slam","floor":39},{"not_picked":["Infernal Blade+1","Pummel","Wild Strike+1"],"picked":"SKIP","floor":40},{"not_picked":["Disarm","Wild Strike"],"picked":"Demon Form","floor":42},{"not_picked":["Anger","Armaments"],"picked":"True Grit+1","floor":44},{"not_picked":["Armaments+1","Wild Strike+1","Evolve+1"],"picked":"SKIP","floor":46},{"not_picked":["Pummel+1","Searing Blow+1"],"picked":"Heavy Blade+1","floor":47}],"player_experience":202619,"relics_obtained":[{"floor":7,"key":"Blood Vial"},{"floor":9,"key":"Juzu Bracelet"},{"floor":13,"key":"Shuriken"},{"floor":26,"key":"Anchor"},{"floor":29,"key":"Pantograph"},{"floor":40,"key":"Ancient Tea Set"},{"floor":43,"key":"Akabeko"},{"floor":44,"key":"Potion Belt"},{"floor":46,"key":"Molten Egg 2"}],"event_choices":[{"cards_removed":["Strike_R"],"damage_healed":0,"gold_gain":0,"player_choice":"Card Removal","damage_taken":0,"max_hp_gain":0,"max_hp_loss":0,"event_name":"Wheel of Change","floor":2,"gold_loss":0},{"damage_healed":0,"gold_gain":0,"cards_transformed":["Strike_R"],"player_choice":"Change","damage_taken":0,"max_hp_gain":0,"max_hp_loss":0,"event_name":"Living Wall","floor":8,"gold_loss":0,"cards_obtained":["Clash"]},{"cards_removed":["Clash"],"damage_healed":5,"gold_gain":0,"player_choice":"Offered Common","damage_taken":0,"max_hp_gain":0,"max_hp_loss":0,"event_name":"Bonfire Elementals","floor":10,"gold_loss":0},{"cards_removed":["Clash"],"damage_healed":5,"gold_gain":0,"player_choice":"Offered Special","damage_taken":0,"max_hp_gain":0,"max_hp_loss":0,"event_name":"Bonfire Elementals","floor":10,"gold_loss":0},{"damage_healed":0,"gold_gain":0,"player_choice":"Simplicity","damage_taken":0,"max_hp_gain":0,"max_hp_loss":0,"event_name":"Back to Basics","floor":20,"gold_loss":0,"cards_upgraded":["Strike_R","Strike_R","Strike_R","Defend_R","Defend_R","Defend_R","Defend_R"]},{"damage_healed":0,"gold_gain":0,"player_choice":"Joined the Cult","damage_taken":6,"max_hp_gain":0,"max_hp_loss":0,"event_name":"Nest","floor":21,"gold_loss":0,"cards_obtained":["RitualDagger"]},{"damage_healed":0,"gold_gain":0,"player_choice":"Paid","damage_taken":0,"relics_obtained":["Red Mask"],"max_hp_gain":0,"max_hp_loss":0,"event_name":"Tomb of Lord Red Mask","floor":38,"gold_loss":12},{"damage_healed":62,"gold_gain":0,"player_choice":"Heal","damage_taken":0,"max_hp_gain":0,"max_hp_loss":0,"event_name":"MindBloom","floor":45,"gold_loss":0,"cards_obtained":["Doubt"]},{"damage_healed":0,"gold_gain":0,"player_choice":"Forge","damage_taken":0,"max_hp_gain":0,"max_hp_loss":0,"event_name":"Accursed Blacksmith","floor":48,"gold_loss":0,"cards_upgraded":["Demon Form"]}],"is_beta":false,"boss_relics":[{"not_picked":["Fusion Hammer","Tiny House"],"picked":"Cursed Key"},{"not_picked":["Busted Crown","Mark of Pain"],"picked":"Philosopher\u0027s Stone"}],"items_purged_floors":[36],"is_endless":false,"potions_floor_spawned":[1,5,7,13,14,18,28,31,39,40,44,47],"killed_by":"Donu and Deca","ascension_level":5}