{"gold_per_floor":[114,127,138,138,152,187,207,233,257,257,273,243],"floor_reached":12,"playtime":482,"items_purged":[],"score":97,"play_id":"c61acf06-4108-49e3-8c35-dc6477d33f2a","local_time":"20210423184221","is_ascension_mode":true,"campfire_choices":[{"data":"Evolve","floor":10,"key":"SMITH"}],"neow_cost":"NONE","seed_source_timestamp":348605507974800,"circlet_count":0,"master_deck":["Strike_R","Defend_R","Defend_R","Defend_R","Defend_R","Bash","Fire Breathing+1","Twin Strike+1","Dark Embrace+1","Reckless Charge","Shockwave","Sentinel","Fire Breathing","Whirlwind","Havoc","Evolve+1"],"relics":["Astrolabe","Eternal Feather","Ancient Tea Set","PreservedInsect"],"potions_floor_usage":[6,8,12],"damage_taken":[{"damage":6,"enemies":"Jaw Worm","floor":1,"turns":3},{"damage":4,"enemies":"Cultist","floor":2,"turns":4},{"damage":3,"enemies":"Small Slimes","floor":3,"turns":3},{"damage":15,"enemies":"3 Louse","floor":5,"turns":5},{"damage":20,"enemies":"Gremlin Nob","floor":6,"turns":5},{"damage":5,"enemies":"Looter","floor":7,"turns":2},{"damage":9,"enemies":"3 Sentries","floor":8,"turns":4},{"damage":1,"enemies":"Lots of Slimes","floor":11,"turns":2},{"damage":27,"enemies":"Exordium Thugs","floor":12,"turns":2}],"seed_played":"6330022888940935203","potions_obtained":[{"floor":3,"key":"Weak Potion"},{"floor":6,"key":"Energy Potion"},{"floor":7,"key":"AttackPotion"},{"floor":8,"key":"GamblersBrew"},{"floor":11,"key":"Block Potion"}],"is_trial":false,"path_per_floor":["M","M","M","?","M","E","M","E","T","R","M","M"],"character_chosen":"IRONCLAD","items_purchased":[],"campfire_rested":0,"item_purchase_floors":[],"current_hp_per_floor":[74,70,67,67,52,32,27,18,18,27,26,0],"gold":243,"neow_bonus":"BOSS_RELIC","is_prod":false,"is_daily":false,"chose_seed":false,"campfire_upgraded":1,"win_rate":0,"timestamp":1619217741,"path_taken":["M","M","M","?","?","E","M","E","T","R","M","M"],"build_version":"2020-12-22","purchased_purges":0,"victory":false,"max_hp_per_floor":[80,80,80,80,80,80,80,80,80,80,80,80],"card_choices":[{"not_picked":["Headbutt","Heavy Blade"],"picked":"Reckless Charge","floor":1},{"not_picked":["Pommel Strike","Rupture"],"picked":"Shockwave","floor":2},{"not_picked":["Clothesline","Iron Wave"],"picked":"Sentinel","floor":3},{"not_picked":["Headbutt","Iron Wave"],"picked":"Fire Breathing","floor":5},{"not_picked":["Flex","Thunderclap"],"picked":"Whirlwind","floor":6},{"not_picked":["Power Through","Ghostly Armor"],"picked":"Havoc","floor":7},{"not_picked":["Flex","Sentinel"],"picked":"Evolve","floor":8},{"not_picked":["Combust","Armaments","Hemokinesis"],"picked":"SKIP","floor":11}],"player_experience":170769,"relics_obtained":[{"floor":6,"key":"Eternal Feather"},{"floor":8,"key":"Ancient Tea Set"},{"floor":9,"key":"PreservedInsect"}],"event_choices":[{"cards_removed":["Strike_R"],"damage_healed":0,"gold_gain":0,"player_choice":"Purged","damage_taken":0,"max_hp_gain":0,"max_hp_loss":0,"event_name":"Purifier","floor":4,"gold_loss":0}],"is_beta":false,"boss_relics":[],"items_purged_floors":[],"is_endless":false,"potions_floor_spawned":[3,6,7,8,11],"killed_by":"Exordium Thugs","ascension_level":1}