{"gold_per_floor":[110,123,143,93,106,133,208,208,233,258,258,273,293,293,293,293],"floor_reached":16,"playtime":838,"items_purged":[],"score":140,"play_id":"156dccb9-20fe-4906-a3d9-70956fd9da00","local_time":"20210427184440","is_ascension_mode":true,"campfire_choices":[{"floor":8,"key":"REST"},{"floor":11,"key":"REST"},{"data":"Wild Strike","floor":15,"key":"SMITH"}],"neow_cost":"NONE","seed_source_timestamp":693987945840800,"circlet_count":0,"master_deck":["Strike_R","Strike_R","Strike_R","Strike_R","Strike_R","Defend_R","Defend_R","Defend_R","Bash","Wild Strike+1","True Grit","Flame Barrier","Sentinel","Warcry","Twin Strike","Burning Pact","Bloodletting"],"relics":["Burning Blood","Bronze Scales","Tiny Chest","Pen Nib"],"potions_floor_usage":[10,16,16],"damage_taken":[{"damage":1,"enemies":"Cultist","floor":1,"turns":3},{"damage":0,"enemies":"Small Slimes","floor":2,"turns":3},{"damage":2,"enemies":"2 Louse","floor":3,"turns":3},{"damage":11,"enemies":"Exordium Wildlife","floor":5,"turns":7},{"damage":49,"enemies":"Lagavulin","floor":6,"turns":9},{"damage":54,"enemies":"3 Sentries","floor":10,"turns":15},{"damage":7,"enemies":"Blue Slaver","floor":12,"turns":4},{"damage":13,"enemies":"Large Slime","floor":13,"turns":5},{"damage":50,"enemies":"Hexaghost","floor":16,"turns":9}],"seed_played":"-1585412441328968746","potions_obtained":[{"floor":6,"key":"BloodPotion"},{"floor":12,"key":"Explosive Potion"},{"floor":13,"key":"FearPotion"}],"is_trial":false,"path_per_floor":["M","M","M","?","M","E","?","R","T","E","R","M","M","?","R","B"],"character_chosen":"IRONCLAD","items_purchased":[],"campfire_rested":2,"item_purchase_floors":[],"current_hp_per_floor":[88,88,88,88,83,40,29,55,55,24,50,49,42,47,47,0],"gold":293,"neow_bonus":"TEN_PERCENT_HP_BONUS","is_prod":false,"is_daily":false,"chose_seed":false,"campfire_upgraded":1,"win_rate":0,"timestamp":1619563480,"path_taken":["M","M","M","?","M","E","?","R","T","E","R","M","M","?","R","BOSS"],"build_version":"2020-12-22","purchased_purges":0,"victory":false,"max_hp_per_floor":[88,88,88,88,88,88,88,88,88,88,88,88,88,93,93,93],"card_choices":[{"not_picked":["Havoc","Combust"],"picked":"Wild Strike","floor":1},{"not_picked":["Headbutt","Havoc"],"picked":"True Grit","floor":2},{"not_picked":["Clothesline","Heavy Blade"],"picked":"Flame Barrier","floor":3},{"not_picked":["Rage","Impervious"],"picked":"Sentinel","floor":5},{"not_picked":["Flame Barrier","Heavy Blade"],"picked":"Warcry","floor":6},{"not_picked":["Flex","Sword Boomerang"],"picked":"Twin Strike","floor":10},{"not_picked":["True Grit","Wild Strike"],"picked":"Burning Pact","floor":12},{"not_picked":["Disarm","Hemokinesis"],"picked":"Bloodletting","floor":13}],"player_experience":200045,"relics_obtained":[{"floor":6,"key":"Bronze Scales"},{"floor":9,"key":"Tiny Chest"},{"floor":10,"key":"Pen Nib"}],"event_choices":[{"cards_removed":["Defend_R"],"damage_healed":0,"gold_gain":0,"player_choice":"Card Removal","damage_taken":0,"max_hp_gain":0,"max_hp_loss":0,"event_name":"The Cleric","floor":4,"gold_loss":50},{"damage_healed":0,"gold_gain":75,"player_choice":"Gather Gold","damage_taken":11,"max_hp_gain":0,"max_hp_loss":0,"event_name":"World of Goop","floor":7,"gold_loss":0},{"damage_healed":0,"gold_gain":0,"player_choice":"Donut","damage_taken":0,"max_hp_gain":5,"max_hp_loss":0,"event_name":"Big Fish","floor":14,"gold_loss":0}],"is_beta":false,"boss_relics":[],"items_purged_floors":[],"is_endless":false,"potions_floor_spawned":[6,12,13],"killed_by":"Hexaghost","ascension_level":5}