{"gold_per_floor":[111,124,141,52,66,94,94,124,149,149,177,177,188,188,188,287,287,307,307,57,88,104,104,137,154,179,39,39,67,67,67,67,171,171,186,197,51,51,51,51,273,273,353,373,373],"floor_reached":45,"playtime":1778,"items_purged":["Defend_R","Fiend Fire"],"score":562,"play_id":"5f479cb3-7568-4ebf-b767-98bd70b63a92","local_time":"20210426014018","is_ascension_mode":true,"campfire_choices":[{"data":"Wild Strike","floor":7,"key":"SMITH"},{"floor":10,"key":"REST"},{"data":"Bash","floor":12,"key":"SMITH"},{"floor":15,"key":"REST"},{"data":"Bite","floor":23,"key":"SMITH"},{"data":"Bite","floor":30,"key":"SMITH"},{"floor":32,"key":"REST"},{"data":"Madness","floor":40,"key":"SMITH"},{"floor":42,"key":"REST"}],"neow_cost":"NONE","seed_source_timestamp":545186169838700,"circlet_count":0,"master_deck":["Defend_R","Defend_R","Defend_R","Bash+1","Shrug It Off","Wild Strike+1","Spot Weakness","Cleave","Blood for Blood","Cleave","Ghostly Armor","Metallicize","Bite+1","Bite+1","Bite","Bite","Bite","Fire Breathing","Warcry","Seeing Red","Berserk","Armaments+1","True Grit","Madness+1","Madness","Transmutation"],"relics":["Busted Crown","Whetstone","Bag of Marbles","Boot","Oddly Smooth Stone","SacredBark","Red Mask","MealTicket","Red Skull","Philosopher\u0027s Stone","Vajra","Mummified Hand"],"potions_floor_usage":[6,6,21,29,29,36,45],"damage_taken":[{"damage":0,"enemies":"Small Slimes","floor":1,"turns":2},{"damage":2,"enemies":"2 Louse","floor":2,"turns":3},{"damage":7,"enemies":"Jaw Worm","floor":3,"turns":2},{"damage":10,"enemies":"2 Fungi Beasts","floor":5,"turns":3},{"damage":32,"enemies":"3 Sentries","floor":6,"turns":8},{"damage":16,"enemies":"Gremlin Nob","floor":8,"turns":3},{"damage":10,"enemies":"3 Sentries","floor":11,"turns":6},{"damage":6,"enemies":"Large Slime","floor":13,"turns":2},{"damage":27,"enemies":"Hexaghost","floor":16,"turns":6},{"damage":16,"enemies":"2 Thieves","floor":18,"turns":4},{"damage":14,"enemies":"Masked Bandits","floor":21,"turns":3},{"damage":21,"enemies":"Shell Parasite","floor":22,"turns":4},{"damage":26,"enemies":"Slavers","floor":24,"turns":6},{"damage":1,"enemies":"Centurion and Healer","floor":25,"turns":8},{"damage":40,"enemies":"Gremlin Leader","floor":29,"turns":10},{"damage":110,"enemies":"Automaton","floor":33,"turns":12},{"damage":47,"enemies":"3 Darklings","floor":35,"turns":5},{"damage":19,"enemies":"Orb Walker","floor":36,"turns":4},{"damage":20,"enemies":"4 Shapes","floor":44,"turns":5},{"damage":84,"enemies":"Giant Head","floor":45,"turns":7}],"seed_played":"-4147440954171049105","potions_obtained":[{"floor":1,"key":"SteroidPotion"},{"floor":2,"key":"Explosive Potion"},{"floor":5,"key":"Regen Potion"},{"floor":16,"key":"AttackPotion"},{"floor":21,"key":"SneckoOil"},{"floor":35,"key":"BloodPotion"},{"floor":36,"key":"Energy Potion"},{"floor":44,"key":"BloodPotion"}],"is_trial":false,"path_per_floor":["M","M","M","$","M","E","R","E","T","R","E","R","M","?","R","B",null,"M","?","$","?","M","R","E","M","T","$","?","E","R","?","R","B",null,"M","M","$","?","?","R","?","R","T","M","E"],"character_chosen":"IRONCLAD","items_purchased":["Spot Weakness","Fire Potion","Fire Breathing","FairyPotion","Seeing Red","Vajra"],"campfire_rested":4,"item_purchase_floors":[4,4,20,20,27,37],"current_hp_per_floor":[80,78,71,71,61,44,44,28,28,52,42,42,36,36,60,33,80,64,56,56,44,33,33,22,48,48,56,56,38,38,38,54,9,56,11,26,41,34,24,24,24,40,40,26,0],"gold":373,"neow_bonus":"BOSS_RELIC","is_prod":false,"is_daily":false,"chose_seed":false,"campfire_upgraded":5,"win_rate":0,"timestamp":1619415618,"path_taken":["M","M","M","$","M","E","R","E","T","R","E","R","M","?","R","BOSS","M","?","$","?","M","R","E","M","T","$","?","E","R","?","R","BOSS","M","M","$","?","?","R","?","R","T","M","E"],"build_version":"2020-12-22","purchased_purges":2,"victory":false,"max_hp_per_floor":[80,80,80,80,80,80,80,80,80,80,80,80,80,80,80,80,80,80,56,56,56,56,56,56,56,56,56,56,56,56,56,56,56,56,56,56,56,56,56,56,56,56,56,56,56],"card_choices":[{"not_picked":[],"picked":"Shrug It Off","floor":1},{"not_picked":[],"picked":"Wild Strike","floor":2},{"not_picked":["Combust"],"picked":"SKIP","floor":3},{"not_picked":["Body Slam"],"picked":"SKIP","floor":5},{"not_picked":[],"picked":"Cleave","floor":6},{"not_picked":[],"picked":"Blood for Blood","floor":8},{"not_picked":[],"picked":"Cleave","floor":11},{"not_picked":["Body Slam"],"picked":"SKIP","floor":13},{"not_picked":[],"picked":"Fiend Fire","floor":16},{"not_picked":[],"picked":"Metallicize","floor":18},{"not_picked":[],"picked":"Warcry","floor":21},{"not_picked":["Anger"],"picked":"SKIP","floor":22},{"not_picked":["Clash"],"picked":"SKIP","floor":24},{"not_picked":["Heavy Blade"],"picked":"SKIP","floor":25},{"not_picked":["Corruption"],"picked":"SKIP","floor":29},{"not_picked":[],"picked":"Berserk","floor":33},{"not_picked":[],"picked":"Armaments+1","floor":35},{"not_picked":[],"picked":"True Grit","floor":36},{"not_picked":[],"picked":"Transmutation","floor":39},{"not_picked":["Perfected Strike+1"],"picked":"SKIP","floor":44}],"player_experience":187935,"relics_obtained":[{"floor":6,"key":"Whetstone"},{"floor":8,"key":"Bag of Marbles"},{"floor":9,"key":"Boot"},{"floor":11,"key":"Oddly Smooth Stone"},{"floor":21,"key":"Red Mask"},{"floor":24,"key":"MealTicket"},{"floor":26,"key":"Red Skull"},{"floor":43,"key":"Mummified Hand"}],"event_choices":[{"damage_healed":0,"gold_gain":0,"cards_transformed":["Strike_R"],"player_choice":"Change","damage_taken":0,"max_hp_gain":0,"max_hp_loss":0,"event_name":"Living Wall","floor":14,"gold_loss":0,"cards_obtained":["Ghostly Armor"]},{"damage_healed":0,"gold_gain":0,"player_choice":"Became a vampire","damage_taken":0,"max_hp_gain":0,"max_hp_loss":24,"event_name":"Vampires","floor":19,"gold_loss":0,"cards_obtained":["Bite","Bite","Bite","Bite","Bite"]},{"damage_healed":0,"gold_gain":0,"player_choice":"Fought Bandits","damage_taken":0,"max_hp_gain":0,"max_hp_loss":0,"event_name":"Masked Bandits","floor":21,"gold_loss":0},{"damage_healed":0,"gold_gain":0,"player_choice":"Ignored","damage_taken":0,"max_hp_gain":0,"max_hp_loss":0,"event_name":"Ghosts","floor":28,"gold_loss":0},{"damage_healed":0,"gold_gain":0,"player_choice":"0 cards matched","damage_taken":0,"max_hp_gain":0,"max_hp_loss":0,"event_name":"Match and Keep!","floor":31,"gold_loss":0,"cards_obtained":[]},{"damage_healed":0,"gold_gain":0,"player_choice":"Embrace Madness","damage_taken":7,"max_hp_gain":0,"max_hp_loss":0,"event_name":"Winding Halls","floor":38,"gold_loss":0,"cards_obtained":["Madness","Madness"]},{"damage_healed":0,"gold_gain":0,"player_choice":"Memory 3","damage_taken":10,"max_hp_gain":0,"max_hp_loss":0,"event_name":"SensoryStone","floor":39,"gold_loss":0},{"damage_healed":0,"gold_gain":222,"player_choice":"Wore Mask","damage_taken":0,"max_hp_gain":0,"max_hp_loss":0,"event_name":"Tomb of Lord Red Mask","floor":41,"gold_loss":0}],"is_beta":false,"boss_relics":[{"not_picked":["Runic Dome","Velvet Choker"],"picked":"SacredBark"},{"not_picked":["Cursed Key","SlaversCollar"],"picked":"Philosopher\u0027s Stone"}],"items_purged_floors":[20,27],"is_endless":false,"potions_floor_spawned":[1,2,5,16,21,24,35,36,44],"killed_by":"Giant Head","ascension_level":3}