{"gold_per_floor":[119,19,19,94,119,153,153,169,194,194,538,538,556,580,580,705,705,705,705,705,630,630,630],"floor_reached":23,"playtime":1044,"items_purged":["Strike_R"],"score":249,"play_id":"ffae5358-4d1e-4298-bffd-a23d241d40d3","local_time":"20210427190224","is_ascension_mode":true,"campfire_choices":[{"data":"Anger","floor":7,"key":"SMITH"},{"data":"Pommel Strike","floor":10,"key":"SMITH"},{"floor":15,"key":"REST"}],"neow_cost":"NONE","seed_source_timestamp":694845556858600,"circlet_count":0,"master_deck":["Strike_R","Strike_R","Defend_R","Defend_R","Defend_R","Defend_R","Bash","Anger+1","Pommel Strike+1","Injury","Sword Boomerang","Headbutt","Twin Strike","Uppercut","Cleave","Pommel Strike","Brutality","Burning Pact","RitualDagger","Flame Barrier"],"relics":["SlaversCollar","Golden Idol","Blood Vial","Regal Pillow","Old Coin","SsserpentHead","Ectoplasm"],"potions_floor_usage":[6,16,23],"damage_taken":[{"damage":19,"enemies":"Jaw Worm","floor":1,"turns":5},{"damage":0,"enemies":"2 Louse","floor":5,"turns":2},{"damage":4,"enemies":"Gremlin Nob","floor":6,"turns":3},{"damage":1,"enemies":"Cultist","floor":8,"turns":3},{"damage":15,"enemies":"3 Sentries","floor":11,"turns":6},{"damage":5,"enemies":"2 Fungi Beasts","floor":13,"turns":3},{"damage":6,"enemies":"Looter","floor":14,"turns":2},{"damage":47,"enemies":"Hexaghost","floor":16,"turns":8},{"damage":3,"enemies":"Chosen","floor":18,"turns":3},{"damage":21,"enemies":"Spheric Guardian","floor":22,"turns":4},{"damage":42,"enemies":"Slavers","floor":23,"turns":4}],"seed_played":"-2049594387053028157","potions_obtained":[{"floor":1,"key":"Block Potion"},{"floor":5,"key":"SmokeBomb"},{"floor":14,"key":"Swift Potion"},{"floor":22,"key":"GamblersBrew"}],"is_trial":false,"path_per_floor":["M","$","?","?","M","E","R","M","T","R","E","?","M","M","R","B",null,"M","?","?","?","M","E"],"character_chosen":"IRONCLAD","items_purchased":["Pommel Strike"],"campfire_rested":1,"item_purchase_floors":[2],"current_hp_per_floor":[61,61,61,50,50,46,46,47,47,47,34,34,31,27,66,21,65,64,58,58,58,39,0],"gold":630,"neow_bonus":"BOSS_RELIC","is_prod":false,"is_daily":false,"chose_seed":false,"campfire_upgraded":2,"win_rate":0,"timestamp":1619564544,"path_taken":["M","$","?","?","M","E","R","M","T","R","E","?","M","M","R","BOSS","M","?","?","?","M","E"],"build_version":"2020-12-22","purchased_purges":1,"victory":false,"max_hp_per_floor":[80,80,80,80,80,80,80,80,80,80,80,80,80,80,80,80,80,80,80,80,80,80,80],"card_choices":[{"not_picked":["Second Wind","Blood for Blood"],"picked":"Anger","floor":1},{"not_picked":["Rage","Ghostly Armor"],"picked":"Sword Boomerang","floor":5},{"not_picked":["Iron Wave","Heavy Blade"],"picked":"Headbutt","floor":6},{"not_picked":["Iron Wave","Clothesline"],"picked":"Twin Strike","floor":8},{"not_picked":["Sword Boomerang","Burning Pact"],"picked":"Uppercut","floor":11},{"not_picked":["Warcry","Havoc"],"picked":"Cleave","floor":13},{"not_picked":["Heavy Blade","Second Wind"],"picked":"Pommel Strike","floor":14},{"not_picked":["Limit Break","Fiend Fire"],"picked":"Brutality","floor":16},{"not_picked":["Thunderclap","Metallicize"],"picked":"Burning Pact","floor":18},{"not_picked":["Sword Boomerang","Cleave"],"picked":"Flame Barrier","floor":22}],"player_experience":200883,"relics_obtained":[{"floor":6,"key":"Blood Vial"},{"floor":9,"key":"Regal Pillow"},{"floor":11,"key":"Old Coin"}],"event_choices":[{"damage_healed":0,"gold_gain":0,"player_choice":"Take Wound","damage_taken":0,"relics_obtained":["Golden Idol"],"max_hp_gain":0,"max_hp_loss":0,"event_name":"Golden Idol","floor":3,"gold_loss":0,"cards_obtained":["Injury"]},{"damage_healed":0,"gold_gain":75,"player_choice":"Gather Gold","damage_taken":11,"max_hp_gain":0,"max_hp_loss":0,"event_name":"World of Goop","floor":4,"gold_loss":0},{"damage_healed":0,"gold_gain":0,"player_choice":"Trade","damage_taken":0,"relics_obtained":["SsserpentHead"],"max_hp_gain":0,"max_hp_loss":0,"event_name":"FaceTrader","floor":12,"gold_loss":0},{"damage_healed":0,"gold_gain":0,"player_choice":"Joined the Cult","damage_taken":6,"max_hp_gain":0,"max_hp_loss":0,"event_name":"Nest","floor":19,"gold_loss":0,"cards_obtained":["RitualDagger"]},{"cards_removed":["Strike_R"],"damage_healed":0,"gold_gain":0,"player_choice":"Elegance","damage_taken":0,"max_hp_gain":0,"max_hp_loss":0,"event_name":"Back to Basics","floor":20,"gold_loss":0},{"cards_removed":["Strike_R"],"damage_healed":0,"gold_gain":0,"player_choice":"Gave Gold","damage_taken":0,"max_hp_gain":0,"max_hp_loss":0,"event_name":"Beggar","floor":21,"gold_loss":75}],"is_beta":false,"boss_relics":[{"not_picked":["Philosopher\u0027s Stone","Snecko Eye"],"picked":"Ectoplasm"}],"items_purged_floors":[2],"is_endless":false,"potions_floor_spawned":[1,5,14,22],"killed_by":"Slavers","ascension_level":5}