{"gold_per_floor":[118,133,208,208,158,158,171,203,203,203,73,108,70,84,84,189,189,207,221,231,242,242,242,269,269,269,284,284,299,150,185,197,304,316,345,407,429,461,371,400,400,428,428,252,281,281,28,62,62,62],"floor_reached":51,"playtime":2920,"items_purged":["Corruption","Blood for Blood+1"],"score":1008,"play_id":"ea749a34-a2aa-480b-bd35-cbac23a2d205","local_time":"20210427235938","is_ascension_mode":true,"campfire_choices":[{"data":"1","floor":6,"key":"LIFT"},{"floor":10,"key":"REST"},{"data":"2","floor":15,"key":"LIFT"},{"data":"3","floor":23,"key":"LIFT"},{"data":"Inflame","floor":25,"key":"SMITH"},{"data":"Pummel","floor":32,"key":"SMITH"},{"floor":41,"key":"REST"},{"floor":49,"key":"REST"}],"neow_cost":"NONE","seed_source_timestamp":710792671136900,"circlet_count":0,"master_deck":["Strike_R+1","Strike_R+1","Strike_R+1","Strike_R+1","Defend_R+1","Defend_R+1","Bash","CurseOfTheBell","Reaper","Pummel+1","Sword Boomerang+1","Ghostly Armor+1","Inflame+1","Sword Boomerang+1","Offering+1","Pommel Strike+1","Shrug It Off+1","Feed+1","Twin Strike+1","Cleave+1","Cleave+1","Thunderclap+1","Uppercut+1","Heavy Blade+1","Sword Boomerang+1","Dropkick+1","Shrug It Off+1","Headbutt+1","Thunderclap+1","Pummel+1","Inflame","Uppercut+1"],"relics":["Calling Bell","Red Skull","Matryoshka","Girya","Molten Egg 2","MealTicket","Gambling Chip","Velvet Choker","StoneCalendar","Pear","Charon\u0027s Ashes","PreservedInsect","MawBank","Astrolabe","Ginger","Bag of Preparation","Orichalcum","Juzu Bracelet","Toxic Egg 2","War Paint"],"potions_floor_usage":[8,12,24,33],"damage_taken":[{"damage":5,"enemies":"2 Louse","floor":1,"turns":3},{"damage":3,"enemies":"Small Slimes","floor":2,"turns":3},{"damage":12,"enemies":"Jaw Worm","floor":7,"turns":3},{"damage":28,"enemies":"Gremlin Nob","floor":8,"turns":4},{"damage":35,"enemies":"Lagavulin","floor":12,"turns":5},{"damage":3,"enemies":"Blue Slaver","floor":14,"turns":3},{"damage":26,"enemies":"The Guardian","floor":16,"turns":5},{"damage":6,"enemies":"3 Byrds","floor":18,"turns":4},{"damage":1,"enemies":"Spheric Guardian","floor":19,"turns":3},{"damage":35,"enemies":"Snake Plant","floor":20,"turns":3},{"damage":0,"enemies":"Snecko","floor":21,"turns":2},{"damage":19,"enemies":"Book of Stabbing","floor":24,"turns":4},{"damage":22,"enemies":"Sentry and Sphere","floor":27,"turns":4},{"damage":23,"enemies":"Centurion and Healer","floor":29,"turns":3},{"damage":18,"enemies":"Slavers","floor":31,"turns":2},{"damage":31,"enemies":"Champ","floor":33,"turns":6},{"damage":0,"enemies":"Orb Walker","floor":35,"turns":2},{"damage":24,"enemies":"Mind Bloom Boss Battle","floor":36,"turns":4},{"damage":10,"enemies":"3 Darklings","floor":37,"turns":3},{"damage":6,"enemies":"Spire Growth","floor":38,"turns":3},{"damage":34,"enemies":"Reptomancer","floor":40,"turns":3},{"damage":37,"enemies":"Nemesis","floor":42,"turns":3},{"damage":0,"enemies":"Giant Head","floor":45,"turns":3},{"damage":9,"enemies":"Nemesis","floor":48,"turns":3},{"damage":88,"enemies":"Donu and Deca","floor":50,"turns":5}],"seed_played":"4343846926782815018","potions_obtained":[{"floor":1,"key":"Fire Potion"},{"floor":12,"key":"PowerPotion"},{"floor":18,"key":"CultistPotion"},{"floor":19,"key":"FairyPotion"},{"floor":24,"key":"ElixirPotion"},{"floor":29,"key":"Energy Potion"},{"floor":36,"key":"Swift Potion"}],"is_trial":false,"path_per_floor":["M","M","?","?","?","R","M","E","T","R","$","E","$","M","R","B",null,"M","M","M","M","?","R","E","R","T","M","?","M","$","E","R","B",null,"M","?","M","M","$","E","R","E","T","$","E","?","$","E","R","B",null],"character_chosen":"IRONCLAD","items_purchased":["EntropicBrew","Sword Boomerang+1","Inflame","PreservedInsect","SmokeBomb","Pummel+1","Inflame","War Paint"],"campfire_rested":3,"item_purchase_floors":[11,11,13,30,39,44,44,47],"current_hp_per_floor":[75,72,61,61,61,61,49,21,21,45,60,32,47,44,44,29,67,73,72,37,37,63,63,53,53,63,48,48,45,60,72,72,41,78,82,58,48,57,72,38,66,29,29,44,44,44,59,50,78,28],"gold":62,"neow_bonus":"BOSS_RELIC","is_prod":false,"is_daily":false,"chose_seed":false,"campfire_upgraded":2,"win_rate":0,"timestamp":1619582378,"path_taken":["M","M","?","?","?","R","M","E","T","R","$","E","$","M","R","BOSS","M","M","M","M","?","R","E","R","T","M","?","M","$","E","R","BOSS","M","?","M","M","$","E","R","E","T","?","E","?","$","E","R","BOSS"],"build_version":"2020-12-22","purchased_purges":2,"victory":true,"max_hp_per_floor":[80,80,80,80,80,80,80,80,80,80,80,80,80,80,80,80,80,80,80,80,80,80,80,80,80,90,90,90,90,90,90,90,90,90,94,94,94,94,94,94,94,94,94,94,94,94,94,94,94,94],"card_choices":[{"not_picked":["Warcry","Metallicize"],"picked":"Shrug It Off","floor":1},{"not_picked":["Warcry","Sword Boomerang"],"picked":"Reaper","floor":2},{"not_picked":["Whirlwind","Intimidate"],"picked":"Pummel","floor":7},{"not_picked":["Dropkick+1","Fire Breathing"],"picked":"Blood for Blood+1","floor":8},{"not_picked":["Rupture","Anger+1"],"picked":"Ghostly Armor","floor":12},{"not_picked":["Dark Embrace","Intimidate"],"picked":"Sword Boomerang+1","floor":14},{"not_picked":["Bludgeon+1","Juggernaut"],"picked":"Offering","floor":16},{"not_picked":["Body Slam+1","Bloodletting+1"],"picked":"Pommel Strike+1","floor":18},{"not_picked":["Rupture","Havoc+1","Clothesline+1"],"picked":"SKIP","floor":19},{"not_picked":["Battle Trance+1","Body Slam+1"],"picked":"Shrug It Off+1","floor":20},{"not_picked":["Reckless Charge+1","Carnage+1"],"picked":"Feed+1","floor":21},{"not_picked":["Flex","Anger+1"],"picked":"Twin Strike+1","floor":24},{"not_picked":["Twin Strike+1","Searing Blow+1"],"picked":"Cleave+1","floor":27},{"not_picked":["Warcry","Iron Wave+1","Rage"],"picked":"SKIP","floor":29},{"not_picked":["Rampage+1","Entrench"],"picked":"Cleave+1","floor":31},{"not_picked":["Impervious","Bludgeon+1"],"picked":"Corruption","floor":33},{"not_picked":["Armaments+1","Heavy Blade+1"],"picked":"Sword Boomerang+1","floor":35},{"not_picked":["Iron Wave+1","Warcry"],"picked":"Dropkick+1","floor":36},{"not_picked":["Twin Strike+1","Infernal Blade+1"],"picked":"Shrug It Off+1","floor":37},{"not_picked":["Clash+1","Ghostly Armor+1"],"picked":"Headbutt+1","floor":38},{"not_picked":["Bludgeon+1","Heavy Blade+1","Cleave+1"],"picked":"SKIP","floor":40},{"not_picked":["Clash+1","Immolate+1"],"picked":"Thunderclap+1","floor":42},{"not_picked":["Brutality","Headbutt+1"],"picked":"Uppercut+1","floor":45},{"not_picked":["Bloodletting+1","Twin Strike+1","Infernal Blade+1"],"picked":"SKIP","floor":48}],"player_experience":212606,"relics_obtained":[{"floor":0,"key":"Red Skull"},{"floor":0,"key":"Matryoshka"},{"floor":0,"key":"Girya"},{"floor":8,"key":"Molten Egg 2"},{"floor":9,"key":"MealTicket"},{"floor":12,"key":"Gambling Chip"},{"floor":24,"key":"StoneCalendar"},{"floor":26,"key":"Pear"},{"floor":26,"key":"Charon\u0027s Ashes"},{"floor":31,"key":"MawBank"},{"floor":36,"key":"Ginger"},{"floor":40,"key":"Bag of Preparation"},{"floor":42,"key":"Orichalcum"},{"floor":43,"key":"Juzu Bracelet"},{"floor":45,"key":"Toxic Egg 2"}],"event_choices":[{"damage_healed":0,"gold_gain":75,"player_choice":"Gather Gold","damage_taken":11,"max_hp_gain":0,"max_hp_loss":0,"event_name":"World of Goop","floor":3,"gold_loss":0},{"damage_healed":0,"gold_gain":0,"player_choice":"Ignored","damage_taken":0,"max_hp_gain":0,"max_hp_loss":0,"event_name":"Liars Game","floor":4,"gold_loss":0},{"cards_removed":["Defend_R"],"damage_healed":0,"gold_gain":0,"player_choice":"Card Removal","damage_taken":0,"max_hp_gain":0,"max_hp_loss":0,"event_name":"The Cleric","floor":5,"gold_loss":50},{"damage_healed":26,"gold_gain":0,"player_choice":"Heal","damage_taken":0,"max_hp_gain":0,"max_hp_loss":0,"event_name":"The Library","floor":22,"gold_loss":0},{"damage_healed":0,"gold_gain":0,"player_choice":"Simplicity","damage_taken":0,"max_hp_gain":0,"max_hp_loss":0,"event_name":"Back to Basics","floor":28,"gold_loss":0,"cards_upgraded":["Strike_R","Strike_R","Strike_R","Strike_R","Strike_R","Defend_R","Defend_R","Defend_R"]},{"damage_healed":0,"gold_gain":0,"player_choice":"Fight","damage_taken":0,"max_hp_gain":0,"max_hp_loss":0,"event_name":"MindBloom","floor":36,"gold_loss":0},{"damage_healed":0,"gold_gain":0,"player_choice":"Ignored","damage_taken":0,"max_hp_gain":0,"max_hp_loss":0,"event_name":"Tomb of Lord Red Mask","floor":46,"gold_loss":0}],"is_beta":false,"boss_relics":[{"not_picked":["Fusion Hammer","Busted Crown"],"picked":"Velvet Choker"},{"not_picked":["Sozu","Snecko Eye"],"picked":"Astrolabe"}],"items_purged_floors":[44,47],"is_endless":false,"potions_floor_spawned":[1,12,14,18,19,24,29,31,36,37,42,48],"ascension_level":5}