{"gold_per_floor":[99,99,99,99,99,99,99,99,99,99,99,79,79,79,79,79,79,49,49,49,49,49,49,49,49,49,49],"floor_reached":27,"playtime":789,"items_purged":[],"score":290,"play_id":"95dcf564-3d5c-479b-a145-a57f15c04f8e","local_time":"20210426015409","is_ascension_mode":true,"campfire_choices":[{"data":"Wild Strike","floor":6,"key":"SMITH"},{"data":"Shrug It Off","floor":8,"key":"SMITH"},{"data":"Bash","floor":10,"key":"SMITH"},{"data":"Carnage","floor":15,"key":"SMITH"},{"floor":23,"key":"REST"}],"neow_cost":"NONE","seed_source_timestamp":547006963784300,"circlet_count":0,"master_deck":["Strike_R","Strike_R","Defend_R+1","Defend_R","Defend_R","Bash+1","Wild Strike+1","Limit Break+1","Shrug It Off+1","Heavy Blade","Clash","Carnage+1","Clash","Bludgeon","Dark Embrace+1","Thunderclap+1","Limit Break+1","Flame Barrier","Shrug It Off","Uppercut","Heavy Blade","Dropkick+1","Headbutt","Rampage"],"relics":["Ectoplasm","Nunchaku","InkBottle","Bag of Preparation","Astrolabe","War Paint"],"potions_floor_usage":[16,16],"damage_taken":[{"damage":0,"enemies":"2 Louse","floor":1,"turns":3},{"damage":2,"enemies":"Jaw Worm","floor":4,"turns":3},{"damage":22,"enemies":"Lagavulin","floor":7,"turns":5},{"damage":0,"enemies":"Small Slimes","floor":11,"turns":2},{"damage":0,"enemies":"Gremlin Nob","floor":13,"turns":3},{"damage":0,"enemies":"2 Fungi Beasts","floor":14,"turns":2},{"damage":40,"enemies":"Hexaghost","floor":16,"turns":8},{"damage":11,"enemies":"2 Thieves","floor":18,"turns":3},{"damage":0,"enemies":"Spheric Guardian","floor":19,"turns":3},{"damage":18,"enemies":"Snecko","floor":20,"turns":3},{"damage":20,"enemies":"Chosen and Byrds","floor":21,"turns":7},{"damage":18,"enemies":"Snake Plant","floor":22,"turns":3},{"damage":12,"enemies":"3 Cultists","floor":24,"turns":5},{"damage":10,"enemies":"Cultist and Chosen","floor":25,"turns":4},{"damage":27,"enemies":"Snake Plant","floor":27,"turns":2}],"seed_played":"-8150542644169946918","potions_obtained":[{"floor":11,"key":"Ancient Potion"},{"floor":12,"key":"SkillPotion"},{"floor":13,"key":"SteroidPotion"},{"floor":19,"key":"DuplicationPotion"},{"floor":21,"key":"ElixirPotion"}],"is_trial":false,"path_per_floor":["M","?","?","M","?","R","E","R","T","R","M","?","E","M","R","B",null,"M","M","M","M","M","R","M","M","T","M"],"character_chosen":"IRONCLAD","items_purchased":[],"campfire_rested":1,"item_purchase_floors":[],"current_hp_per_floor":[80,80,85,83,72,72,50,50,50,50,50,50,50,50,50,10,85,74,74,56,36,18,43,31,21,21,0],"gold":49,"neow_bonus":"BOSS_RELIC","is_prod":false,"is_daily":false,"chose_seed":false,"campfire_upgraded":4,"win_rate":0,"timestamp":1619416449,"path_taken":["M","?","?","M","?","R","E","R","T","R","M","?","E","M","R","BOSS","M","M","M","?","M","R","M","M","T","M"],"build_version":"2020-12-22","purchased_purges":0,"victory":false,"max_hp_per_floor":[80,80,85,85,85,85,85,85,85,85,85,85,85,85,85,85,85,85,85,85,85,85,85,85,85,85,85],"card_choices":[{"not_picked":["Sword Boomerang","Flex"],"picked":"Wild Strike","floor":1},{"not_picked":["Perfected Strike","Evolve"],"picked":"Shrug It Off","floor":4},{"not_picked":["Ghostly Armor","Pommel Strike"],"picked":"Heavy Blade","floor":7},{"not_picked":["Cleave","Warcry"],"picked":"Clash","floor":11},{"not_picked":["Flex","Warcry"],"picked":"Carnage","floor":13},{"not_picked":["Havoc","Armaments"],"picked":"Clash","floor":14},{"not_picked":["Barricade","Impervious"],"picked":"Bludgeon","floor":16},{"not_picked":["True Grit","Rupture+1"],"picked":"Flame Barrier","floor":18},{"not_picked":["Searing Blow","Anger"],"picked":"Shrug It Off","floor":19},{"not_picked":["Cleave+1","True Grit"],"picked":"Uppercut","floor":20},{"not_picked":["Corruption","Iron Wave"],"picked":"Heavy Blade","floor":21},{"not_picked":["Pummel","Intimidate+1"],"picked":"Dropkick+1","floor":22},{"not_picked":["Body Slam","Evolve"],"picked":"Headbutt","floor":24},{"not_picked":["Flex","Clash"],"picked":"Rampage","floor":25}],"player_experience":189713,"relics_obtained":[{"floor":7,"key":"Nunchaku"},{"floor":9,"key":"InkBottle"},{"floor":13,"key":"Bag of Preparation"},{"floor":26,"key":"War Paint"}],"event_choices":[{"damage_healed":0,"gold_gain":0,"cards_transformed":["Strike_R"],"player_choice":"Change","damage_taken":0,"max_hp_gain":0,"max_hp_loss":0,"event_name":"Living Wall","floor":2,"gold_loss":0,"cards_obtained":["Limit Break"]},{"damage_healed":0,"gold_gain":0,"player_choice":"Donut","damage_taken":0,"max_hp_gain":5,"max_hp_loss":0,"event_name":"Big Fish","floor":3,"gold_loss":0},{"damage_healed":0,"gold_gain":75,"player_choice":"Gather Gold","damage_taken":11,"max_hp_gain":0,"max_hp_loss":0,"event_name":"World of Goop","floor":5,"gold_loss":0},{"damage_healed":0,"gold_gain":0,"player_choice":"Bought 1 Potion","damage_taken":0,"max_hp_gain":0,"max_hp_loss":0,"event_name":"The Woman in Blue","floor":12,"gold_loss":0}],"is_beta":false,"boss_relics":[{"not_picked":["Runic Pyramid","Calling Bell"],"picked":"Astrolabe"}],"items_purged_floors":[],"is_endless":false,"potions_floor_spawned":[11,13,19,21,22,25],"killed_by":"Snake Plant","ascension_level":3}