{"gold_per_floor":[112,128,128,151,171,171,207,10,90,55,79,112,185,208,208,337,337,360,212,228,246,266,266,302,302,302,302,346,360,285,36,36,160,160,176,194,250,266,282,282,318,318,318,278,297,60,100,119,119,119,119,119,29,72,72],"floor_reached":56,"playtime":4076,"items_purged":["Feed"],"score":1604,"play_id":"3152ed50-a0f4-45f3-9faa-209e0495a705","local_time":"20210507004338","is_ascension_mode":true,"campfire_choices":[{"data":"Flame Barrier","floor":6,"key":"SMITH"},{"data":"True Grit","floor":15,"key":"SMITH"},{"data":"Feed","floor":23,"key":"SMITH"},{"data":"Immolate","floor":25,"key":"SMITH"},{"data":"Reaper","floor":27,"key":"SMITH"},{"data":"Inflame","floor":32,"key":"SMITH"},{"data":"Fiend Fire","floor":40,"key":"SMITH"},{"data":"Fiend Fire","floor":42,"key":"SMITH"},{"floor":49,"key":"RECALL"},{"data":"The Bomb","floor":52,"key":"SMITH"}],"neow_cost":"NONE","seed_source_timestamp":1489857561878600,"circlet_count":0,"master_deck":["Bash","Inflame+1","Reaper+1","Feed+1","Pummel","Dark Embrace+1","Pummel","Heavy Blade","Heavy Blade","Flame Barrier","Flame Barrier+1","Pommel Strike","Headbutt","True Grit+1","Shrug It Off","Sword Boomerang+1","Inflame","Exhume","Anger+1","Immolate+1","Twin Strike+1","Battle Trance+1","Second Wind+1","Feel No Pain+1","Fiend Fire+1","Fiend Fire+1","Sever Soul","Clash+1","Parasite","Evolve+1","The Bomb+1","Inflame","Shrug It Off+1"],"relics":["Pandora\u0027s Box","Golden Idol","Unceasing Top","Pen Nib","Pear","Happy Flower","Akabeko","Snecko Eye","Orrery","Boot","Bag of Marbles","Ornamental Fan","Shuriken","Busted Crown","Pocketwatch","Lantern","Letter Opener","Red Skull"],"potions_floor_usage":[28,54,55,55,55,55,55],"damage_taken":[{"damage":0,"enemies":"Small Slimes","floor":1,"turns":2},{"damage":19,"enemies":"Jaw Worm","floor":2,"turns":4},{"damage":8,"enemies":"2 Louse","floor":4,"turns":3},{"damage":11,"enemies":"Gremlin Gang","floor":5,"turns":8},{"damage":24,"enemies":"3 Sentries","floor":7,"turns":9},{"damage":21,"enemies":"3 Louse","floor":11,"turns":4},{"damage":33,"enemies":"Lagavulin","floor":12,"turns":7},{"damage":9,"enemies":"3 Sentries","floor":13,"turns":8},{"damage":0,"enemies":"Exordium Thugs","floor":14,"turns":3},{"damage":34,"enemies":"The Guardian","floor":16,"turns":10},{"damage":0,"enemies":"2 Thieves","floor":18,"turns":2},{"damage":0,"enemies":"Spheric Guardian","floor":20,"turns":1},{"damage":10,"enemies":"Snecko","floor":21,"turns":3},{"damage":27,"enemies":"Snake Plant","floor":22,"turns":4},{"damage":25,"enemies":"Slavers","floor":24,"turns":4},{"damage":0,"enemies":"Gremlin Leader","floor":28,"turns":2},{"damage":0,"enemies":"Centurion and Healer","floor":29,"turns":5},{"damage":42,"enemies":"Automaton","floor":33,"turns":8},{"damage":6,"enemies":"3 Darklings","floor":35,"turns":2},{"damage":3,"enemies":"Orb Walker","floor":36,"turns":2},{"damage":0,"enemies":"2 Orb Walkers","floor":37,"turns":2},{"damage":34,"enemies":"Writhing Mass","floor":38,"turns":4},{"damage":0,"enemies":"3 Darklings","floor":39,"turns":3},{"damage":5,"enemies":"Reptomancer","floor":41,"turns":4},{"damage":16,"enemies":"Sphere and 2 Shapes","floor":45,"turns":4},{"damage":0,"enemies":"Giant Head","floor":47,"turns":4},{"damage":2,"enemies":"4 Shapes","floor":48,"turns":7},{"damage":89,"enemies":"Time Eater","floor":50,"turns":8},{"damage":60,"enemies":"Shield and Spear","floor":54,"turns":4},{"damage":112,"enemies":"The Heart","floor":55,"turns":6}],"seed_played":"-4495540459089793315","potions_obtained":[{"floor":4,"key":"Dexterity Potion"},{"floor":7,"key":"Swift Potion"},{"floor":11,"key":"Dexterity Potion"},{"floor":14,"key":"Energy Potion"},{"floor":33,"key":"BlessingOfTheForge"},{"floor":38,"key":"SmokeBomb"},{"floor":41,"key":"EntropicBrew"}],"is_trial":false,"path_per_floor":["M","M","?","M","M","R","E","$","T","?","M","E","?","M","R","B",null,"M","$","M","M","M","R","E","R","T","R","E","M","?","$","R","B",null,"M","M","?","M","M","R","E","R","T","?","M","$","E","M","R","B",null,"R","$","E","B",null],"character_chosen":"IRONCLAD","items_purchased":["Headbutt","Pen Nib","Orrery","Shuriken","The Bomb","Inflame","BloodPotion"],"campfire_rested":0,"item_purchase_floors":[8,8,19,31,46,53,53],"current_hp_per_floor":[75,60,40,47,45,45,30,30,40,65,59,29,35,38,38,15,92,95,95,95,97,73,73,60,60,60,60,60,63,63,63,63,21,103,97,105,105,82,94,94,89,89,89,89,111,111,136,142,142,65,129,129,129,99,3],"gold":72,"neow_bonus":"BOSS_RELIC","is_prod":false,"is_daily":false,"chose_seed":false,"campfire_upgraded":9,"win_rate":0,"timestamp":1620362618,"path_taken":["M","M","?","M","M","R","E","$","T","?","M","E","?","M","R","BOSS","M","$","M","M","M","R","E","R","T","R","E","M","?","$","R","BOSS","M","M","?","M","M","R","E","R","T","?","M","$","E","M","R","BOSS","R","$","E","BOSS"],"build_version":"2020-12-22","purchased_purges":1,"victory":true,"max_hp_per_floor":[83,83,83,86,89,89,92,92,102,102,105,108,111,114,114,117,117,120,120,120,120,123,123,127,127,127,127,127,130,130,130,130,130,130,130,134,134,138,138,138,138,138,138,138,138,138,142,150,150,150,150,150,150,150,150],"card_choices":[{"not_picked":["Perfected Strike","Entrench"],"picked":"Flame Barrier","floor":1},{"not_picked":["Fire Breathing","Pummel","Dropkick"],"picked":"SKIP","floor":2},{"not_picked":["Dual Wield","Iron Wave"],"picked":"Flame Barrier","floor":4},{"not_picked":["Power Through","Clothesline","Flex"],"picked":"SKIP","floor":5},{"not_picked":["Body Slam","Impervious"],"picked":"Pommel Strike","floor":7},{"not_picked":["Rage","Disarm"],"picked":"True Grit","floor":11},{"not_picked":["Rampage","Flex"],"picked":"Shrug It Off","floor":12},{"not_picked":["Body Slam","Armaments"],"picked":"Sword Boomerang","floor":13},{"not_picked":["Shrug It Off","Cleave"],"picked":"Inflame","floor":14},{"not_picked":["Bludgeon","Offering"],"picked":"Exhume","floor":16},{"not_picked":["Wild Strike","Clash"],"picked":"Anger+1","floor":18},{"not_picked":["True Grit","Cleave"],"picked":"Immolate","floor":19},{"not_picked":["Iron Wave+1","Clothesline"],"picked":"Twin Strike+1","floor":19},{"not_picked":["Wild Strike","Iron Wave"],"picked":"Battle Trance+1","floor":19},{"not_picked":["Wild Strike+1","Body Slam","Rupture+1"],"picked":"SKIP","floor":20},{"not_picked":["Heavy Blade","Power Through"],"picked":"Second Wind+1","floor":21},{"not_picked":["Twin Strike+1","Clothesline"],"picked":"Feel No Pain+1","floor":22},{"not_picked":["Dual Wield","Pummel"],"picked":"Fiend Fire","floor":24},{"not_picked":["Entrench","Searing Blow"],"picked":"Feed","floor":28},{"not_picked":["Flex","True Grit","Rage"],"picked":"SKIP","floor":29},{"not_picked":["Feed","Exhume"],"picked":"Fiend Fire","floor":33},{"not_picked":[],"picked":"Sever Soul","floor":35},{"not_picked":["Armaments+1"],"picked":"SKIP","floor":36},{"not_picked":[],"picked":"Clash+1","floor":37},{"not_picked":["Anger"],"picked":"SKIP","floor":38},{"not_picked":["Armaments"],"picked":"SKIP","floor":39},{"not_picked":[],"picked":"Evolve+1","floor":41},{"not_picked":["Clothesline"],"picked":"SKIP","floor":45},{"not_picked":["Brutality"],"picked":"SKIP","floor":47},{"not_picked":["Warcry"],"picked":"SKIP","floor":48},{"not_picked":[],"picked":"Shrug It Off+1","floor":54}],"player_experience":297420,"relics_obtained":[{"floor":7,"key":"Unceasing Top"},{"floor":9,"key":"Pear"},{"floor":12,"key":"Happy Flower"},{"floor":13,"key":"Akabeko"},{"floor":24,"key":"Boot"},{"floor":26,"key":"Bag of Marbles"},{"floor":28,"key":"Ornamental Fan"},{"floor":37,"key":"Pocketwatch"},{"floor":41,"key":"Lantern"},{"floor":47,"key":"Letter Opener"},{"floor":54,"key":"Red Skull"}],"event_choices":[{"damage_healed":0,"gold_gain":0,"player_choice":"Take Damage","damage_taken":20,"relics_obtained":["Golden Idol"],"max_hp_gain":0,"max_hp_loss":0,"event_name":"Golden Idol","floor":3,"gold_loss":0},{"damage_healed":25,"gold_gain":0,"player_choice":"Healed","damage_taken":0,"max_hp_gain":0,"max_hp_loss":0,"event_name":"The Cleric","floor":10,"gold_loss":35},{"damage_healed":0,"gold_gain":0,"player_choice":"Searched \u00272\u0027 times","damage_taken":0,"max_hp_gain":0,"max_hp_loss":0,"event_name":"Dead Adventurer","floor":13,"gold_loss":0},{"cards_removed":["Rupture"],"damage_healed":0,"gold_gain":0,"player_choice":"Gave Gold","damage_taken":0,"max_hp_gain":0,"max_hp_loss":0,"event_name":"Beggar","floor":30,"gold_loss":75},{"damage_healed":0,"gold_gain":0,"player_choice":"Fight","damage_taken":0,"max_hp_gain":0,"max_hp_loss":0,"event_name":"Mysterious Sphere","floor":37,"gold_loss":0},{"damage_healed":0,"gold_gain":0,"player_choice":"Upgraded Two","damage_taken":0,"max_hp_gain":0,"max_hp_loss":0,"event_name":"Designer","floor":44,"gold_loss":40,"cards_upgraded":["Sword Boomerang","Dark Embrace"]}],"is_beta":false,"boss_relics":[{"not_picked":["Cursed Key","Sozu"],"picked":"Snecko Eye"},{"not_picked":["Calling Bell","Astrolabe"],"picked":"Busted Crown"}],"items_purged_floors":[46],"is_endless":false,"potions_floor_spawned":[4,7,11,14,20,33,36,38,41,45],"ascension_level":6}