{"gold_per_floor":[114,114,129,142,157,157,201,217,244,269,269,20,40,60,60,185,185,205,229,229,253,268,268,307,5,5,30,51,65,65,65,65,196,196,217,61,84,84,107,138,138,162,187,201,201,220,256,272,272,272],"floor_reached":51,"playtime":2682,"items_purged":["Strike_R"],"score":835,"play_id":"d6ed1352-464a-44fc-a30c-cbbc6947d791","local_time":"20210512213715","is_ascension_mode":true,"campfire_choices":[{"data":"Pommel Strike","floor":6,"key":"SMITH"},{"data":"Twin Strike","floor":15,"key":"SMITH"},{"data":"Demon Form","floor":23,"key":"SMITH"},{"data":"Burning Pact","floor":30,"key":"SMITH"},{"data":"Pummel","floor":32,"key":"SMITH"},{"data":"Battle Trance","floor":49,"key":"SMITH"}],"neow_cost":"NONE","seed_source_timestamp":1998481635181500,"circlet_count":0,"master_deck":["Strike_R","Strike_R+1","Defend_R+1","Defend_R","Defend_R+1","Bash","Pommel Strike+1","Cleave","Iron Wave","Thunderclap","Ghostly Armor","Hemokinesis","Twin Strike+1","Demon Form+1","Heavy Blade+1","Shockwave","Pummel+1","Burning Pact+1","Entrench","Entrench","Double Tap","CurseOfTheBell","Heavy Blade+1","Bludgeon","Spot Weakness+1","Demon Form+1","Uppercut","Shrug It Off+1","Uppercut+1","True Grit+1","Battle Trance+1"],"relics":["Burning Blood","Red Skull","Golden Idol","War Paint","Vajra","Paper Frog","Snecko Eye","Whetstone","Orichalcum","Calling Bell","Centennial Puzzle","Self Forming Clay","Ginger","Strawberry","Blood Vial","Gremlin Horn"],"potions_floor_usage":[7,16,18,33,48,50],"damage_taken":[{"damage":10,"enemies":"Small Slimes","floor":1,"turns":3},{"damage":1,"enemies":"2 Louse","floor":3,"turns":3},{"damage":28,"enemies":"Jaw Worm","floor":4,"turns":4},{"damage":9,"enemies":"Red Slaver","floor":5,"turns":3},{"damage":21,"enemies":"Lagavulin","floor":7,"turns":6},{"damage":5,"enemies":"Gremlin Gang","floor":8,"turns":4},{"damage":0,"enemies":"2 Fungi Beasts","floor":10,"turns":1},{"damage":0,"enemies":"Blue Slaver","floor":13,"turns":3},{"damage":5,"enemies":"Gremlin Gang","floor":14,"turns":2},{"damage":12,"enemies":"Slime Boss","floor":16,"turns":5},{"damage":6,"enemies":"Spheric Guardian","floor":18,"turns":3},{"damage":8,"enemies":"2 Thieves","floor":19,"turns":3},{"damage":5,"enemies":"3 Cultists","floor":21,"turns":4},{"damage":20,"enemies":"Centurion and Healer","floor":22,"turns":6},{"damage":37,"enemies":"Slavers","floor":24,"turns":4},{"damage":2,"enemies":"Snecko","floor":27,"turns":3},{"damage":0,"enemies":"Chosen and Byrds","floor":28,"turns":4},{"damage":20,"enemies":"Centurion and Healer","floor":29,"turns":5},{"damage":10,"enemies":"Champ","floor":33,"turns":5},{"damage":10,"enemies":"3 Shapes","floor":35,"turns":6},{"damage":1,"enemies":"Orb Walker","floor":37,"turns":2},{"damage":7,"enemies":"3 Darklings","floor":39,"turns":3},{"damage":30,"enemies":"Nemesis","floor":40,"turns":5},{"damage":0,"enemies":"Jaw Worm Horde","floor":42,"turns":3},{"damage":2,"enemies":"Maw","floor":44,"turns":4},{"damage":2,"enemies":"3 Darklings","floor":46,"turns":5},{"damage":16,"enemies":"Giant Head","floor":47,"turns":4},{"damage":0,"enemies":"Jaw Worm Horde","floor":48,"turns":2},{"damage":54,"enemies":"Donu and Deca","floor":50,"turns":8}],"seed_played":"-6822846467581339584","potions_obtained":[{"floor":3,"key":"Weak Potion"},{"floor":4,"key":"Weak Potion"},{"floor":7,"key":"Explosive Potion"},{"floor":13,"key":"Swift Potion"},{"floor":16,"key":"PowerPotion"},{"floor":24,"key":"Dexterity Potion"},{"floor":29,"key":"GamblersBrew"},{"floor":33,"key":"SpeedPotion"},{"floor":35,"key":"Regen Potion"},{"floor":37,"key":"SneckoOil"},{"floor":48,"key":"Energy Potion"}],"is_trial":false,"path_per_floor":["M","?","M","M","M","R","E","M","T","M","?","$","M","M","R","B",null,"M","M","?","M","M","R","E","$","T","M","M","M","R","?","R","B",null,"M","$","M","?","M","E","?","M","T","M","?","M","E","M","R","B",null],"character_chosen":"IRONCLAD","items_purchased":["Paper Frog","Orichalcum","Pummel","Bludgeon"],"campfire_rested":0,"item_purchase_floors":[12,25,25,36],"current_hp_per_floor":[76,56,61,39,36,36,21,22,22,28,33,33,39,40,40,34,85,85,83,83,84,70,70,39,39,39,43,49,35,35,35,35,31,85,81,81,85,85,84,67,67,73,73,79,79,85,77,85,85,54],"gold":272,"neow_bonus":"RANDOM_COMMON_RELIC","is_prod":false,"is_daily":false,"chose_seed":false,"campfire_upgraded":6,"win_rate":0,"timestamp":1620869835,"path_taken":["M","?","M","M","M","R","E","M","T","M","?","$","M","M","R","BOSS","M","M","?","?","M","R","E","$","T","M","M","?","R","?","R","BOSS","M","$","M","?","?","E","?","M","T","M","?","M","E","M","R","BOSS"],"build_version":"2020-12-22","purchased_purges":1,"victory":true,"max_hp_per_floor":[80,80,80,80,80,80,80,80,80,80,85,85,85,85,85,85,85,85,85,85,85,85,85,85,85,85,85,85,85,85,85,85,85,85,85,85,85,85,85,92,92,92,92,92,92,92,92,92,92,92],"card_choices":[{"not_picked":["True Grit","Havoc"],"picked":"Pommel Strike","floor":1},{"not_picked":["Dark Embrace","Armaments","Rupture"],"picked":"SKIP","floor":3},{"not_picked":["Combust","Bloodletting"],"picked":"Cleave","floor":4},{"not_picked":["Infernal Blade","Dropkick"],"picked":"Iron Wave","floor":5},{"not_picked":["Flex","Offering"],"picked":"Thunderclap","floor":7},{"not_picked":["Sword Boomerang","Thunderclap"],"picked":"Ghostly Armor","floor":8},{"not_picked":["Power Through","Anger","Heavy Blade"],"picked":"SKIP","floor":10},{"not_picked":["Infernal Blade","Body Slam"],"picked":"Hemokinesis","floor":13},{"not_picked":["Headbutt","Anger"],"picked":"Twin Strike","floor":14},{"not_picked":["Limit Break","Immolate"],"picked":"Demon Form","floor":16},{"not_picked":["Inflame","Iron Wave"],"picked":"Heavy Blade","floor":18},{"not_picked":["Pommel Strike","Anger","Metallicize"],"picked":"SKIP","floor":19},{"not_picked":["Pommel Strike","Anger","Metallicize"],"picked":"SKIP","floor":19},{"not_picked":["Thunderclap","Sentinel","Armaments"],"picked":"SKIP","floor":21},{"not_picked":["Body Slam","Clash"],"picked":"Shockwave","floor":22},{"not_picked":["Sentinel","Fire Breathing"],"picked":"Rupture+1","floor":24},{"not_picked":["Intimidate","Spot Weakness","Berserk"],"picked":"SKIP","floor":27},{"not_picked":["Infernal Blade","Rage","Clothesline"],"picked":"SKIP","floor":28},{"not_picked":["Cleave","Shrug It Off"],"picked":"Burning Pact","floor":29},{"not_picked":["Impervious","Juggernaut"],"picked":"Double Tap","floor":33},{"not_picked":["Perfected Strike+1","Corruption"],"picked":"Heavy Blade+1","floor":35},{"not_picked":["Havoc","Clothesline+1"],"picked":"Spot Weakness+1","floor":37},{"not_picked":["Shockwave+1","Twin Strike"],"picked":"Uppercut","floor":39},{"not_picked":["Anger","Entrench+1"],"picked":"Shrug It Off+1","floor":40},{"not_picked":["Shrug It Off","Iron Wave"],"picked":"Uppercut+1","floor":42},{"not_picked":["Havoc+1","Second Wind+1","Dark Embrace+1"],"picked":"SKIP","floor":44},{"not_picked":["Rampage","Second Wind","Carnage+1"],"picked":"SKIP","floor":46},{"not_picked":["Iron Wave","Hemokinesis"],"picked":"True Grit+1","floor":47},{"not_picked":["Sword Boomerang","Anger+1"],"picked":"Battle Trance","floor":48}],"player_experience":339768,"relics_obtained":[{"floor":7,"key":"War Paint"},{"floor":9,"key":"Vajra"},{"floor":24,"key":"Whetstone"},{"floor":34,"key":"Centennial Puzzle"},{"floor":34,"key":"Self Forming Clay"},{"floor":34,"key":"Ginger"},{"floor":40,"key":"Strawberry"},{"floor":43,"key":"Blood Vial"},{"floor":47,"key":"Gremlin Horn"}],"event_choices":[{"damage_healed":0,"gold_gain":0,"player_choice":"Take Damage","damage_taken":20,"relics_obtained":["Golden Idol"],"max_hp_gain":0,"max_hp_loss":0,"event_name":"Golden Idol","floor":2,"gold_loss":0},{"damage_healed":0,"gold_gain":0,"player_choice":"Donut","damage_taken":0,"max_hp_gain":5,"max_hp_loss":0,"event_name":"Big Fish","floor":11,"gold_loss":0},{"cards_removed":["Strike_R"],"damage_healed":0,"gold_gain":0,"player_choice":"Offered Basic","damage_taken":0,"max_hp_gain":0,"max_hp_loss":0,"event_name":"Bonfire Elementals","floor":20,"gold_loss":0},{"damage_healed":0,"gold_gain":0,"cards_transformed":["Strike_R","Defend_R"],"player_choice":"Became Test Subject","damage_taken":0,"max_hp_gain":0,"max_hp_loss":0,"event_name":"Drug Dealer","floor":31,"gold_loss":0,"cards_obtained":["Entrench","Entrench"]},{"damage_healed":0,"gold_gain":0,"player_choice":"Copied","damage_taken":0,"max_hp_gain":0,"max_hp_loss":0,"event_name":"Duplicator","floor":38,"gold_loss":0,"cards_obtained":["Demon Form"]},{"damage_healed":0,"gold_gain":0,"player_choice":"Ignored","damage_taken":0,"max_hp_gain":0,"max_hp_loss":0,"event_name":"Tomb of Lord Red Mask","floor":41,"gold_loss":0},{"cards_removed":["Rupture"],"damage_healed":0,"gold_gain":0,"player_choice":"Removed Power","damage_taken":0,"max_hp_gain":0,"max_hp_loss":0,"event_name":"Falling","floor":45,"gold_loss":0}],"is_beta":false,"boss_relics":[{"not_picked":["SlaversCollar","Cursed Key"],"picked":"Snecko Eye"},{"not_picked":["Pandora\u0027s Box","Runic Dome"],"picked":"Calling Bell"}],"items_purged_floors":[25],"is_endless":false,"potions_floor_spawned":[3,4,7,13,14,16,24,27,29,33,35,37,39,44,48],"ascension_level":2}