{"gold_per_floor":[118,137,137,149,89,124,134,134,157,182,197,211,228,228,228,324,324,342,342,222,238,255,255,290,302,302,302,334,352,352,381,381,478,478,493,509,527,546,129,164,164,164],"floor_reached":42,"playtime":2180,"items_purged":["Strike_R","Defend_R"],"score":606,"play_id":"b18999c5-a943-4506-ad53-028038efb115","local_time":"20210512221351","is_ascension_mode":true,"campfire_choices":[{"data":"Dramatic Entrance","floor":8,"key":"SMITH"},{"data":"Fire Breathing","floor":15,"key":"SMITH"},{"data":"Flame Barrier","floor":23,"key":"SMITH"},{"floor":27,"key":"REST"},{"data":"Inflame","floor":30,"key":"SMITH"},{"data":"Shrug It Off","floor":32,"key":"SMITH"}],"neow_cost":"NONE","seed_source_timestamp":2001186331726700,"circlet_count":0,"master_deck":["Strike_R","Strike_R","Strike_R","Defend_R","Defend_R","Defend_R","Bash","Dramatic Entrance+1","Flame Barrier+1","Wild Strike+1","Wild Strike","Twin Strike","Whirlwind+1","Thunderclap+1","Fire Breathing+1","Pommel Strike+1","Exhume","Double Tap","RitualDagger+1","Shrug It Off+1","Inflame+1","Headbutt+1","Ghostly Armor","Inflame+1","Reaper+1","Fiend Fire+1","True Grit+1","Clothesline+1","Dark Embrace","Reckless Charge+1"],"relics":["Black Blood","Akabeko","Orichalcum","Molten Egg 2","Sozu","Ancient Tea Set","Darkstone Periapt","Whetstone","Nunchaku","Kunai","Toy Ornithopter"],"potions_floor_usage":[33],"damage_taken":[{"damage":4,"enemies":"Jaw Worm","floor":1,"turns":3},{"damage":0,"enemies":"2 Louse","floor":2,"turns":1},{"damage":6,"enemies":"Cultist","floor":4,"turns":3},{"damage":10,"enemies":"Gremlin Nob","floor":6,"turns":3},{"damage":0,"enemies":"Lots of Slimes","floor":7,"turns":1},{"damage":23,"enemies":"Lagavulin","floor":10,"turns":7},{"damage":0,"enemies":"Large Slime","floor":11,"turns":4},{"damage":1,"enemies":"Exordium Thugs","floor":12,"turns":3},{"damage":3,"enemies":"Blue Slaver","floor":13,"turns":2},{"damage":41,"enemies":"Hexaghost","floor":16,"turns":8},{"damage":0,"enemies":"Chosen","floor":18,"turns":3},{"damage":0,"enemies":"Spheric Guardian","floor":21,"turns":2},{"damage":7,"enemies":"Chosen and Byrds","floor":22,"turns":4},{"damage":43,"enemies":"Book of Stabbing","floor":24,"turns":5},{"damage":27,"enemies":"Snake Plant","floor":25,"turns":4},{"damage":9,"enemies":"Slavers","floor":28,"turns":3},{"damage":0,"enemies":"Cultist and Chosen","floor":29,"turns":4},{"damage":13,"enemies":"Gremlin Leader","floor":31,"turns":5},{"damage":43,"enemies":"Automaton","floor":33,"turns":8},{"damage":10,"enemies":"Orb Walker","floor":35,"turns":2},{"damage":8,"enemies":"3 Shapes","floor":36,"turns":6},{"damage":31,"enemies":"Maw","floor":37,"turns":7},{"damage":28,"enemies":"4 Shapes","floor":38,"turns":6},{"damage":16,"enemies":"Reptomancer","floor":40,"turns":5},{"damage":69,"enemies":"Giant Head","floor":42,"turns":6}],"seed_played":"4814279996468631797","potions_obtained":[{"floor":1,"key":"Weak Potion"},{"floor":6,"key":"FearPotion"},{"floor":7,"key":"SpeedPotion"},{"floor":11,"key":"Fire Potion"}],"is_trial":false,"path_per_floor":["M","M","?","M","?","E","M","R","T","E","M","M","M","?","R","B",null,"M","?","$","M","M","R","E","M","T","R","E","M","R","E","R","B",null,"M","M","M","M","$","E","?","E"],"character_chosen":"IRONCLAD","items_purchased":["Shrug It Off","Reckless Charge+1","Kunai"],"campfire_rested":1,"item_purchase_floors":[20,39,39],"current_hp_per_floor":[80,80,85,85,85,81,85,85,85,68,74,79,82,82,82,47,85,85,79,79,85,84,84,47,26,26,51,48,54,54,47,47,10,85,85,85,66,60,60,56,56,0],"gold":164,"neow_bonus":"RANDOM_COLORLESS","is_prod":false,"is_daily":false,"chose_seed":false,"campfire_upgraded":5,"win_rate":0,"timestamp":1620872031,"path_taken":["M","M","?","M","?","E","M","R","T","E","M","?","?","?","R","BOSS","M","?","$","M","M","R","E","M","T","R","E","M","R","E","R","BOSS","M","M","M","M","$","E","?","E"],"build_version":"2020-12-22","purchased_purges":2,"victory":false,"max_hp_per_floor":[80,80,85,85,85,85,85,85,85,85,85,85,85,85,85,85,85,85,85,85,85,85,85,85,85,85,85,85,85,85,85,85,85,85,85,85,85,85,85,85,85,85],"card_choices":[{"not_picked":["Impatience","Deep Breath"],"picked":"Dramatic Entrance","floor":0},{"not_picked":["Havoc","Flex"],"picked":"Flame Barrier","floor":1},{"not_picked":["Entrench","True Grit"],"picked":"Wild Strike","floor":2},{"not_picked":["Pommel Strike","Reckless Charge"],"picked":"Wild Strike","floor":4},{"not_picked":["Rupture","Havoc"],"picked":"Twin Strike","floor":6},{"not_picked":["Seeing Red","True Grit"],"picked":"Whirlwind","floor":7},{"not_picked":["Whirlwind+1","Warcry"],"picked":"Thunderclap+1","floor":10},{"not_picked":["Clash+1","Offering"],"picked":"Fire Breathing","floor":11},{"not_picked":["Twin Strike+1","Thunderclap+1"],"picked":"Pommel Strike+1","floor":12},{"not_picked":["Seeing Red","Heavy Blade+1","Body Slam+1"],"picked":"SKIP","floor":13},{"not_picked":["Berserk","Offering"],"picked":"Double Tap","floor":16},{"not_picked":["Cleave+1","Thunderclap+1","Iron Wave+1"],"picked":"SKIP","floor":18},{"not_picked":["Infernal Blade+1","Perfected Strike+1"],"picked":"Inflame+1","floor":21},{"not_picked":["Perfected Strike+1","Power Through","Clash+1"],"picked":"SKIP","floor":22},{"not_picked":["Rampage+1","Fire Breathing","Hemokinesis+1"],"picked":"SKIP","floor":24},{"not_picked":["Heavy Blade+1","Twin Strike+1"],"picked":"Headbutt+1","floor":25},{"not_picked":["Blood for Blood+1","Infernal Blade+1"],"picked":"Ghostly Armor","floor":28},{"not_picked":["Ghostly Armor+1","Body Slam+1"],"picked":"Inflame","floor":29},{"not_picked":["Barricade","Bloodletting"],"picked":"Reaper+1","floor":31},{"not_picked":["Barricade","Offering"],"picked":"Fiend Fire+1","floor":33},{"not_picked":["Perfected Strike+1","Iron Wave+1"],"picked":"True Grit+1","floor":35},{"not_picked":["Hemokinesis+1","Iron Wave+1"],"picked":"Clothesline+1","floor":36},{"not_picked":["Body Slam+1","Clothesline+1","Entrench"],"picked":"SKIP","floor":37},{"not_picked":["Clash+1","Anger+1"],"picked":"Dark Embrace","floor":38},{"not_picked":["Flex+1","Dropkick+1","Immolate+1"],"picked":"SKIP","floor":40}],"player_experience":342450,"relics_obtained":[{"floor":6,"key":"Orichalcum"},{"floor":10,"key":"Molten Egg 2"},{"floor":24,"key":"Ancient Tea Set"},{"floor":26,"key":"Darkstone Periapt"},{"floor":28,"key":"Whetstone"},{"floor":31,"key":"Nunchaku"},{"floor":40,"key":"Toy Ornithopter"}],"event_choices":[{"damage_healed":0,"gold_gain":0,"player_choice":"Donut","damage_taken":0,"max_hp_gain":5,"max_hp_loss":0,"event_name":"Big Fish","floor":3,"gold_loss":0},{"damage_healed":0,"gold_gain":0,"player_choice":"Paid Gold","damage_taken":0,"relics_obtained":["Akabeko"],"max_hp_gain":0,"max_hp_loss":0,"event_name":"WeMeetAgain","floor":5,"gold_loss":60},{"damage_healed":0,"gold_gain":0,"cards_transformed":["Strike_R"],"player_choice":"Transformed","damage_taken":0,"max_hp_gain":0,"max_hp_loss":0,"event_name":"Transmorgrifier","floor":14,"gold_loss":0,"cards_obtained":["Exhume"]},{"damage_healed":0,"gold_gain":0,"player_choice":"Joined the Cult","damage_taken":6,"max_hp_gain":0,"max_hp_loss":0,"event_name":"Nest","floor":19,"gold_loss":0,"cards_obtained":["RitualDagger"]},{"damage_healed":0,"gold_gain":0,"player_choice":"Ignored","damage_taken":0,"max_hp_gain":0,"max_hp_loss":0,"event_name":"NoteForYourself","floor":41,"gold_loss":0}],"is_beta":false,"boss_relics":[{"not_picked":["Runic Cube","Runic Pyramid"],"picked":"Sozu"},{"not_picked":["Calling Bell","Runic Dome"],"picked":"Black Blood"}],"items_purged_floors":[20,39],"is_endless":false,"potions_floor_spawned":[1,6,7,11,12,22,25,33,36,40],"killed_by":"Giant Head","ascension_level":3}