{"gold_per_floor":[15,27,38,51,61,61,94,113,139,154,154,154,188,232,244,256],"floor_reached":16,"playtime":1050,"items_purged":[],"score":131,"play_id":"6154b269-b0ad-4949-93ee-a87ce95bb645","local_time":"20210513222730","is_ascension_mode":true,"campfire_choices":[{"data":"Wild Strike","floor":6,"key":"SMITH"},{"floor":12,"key":"REST"},{"floor":15,"key":"REST"}],"neow_cost":"NO_GOLD","seed_source_timestamp":0,"circlet_count":0,"master_deck":["Strike_R","Strike_R","Strike_R","Strike_R","Strike_R","Defend_R","Defend_R","Defend_R","Defend_R","Bash","Wild Strike+1","Shockwave","Headbutt","Pummel+1","Twin Strike","Dropkick+1","Uppercut"],"special_seed":0,"relics":["Burning Blood","Turnip","Pen Nib","Whetstone","Golden Idol","Odd Mushroom","MawBank"],"potions_floor_usage":[14,16,16],"damage_taken":[{"damage":1.0,"enemies":"Cultist","floor":1.0,"turns":3.0},{"damage":8.0,"enemies":"Small Slimes","floor":2.0,"turns":4.0},{"damage":2.0,"enemies":"Jaw Worm","floor":3.0,"turns":3.0},{"damage":28.0,"enemies":"Large Slime","floor":4.0,"turns":7.0},{"damage":16.0,"enemies":"Exordium Thugs","floor":5.0,"turns":4.0},{"damage":20,"enemies":"3 Sentries","floor":7,"turns":6},{"damage":9,"enemies":"Looter","floor":8,"turns":3},{"damage":5,"enemies":"2 Fungi Beasts","floor":10,"turns":3},{"damage":4,"enemies":"The Mushroom Lair","floor":13,"turns":3},{"damage":25,"enemies":"Lagavulin","floor":14,"turns":5},{"damage":45,"enemies":"The Guardian","floor":16,"turns":13}],"seed_played":"-5580619652299860934","potions_obtained":[{"floor":3.0,"key":"SkillPotion"},{"floor":4.0,"key":"Weak Potion"},{"floor":5.0,"key":"Energy Potion"},{"floor":10,"key":"Weak Potion"},{"floor":14,"key":"SneckoOil"}],"is_trial":false,"path_per_floor":["M","M","M","M","M","R","E","M","T","M","?","R","?","E","R","B"],"character_chosen":"IRONCLAD","items_purchased":[],"campfire_rested":2,"item_purchase_floors":[],"current_hp_per_floor":[80,78,80,58,48,48,34,31,31,32,12,36,38,19,43,0],"gold":256,"neow_bonus":"ONE_RARE_RELIC","is_prod":false,"is_daily":false,"chose_seed":false,"campfire_upgraded":1,"win_rate":0,"timestamp":1620959250,"path_taken":["M","M","M","?","M","R","E","M","T","M","?","R","?","E","R","BOSS"],"build_version":"2020-12-22","purchased_purges":0,"victory":false,"max_hp_per_floor":[80,80,80,80,80,80,80,80,80,80,80,80,80,80,80,80],"card_choices":[{"not_picked":["Iron Wave","Clash"],"picked":"Wild Strike","floor":1.0},{"not_picked":["Dark Embrace","Havoc"],"picked":"Shockwave","floor":2.0},{"not_picked":["Iron Wave","Shrug It Off"],"picked":"Headbutt","floor":3.0},{"not_picked":["Sword Boomerang","Headbutt"],"picked":"Pummel","floor":4.0},{"not_picked":["Rupture","Clash"],"picked":"Twin Strike","floor":5.0},{"not_picked":["Sentinel","True Grit","Wild Strike"],"picked":"SKIP","floor":7},{"not_picked":["Disarm","Body Slam"],"picked":"Dropkick","floor":8},{"not_picked":["Warcry","Body Slam","Reckless Charge"],"picked":"SKIP","floor":10},{"not_picked":["Shockwave","Sentinel"],"picked":"Uppercut","floor":14}],"player_experience":347747,"relics_obtained":[{"floor":7,"key":"Pen Nib"},{"floor":9,"key":"Whetstone"},{"floor":13,"key":"Odd Mushroom"},{"floor":14,"key":"MawBank"}],"event_choices":[{"damage_healed":0,"gold_gain":0,"player_choice":"Take Damage","damage_taken":20,"relics_obtained":["Golden Idol"],"max_hp_gain":0,"max_hp_loss":0,"event_name":"Golden Idol","floor":11,"gold_loss":0},{"damage_healed":0,"gold_gain":0,"player_choice":"Fought Mushrooms","damage_taken":0,"max_hp_gain":0,"max_hp_loss":0,"event_name":"Mushrooms","floor":13,"gold_loss":0}],"is_beta":false,"boss_relics":[],"items_purged_floors":[],"is_endless":false,"potions_floor_spawned":[3,4,5,10,14],"killed_by":"The Guardian","ascension_level":3}