{"gold_per_floor":[111,131,149,149,159,159,194,194,221,234,252,265,265,298,298,402,402,413,423,443,443,391,391,425,425,448,482,105,134,134,145,145,241,241,256,256,256,256,268,287,287,287,587,587,135,135,135,149,149,149],"floor_reached":50,"playtime":2659,"items_purged":["Defend_R","Bite"],"score":675,"play_id":"7f259c90-6a37-4b81-a9d2-c0b47dad0aa2","local_time":"20210513231200","is_ascension_mode":true,"campfire_choices":[{"data":"Wild Strike","floor":6,"key":"SMITH"},{"data":"Hemokinesis","floor":8,"key":"SMITH"},{"floor":15,"key":"REST"},{"data":"Immolate","floor":23,"key":"SMITH"},{"floor":25,"key":"REST"},{"data":"Inflame","floor":30,"key":"SMITH"},{"data":"Inflame","floor":32,"key":"SMITH"},{"floor":42,"key":"REST"},{"floor":46,"key":"RECALL"},{"data":"Flame Barrier","floor":49,"key":"SMITH"}],"neow_cost":"NONE","seed_source_timestamp":66503532022700,"circlet_count":0,"master_deck":["Defend_R","Defend_R","Bash","Shrug It Off+1","Ghostly Armor","Sword Boomerang","Wild Strike+1","Hemokinesis+1","Inflame+1","Clothesline","Immolate+1","Pummel","Rupture","True Grit+1","Bite","Bite","Bite","Bite","Clothesline+1","Juggernaut","Shrug It Off","Inflame+1","Reaper","Dark Shackles","Spot Weakness+1","Intimidate+1","Sever Soul","Flame Barrier+1"],"relics":["Runic Cube","Vajra","PreservedInsect","MealTicket","Snecko Eye","Ancient Tea Set","Bronze Scales","Bag of Preparation","HornCleat","White Beast Statue","Black Star","Old Coin","Nunchaku"],"potions_floor_usage":[11,14,16,33,37,39,40,41],"damage_taken":[{"damage":4,"enemies":"2 Louse","floor":1,"turns":3},{"damage":2,"enemies":"Cultist","floor":2,"turns":4},{"damage":9,"enemies":"Small Slimes","floor":3,"turns":4},{"damage":6,"enemies":"2 Fungi Beasts","floor":5,"turns":4},{"damage":29,"enemies":"3 Sentries","floor":7,"turns":11},{"damage":5,"enemies":"3 Louse","floor":10,"turns":3},{"damage":11,"enemies":"Exordium Thugs","floor":11,"turns":3},{"damage":5,"enemies":"Blue Slaver","floor":12,"turns":2},{"damage":2,"enemies":"Gremlin Nob","floor":14,"turns":2},{"damage":45,"enemies":"The Guardian","floor":16,"turns":10},{"damage":2,"enemies":"Chosen","floor":18,"turns":3},{"damage":30,"enemies":"Spheric Guardian","floor":19,"turns":4},{"damage":17,"enemies":"Cultist and Chosen","floor":20,"turns":5},{"damage":12,"enemies":"Slavers","floor":24,"turns":4},{"damage":16,"enemies":"Book of Stabbing","floor":27,"turns":3},{"damage":6,"enemies":"Gremlin Leader","floor":29,"turns":3},{"damage":7,"enemies":"Centurion and Healer","floor":31,"turns":4},{"damage":52,"enemies":"Champ","floor":33,"turns":10},{"damage":0,"enemies":"3 Shapes","floor":35,"turns":1},{"damage":3,"enemies":"2 Orb Walkers","floor":37,"turns":2},{"damage":2,"enemies":"3 Darklings","floor":39,"turns":4},{"damage":61,"enemies":"Transient","floor":40,"turns":5},{"damage":0,"enemies":"Nemesis","floor":41,"turns":1},{"damage":9,"enemies":"Sphere and 2 Shapes","floor":48,"turns":4},{"damage":63,"enemies":"Donu and Deca","floor":50,"turns":5}],"seed_played":"1394928834817431236","potions_obtained":[{"floor":2,"key":"BloodPotion"},{"floor":5,"key":"BloodPotion"},{"floor":7,"key":"Block Potion"},{"floor":12,"key":"Strength Potion"},{"floor":20,"key":"SmokeBomb"},{"floor":29,"key":"AttackPotion"},{"floor":33,"key":"EntropicBrew"},{"floor":39,"key":"SmokeBomb"},{"floor":48,"key":"SpeedPotion"}],"is_trial":false,"path_per_floor":["M","M","M","?","M","R","E","R","T","M","M","M","?","E","R","B",null,"M","M","M","?","?","R","E","R","T","E","$","E","R","M","R","B",null,"M","?","?","?","M","M","E","R","T","?","$","R","?","M","R","B"],"character_chosen":"IRONCLAD","items_purchased":["HornCleat","Shrug It Off","Sever Soul","EntropicBrew","Flame Barrier","Nunchaku"],"campfire_rested":3,"item_purchase_floors":[28,28,45,45,45,45],"current_hp_per_floor":[76,74,65,65,59,59,30,30,30,25,30,25,9,7,31,2,80,78,48,31,31,31,31,25,41,41,33,48,46,46,49,49,9,56,56,46,43,43,43,4,4,20,20,20,35,35,35,36,36,0],"gold":149,"neow_bonus":"BOSS_RELIC","is_prod":false,"is_daily":false,"chose_seed":false,"campfire_upgraded":6,"win_rate":0,"timestamp":1620961920,"path_taken":["M","M","M","?","M","R","E","R","T","M","M","?","?","E","R","BOSS","M","M","M","?","?","R","E","R","T","E","$","E","R","M","R","BOSS","M","?","?","?","?","M","E","R","T","?","?","R","?","M","R","BOSS"],"build_version":"2020-12-22","purchased_purges":2,"victory":false,"max_hp_per_floor":[80,80,80,80,80,80,80,80,80,80,80,80,80,80,80,80,80,80,80,80,56,56,56,56,56,56,56,56,56,56,56,56,56,56,56,56,56,56,56,56,56,56,56,53,53,53,53,53,53,53],"card_choices":[{"not_picked":["Body Slam","True Grit"],"picked":"Shrug It Off","floor":1},{"not_picked":["True Grit","Power Through"],"picked":"Ghostly Armor","floor":2},{"not_picked":["Wild Strike","Evolve"],"picked":"Sword Boomerang","floor":3},{"not_picked":["Flame Barrier","Body Slam"],"picked":"Wild Strike","floor":5},{"not_picked":["Corruption","Entrench"],"picked":"Hemokinesis","floor":7},{"not_picked":["Wild Strike","Heavy Blade"],"picked":"Inflame","floor":10},{"not_picked":["Feel No Pain","Warcry","Blood for Blood"],"picked":"SKIP","floor":11},{"not_picked":["True Grit","Rage"],"picked":"Clothesline","floor":12},{"not_picked":["Barricade","Fire Breathing","True Grit"],"picked":"SKIP","floor":14},{"not_picked":["Corruption","Berserk"],"picked":"Immolate","floor":16},{"not_picked":["Armaments","Flex"],"picked":"Pummel","floor":18},{"not_picked":["Body Slam","Twin Strike"],"picked":"Rupture","floor":19},{"not_picked":["Headbutt","Second Wind"],"picked":"True Grit+1","floor":20},{"not_picked":["True Grit","Brutality"],"picked":"Clothesline+1","floor":24},{"not_picked":["Wild Strike","Thunderclap"],"picked":"Juggernaut","floor":27},{"not_picked":["Clothesline","Combust"],"picked":"Inflame","floor":29},{"not_picked":["Pommel Strike","Feel No Pain+1","Wild Strike"],"picked":"SKIP","floor":31},{"not_picked":["Barricade","Immolate"],"picked":"Reaper","floor":33},{"not_picked":["Warcry+1","Power Through+1","Clothesline+1"],"picked":"SKIP","floor":35},{"not_picked":["Enlightenment","Dramatic Entrance"],"picked":"Dark Shackles","floor":36},{"not_picked":["Rage","Shrug It Off"],"picked":"Spot Weakness+1","floor":39},{"not_picked":["Anger","Wild Strike"],"picked":"Intimidate+1","floor":40},{"not_picked":["Feel No Pain+1","Body Slam+1","Perfected Strike+1"],"picked":"SKIP","floor":48}],"player_experience":348797,"relics_obtained":[{"floor":7,"key":"Vajra"},{"floor":9,"key":"PreservedInsect"},{"floor":14,"key":"MealTicket"},{"floor":24,"key":"Bronze Scales"},{"floor":27,"key":"Bag of Preparation"},{"floor":29,"key":"White Beast Statue"},{"floor":43,"key":"Old Coin"}],"event_choices":[{"cards_removed":["Defend_R"],"damage_healed":0,"gold_gain":0,"player_choice":"Purged","damage_taken":0,"max_hp_gain":0,"max_hp_loss":0,"event_name":"Purifier","floor":4,"gold_loss":0},{"damage_healed":0,"gold_gain":0,"player_choice":"Entered Light","damage_taken":16,"max_hp_gain":0,"max_hp_loss":0,"event_name":"Shining Light","floor":13,"gold_loss":0,"cards_upgraded":["Shrug It Off","Strike_R"]},{"damage_healed":0,"gold_gain":0,"player_choice":"Became a vampire","damage_taken":0,"max_hp_gain":0,"max_hp_loss":24,"event_name":"Vampires","floor":21,"gold_loss":0,"cards_obtained":["Bite","Bite","Bite","Bite","Bite"]},{"damage_healed":0,"gold_gain":0,"player_choice":"Paid Gold","damage_taken":0,"relics_obtained":["Ancient Tea Set"],"max_hp_gain":0,"max_hp_loss":0,"event_name":"WeMeetAgain","floor":22,"gold_loss":52},{"damage_healed":0,"gold_gain":0,"player_choice":"Memory 3","damage_taken":10,"max_hp_gain":0,"max_hp_loss":0,"event_name":"SensoryStone","floor":36,"gold_loss":0},{"damage_healed":0,"gold_gain":0,"player_choice":"Fight","damage_taken":0,"max_hp_gain":0,"max_hp_loss":0,"event_name":"Mysterious Sphere","floor":37,"gold_loss":0},{"damage_healed":0,"gold_gain":0,"player_choice":"0 cards matched","damage_taken":0,"max_hp_gain":0,"max_hp_loss":0,"event_name":"Match and Keep!","floor":38,"gold_loss":0,"cards_obtained":[]},{"damage_healed":0,"gold_gain":0,"player_choice":"Max HP","damage_taken":0,"max_hp_gain":0,"max_hp_loss":3,"event_name":"Winding Halls","floor":44,"gold_loss":0},{"damage_healed":0,"gold_gain":0,"player_choice":"Ignored","damage_taken":0,"max_hp_gain":0,"max_hp_loss":0,"event_name":"NoteForYourself","floor":47,"gold_loss":0}],"is_beta":false,"boss_relics":[{"not_picked":["Coffee Dripper","Empty Cage"],"picked":"Snecko Eye"},{"not_picked":["Fusion Hammer","Tiny House"],"picked":"Black Star"}],"items_purged_floors":[28,45],"is_endless":false,"potions_floor_spawned":[2,5,7,12,20,29,31,33,35,37,39,40,41,48],"killed_by":"Donu and Deca","ascension_level":3}