{"gold_per_floor":[14,31,31,31,31,31,96,96,121,0,31,51,94,110,110,235,235,258,274,299,299,35,73,73,73,96,120,158,158,158,185,185,282,282],"floor_reached":34,"playtime":1866,"items_purged":["Strike_R","Defend_R"],"score":437,"play_id":"bda74257-fc7b-49fd-9493-82acb30ce99c","local_time":"20210512192141","is_ascension_mode":true,"campfire_choices":[{"data":"Wild Strike","floor":6.0,"key":"SMITH"},{"data":"Hemokinesis","floor":8.0,"key":"SMITH"},{"data":"Flame Barrier","floor":15.0,"key":"SMITH"},{"floor":32,"key":"REST"}],"neow_cost":"NO_GOLD","seed_source_timestamp":1991146197080700,"circlet_count":0,"master_deck":["Strike_R","Strike_R","Defend_R","Bash","Wild Strike+1","Hemokinesis+1","Sword Boomerang","Infernal Blade","Pommel Strike","Whirlwind","Dark Embrace+1","Shrug It Off","Fire Breathing+1","Ghostly Armor","Flame Barrier+1","Immolate","Berserk+1","Cleave+1","Clothesline+1","Uppercut","Pommel Strike+1","Metallicize+1","Offering","Shockwave","Metallicize+1","Corruption+1","Inflame+1","Evolve+1","Reaper"],"special_seed":0,"relics":["Burning Blood","Prayer Wheel","Bloody Idol","Art of War","Potion Belt","Frozen Egg 2","Orichalcum","Astrolabe","Meat on the Bone","Enchiridion","Blood Vial","Tiny Chest","Centennial Puzzle"],"potions_floor_usage":[28,31,33,33,33],"damage_taken":[{"damage":11.0,"enemies":"Jaw Worm","floor":1.0,"turns":5.0},{"damage":7.0,"enemies":"Small Slimes","floor":2.0,"turns":2.0},{"damage":16.0,"enemies":"Gremlin Nob","floor":7.0,"turns":3.0},{"damage":20.0,"enemies":"Lagavulin","floor":11.0,"turns":4.0},{"damage":2.0,"enemies":"2 Louse","floor":12.0,"turns":2.0},{"damage":10.0,"enemies":"Gremlin Nob","floor":13.0,"turns":3.0},{"damage":10.0,"enemies":"Large Slime","floor":14.0,"turns":5.0},{"damage":12.0,"enemies":"Hexaghost","floor":16.0,"turns":10.0},{"damage":8.0,"enemies":"3 Byrds","floor":18.0,"turns":4.0},{"damage":2.0,"enemies":"Chosen","floor":19.0,"turns":4.0},{"damage":4.0,"enemies":"Centurion and Healer","floor":20.0,"turns":6.0},{"damage":33.0,"enemies":"Slavers","floor":23.0,"turns":5.0},{"damage":11.0,"enemies":"Shelled Parasite and Fungi","floor":27.0,"turns":5.0},{"damage":26,"enemies":"Book of Stabbing","floor":28,"turns":7},{"damage":50,"enemies":"Slavers","floor":31,"turns":4},{"damage":50,"enemies":"Automaton","floor":33,"turns":8}],"seed_played":"1206967907542332690","potions_obtained":[{"floor":11.0,"key":"HeartOfIron"},{"floor":12.0,"key":"SkillPotion"},{"floor":18.0,"key":"ColorlessPotion"},{"floor":20.0,"key":"Fruit Juice"},{"floor":23.0,"key":"LiquidMemories"},{"floor":28,"key":"DuplicationPotion"}],"is_trial":false,"path_per_floor":["M","M","?","?","$","R","?","R","T","$","E","M","E","M","R","B",null,"M","M","M","?","$","E","?","?","T","M","E","?","?","E","R","B",null],"character_chosen":"IRONCLAD","items_purchased":["Pommel Strike","Shockwave","Metallicize+1","Explosive Potion"],"campfire_rested":1,"item_purchase_floors":[10,22,22,22],"current_hp_per_floor":[75,74,54,59,59,59,49,49,49,49,35,39,35,31,31,25,85,83,85,85,85,85,58,58,47,47,56,50,50,50,25,52,27,90],"gold":282,"neow_bonus":"ONE_RARE_RELIC","is_prod":false,"is_daily":false,"chose_seed":false,"campfire_upgraded":3,"win_rate":0,"timestamp":1620861701,"path_taken":["M","M","?","?","?","R","?","R","T","?","E","M","E","M","R","BOSS","M","M","M","?","$","E","?","?","T","M","E","?","?","E","R","BOSS"],"build_version":"2020-12-22","purchased_purges":2,"victory":false,"max_hp_per_floor":[80,80,80,85,85,85,85,85,85,85,85,85,85,85,85,85,85,85,85,85,85,85,85,85,90,90,90,90,90,90,90,90,90,90],"card_choices":[{"not_picked":["Perfected Strike","Fire Breathing"],"picked":"Wild Strike","floor":1.0},{"not_picked":["Infernal Blade","Dark Embrace"],"picked":"Hemokinesis","floor":1.0},{"not_picked":["Iron Wave","Warcry"],"picked":"Sword Boomerang","floor":2.0},{"not_picked":["Burning Pact","Heavy Blade","Headbutt"],"picked":"SKIP","floor":2.0},{"not_picked":["Armaments","Feel No Pain"],"picked":"Infernal Blade","floor":7.0},{"not_picked":["Disarm","Wild Strike"],"picked":"Whirlwind","floor":11.0},{"not_picked":["Cleave","Pommel Strike"],"picked":"Dark Embrace+1","floor":12.0},{"not_picked":["Iron Wave","Searing Blow"],"picked":"Shrug It Off","floor":12.0},{"not_picked":["Second Wind","Rage"],"picked":"Fire Breathing+1","floor":13.0},{"not_picked":["Spot Weakness","Body Slam"],"picked":"Ghostly Armor","floor":14.0},{"not_picked":["Rampage","Intimidate"],"picked":"Flame Barrier","floor":14.0},{"not_picked":["Offering","Bludgeon"],"picked":"Immolate","floor":16.0},{"not_picked":["Clothesline","Thunderclap"],"picked":"Uppercut","floor":18.0},{"not_picked":["Thunderclap","Dual Wield+1","Uppercut"],"picked":"SKIP","floor":18.0},{"not_picked":["Anger+1","Cleave"],"picked":"Pommel Strike+1","floor":19.0},{"not_picked":["Warcry","Body Slam","True Grit"],"picked":"SKIP","floor":19.0},{"not_picked":["Anger","Pummel"],"picked":"Metallicize+1","floor":20.0},{"not_picked":["Sword Boomerang+1","Searing Blow"],"picked":"Offering","floor":20.0},{"not_picked":["Rupture+1","Cleave+1"],"picked":"Corruption+1","floor":23.0},{"not_picked":["Dropkick","True Grit"],"picked":"Inflame+1","floor":27},{"not_picked":["Body Slam+1","Havoc","Evolve+1"],"picked":"SKIP","floor":27},{"not_picked":["Anger","Carnage","Dark Embrace+1"],"picked":"SKIP","floor":28},{"not_picked":["Dual Wield","Infernal Blade","Berserk+1"],"picked":"SKIP","floor":31},{"not_picked":["Berserk+1","Double Tap"],"picked":"Reaper","floor":33}],"player_experience":333062,"relics_obtained":[{"floor":7.0,"key":"Art of War"},{"floor":9.0,"key":"Potion Belt"},{"floor":11.0,"key":"Frozen Egg 2"},{"floor":13.0,"key":"Orichalcum"},{"floor":23.0,"key":"Meat on the Bone"},{"floor":25.0,"key":"Enchiridion"},{"floor":26.0,"key":"Blood Vial"},{"floor":28,"key":"Tiny Chest"},{"floor":31,"key":"Centennial Puzzle"}],"event_choices":[{"damage_healed":0.0,"max_hp_gain":0.0,"max_hp_loss":0.0,"gold_gain":0.0,"event_name":"Golden Idol","player_choice":"Take Damage","floor":3.0,"gold_loss":0.0,"damage_taken":20.0,"relics_obtained":["Golden Idol"]},{"damage_healed":0.0,"max_hp_gain":5.0,"max_hp_loss":0.0,"gold_gain":0.0,"event_name":"Big Fish","player_choice":"Donut","floor":4.0,"gold_loss":0.0,"damage_taken":0.0},{"damage_healed":0.0,"max_hp_gain":0.0,"max_hp_loss":0.0,"gold_gain":30.0,"event_name":"Dead Adventurer","player_choice":"Searched \u00272\u0027 times","floor":7.0,"gold_loss":0.0,"damage_taken":0.0},{"damage_healed":0.0,"max_hp_gain":0.0,"max_hp_loss":0.0,"gold_gain":0.0,"event_name":"Vampires","player_choice":"Ignored","floor":21.0,"gold_loss":0.0,"damage_taken":0.0},{"cards_removed":["Strike_R"],"damage_healed":0.0,"max_hp_gain":0.0,"max_hp_loss":0.0,"gold_gain":0.0,"event_name":"Back to Basics","player_choice":"Elegance","floor":24.0,"gold_loss":0.0,"damage_taken":0.0},{"damage_healed":0.0,"max_hp_gain":0.0,"max_hp_loss":0.0,"gold_gain":0.0,"event_name":"Cursed Tome","player_choice":"Obtained Book","floor":25.0,"gold_loss":0.0,"damage_taken":16.0},{"damage_healed":0,"gold_gain":0,"player_choice":"Gave Idol","damage_taken":0,"relics_obtained":["Bloody Idol"],"max_hp_gain":0,"max_hp_loss":0,"event_name":"Forgotten Altar","floor":29,"relics_lost":["Golden Idol"],"gold_loss":0},{"damage_healed":0,"gold_gain":0,"player_choice":"Read","damage_taken":0,"max_hp_gain":0,"max_hp_loss":0,"event_name":"The Library","floor":30,"gold_loss":0,"cards_obtained":["Evolve"]}],"is_beta":false,"boss_relics":[{"not_picked":["Snecko Eye","Cursed Key"],"picked":"Astrolabe"},{"not_picked":["Busted Crown","SacredBark","Black Star"]}],"items_purged_floors":[10,22],"is_endless":false,"potions_floor_spawned":[11,12,18,20,23,28],"ascension_level":1}