{"gold_per_floor":[113,93,110,128,142,142,177,177,177,195,195,143,153,170,170,266,266,280,18,38,49,66,66,66,66],"floor_reached":25,"playtime":1150,"items_purged":[],"score":294,"play_id":"f1dd4f69-8a32-4fe9-9fd2-1e39e3394022","local_time":"20210506231743","is_ascension_mode":true,"campfire_choices":[{"data":"Wild Strike","floor":6,"key":"SMITH"},{"data":"Dark Embrace","floor":8,"key":"SMITH"},{"data":"Bash","floor":11,"key":"SMITH"},{"data":"Spot Weakness","floor":15,"key":"SMITH"},{"data":"Uppercut","floor":23,"key":"SMITH"}],"neow_cost":"NONE","seed_source_timestamp":1487651338673200,"circlet_count":0,"master_deck":["Strike_R","Strike_R","Strike_R","Strike_R","Strike_R","Defend_R","Defend_R","Defend_R","Defend_R","Bash+1","Wild Strike+1","Cleave","Fire Breathing","Iron Wave","Dark Embrace+1","Pommel Strike","Spot Weakness+1","Sever Soul","Reaper","Shrug It Off","Twin Strike","Wild Strike+1","Uppercut+1"],"relics":["Burning Blood","Lantern","Darkstone Periapt","Coffee Dripper","Toxic Egg 2"],"potions_floor_usage":[10,14,16],"damage_taken":[{"damage":6,"enemies":"Jaw Worm","floor":1,"turns":5},{"damage":1,"enemies":"Cultist","floor":3,"turns":3},{"damage":0,"enemies":"Small Slimes","floor":4,"turns":2},{"damage":9,"enemies":"3 Louse","floor":5,"turns":5},{"damage":35,"enemies":"Lagavulin","floor":7,"turns":5},{"damage":6,"enemies":"Looter","floor":10,"turns":2},{"damage":6,"enemies":"Blue Slaver","floor":13,"turns":3},{"damage":2,"enemies":"Exordium Wildlife","floor":14,"turns":3},{"damage":30,"enemies":"The Guardian","floor":16,"turns":8},{"damage":26,"enemies":"2 Thieves","floor":18,"turns":5},{"damage":29,"enemies":"Shell Parasite","floor":20,"turns":6},{"damage":22,"enemies":"3 Cultists","floor":21,"turns":4},{"damage":8,"enemies":"Snake Plant","floor":22,"turns":3},{"damage":12,"enemies":"Chosen and Byrds","floor":25,"turns":1}],"seed_played":"-8432962845448735445","potions_obtained":[{"floor":2,"key":"Fire Potion"},{"floor":4,"key":"Dexterity Potion"},{"floor":10,"key":"Fruit Juice"},{"floor":16,"key":"SpeedPotion"},{"floor":21,"key":"Fire Potion"}],"is_trial":false,"path_per_floor":["M","?","M","M","M","R","E","R","T","M","R","$","M","M","R","B",null,"M","$","M","M","M","R","?","M"],"character_chosen":"IRONCLAD","items_purchased":["Block Potion","Twin Strike","Toxic Egg 2"],"campfire_rested":0,"item_purchase_floors":[12,19,19],"current_hp_per_floor":[80,80,85,88,85,85,56,56,56,61,61,61,61,65,65,41,80,64,64,45,29,27,27,9,0],"gold":66,"neow_bonus":"TEN_PERCENT_HP_BONUS","is_prod":false,"is_daily":false,"chose_seed":false,"campfire_upgraded":5,"win_rate":0,"timestamp":1620357463,"path_taken":["M","?","M","M","M","R","E","R","T","M","R","$","?","M","R","BOSS","M","?","M","M","M","R","?","M"],"build_version":"2020-12-22","purchased_purges":0,"victory":false,"max_hp_per_floor":[88,88,88,88,88,88,88,88,88,93,93,93,93,93,93,93,93,93,93,93,93,93,93,98,98],"card_choices":[{"not_picked":["Body Slam","Dropkick"],"picked":"Wild Strike","floor":1},{"not_picked":["Power Through","Flex"],"picked":"Cleave","floor":3},{"not_picked":["Rupture","Infernal Blade"],"picked":"Fire Breathing","floor":4},{"not_picked":["Perfected Strike","Rage"],"picked":"Iron Wave","floor":5},{"not_picked":["Demon Form","Limit Break"],"picked":"Dark Embrace","floor":7},{"not_picked":["Flex","Dual Wield"],"picked":"Pommel Strike","floor":10},{"not_picked":["Pummel","Wild Strike"],"picked":"Spot Weakness","floor":13},{"not_picked":["Metallicize","Fire Breathing"],"picked":"Sever Soul","floor":14},{"not_picked":["Berserk","Double Tap"],"picked":"Reaper","floor":16},{"not_picked":["Wild Strike","Cleave"],"picked":"Shrug It Off","floor":18},{"not_picked":["Thunderclap+1","Dropkick+1"],"picked":"Wild Strike+1","floor":20},{"not_picked":["Seeing Red+1","Cleave+1"],"picked":"Uppercut","floor":21},{"not_picked":["Wild Strike","Entrench+1","Cleave"],"picked":"SKIP","floor":22}],"player_experience":296270,"relics_obtained":[{"floor":7,"key":"Lantern"},{"floor":9,"key":"Darkstone Periapt"}],"event_choices":[{"damage_healed":0,"gold_gain":0,"player_choice":"Bought 1 Potion","damage_taken":0,"max_hp_gain":0,"max_hp_loss":0,"event_name":"The Woman in Blue","floor":2,"gold_loss":0},{"damage_healed":0,"gold_gain":0,"player_choice":"Shed Blood","damage_taken":23,"max_hp_gain":5,"max_hp_loss":0,"event_name":"Forgotten Altar","floor":24,"gold_loss":0}],"is_beta":false,"boss_relics":[{"not_picked":["SlaversCollar","Empty Cage"],"picked":"Coffee Dripper"}],"items_purged_floors":[],"is_endless":false,"potions_floor_spawned":[4,10,13,16,21],"killed_by":"Chosen and Byrds","ascension_level":6}