{"gold_per_floor":[117,128,139,154,104,104,136,136,136,152,183,198,214,227,227,329,329,340,340,370,119,135,135,152,152],"floor_reached":25,"playtime":975,"items_purged":[],"score":339,"play_id":"48b04d30-050e-43fc-9647-1aca43008b2a","local_time":"20210509230443","is_ascension_mode":true,"campfire_choices":[{"data":"Wild Strike","floor":6,"key":"SMITH"},{"data":"Uppercut","floor":8,"key":"SMITH"},{"data":"Carnage","floor":15,"key":"SMITH"},{"data":"RitualDagger","floor":23,"key":"SMITH"}],"neow_cost":"NONE","seed_source_timestamp":1746242876439900,"circlet_count":0,"master_deck":["Strike_R","Strike_R","Defend_R","Defend_R","Defend_R","Bash","Wild Strike+1","Uppercut+1","Wild Strike","Thunderclap","Demon Form","Shrug It Off","Battle Trance","Cleave","Sword Boomerang","Carnage+1","Reaper","Reckless Charge+1","Anger+1","Warcry+1","Whirlwind+1","RitualDagger+1","Sever Soul+1","Pummel","Headbutt+1"],"relics":["Velvet Choker","Bottled Flame","Matryoshka","Bottled Lightning","Astrolabe","Red Mask","Blood Vial"],"potions_floor_usage":[7,15,16,18,20,21,25],"damage_taken":[{"damage":3,"enemies":"2 Louse","floor":1,"turns":4},{"damage":7,"enemies":"Small Slimes","floor":2,"turns":3},{"damage":0,"enemies":"Cultist","floor":3,"turns":2},{"damage":5,"enemies":"Gremlin Gang","floor":4,"turns":4},{"damage":0,"enemies":"Gremlin Nob","floor":7,"turns":2},{"damage":23,"enemies":"Exordium Thugs","floor":10,"turns":3},{"damage":16,"enemies":"Lagavulin","floor":11,"turns":5},{"damage":0,"enemies":"Blue Slaver","floor":12,"turns":2},{"damage":0,"enemies":"Red Slaver","floor":13,"turns":2},{"damage":0,"enemies":"Exordium Wildlife","floor":14,"turns":2},{"damage":3,"enemies":"Slime Boss","floor":16,"turns":7},{"damage":12,"enemies":"2 Thieves","floor":18,"turns":3},{"damage":37,"enemies":"Masked Bandits","floor":20,"turns":5},{"damage":0,"enemies":"Chosen","floor":22,"turns":3},{"damage":8,"enemies":"Shelled Parasite and Fungi","floor":24,"turns":3},{"damage":31,"enemies":"Slavers","floor":25,"turns":2}],"seed_played":"-4518230462840262332","potions_obtained":[{"floor":1,"key":"Energy Potion"},{"floor":2,"key":"AttackPotion"},{"floor":4,"key":"Block Potion"},{"floor":13,"key":"Fire Potion"},{"floor":14,"key":"Fruit Juice"},{"floor":16,"key":"LiquidMemories"}],"is_trial":false,"path_per_floor":["M","M","M","M","?","R","E","R","T","M","E","M","M","M","R","B",null,"M","?","?","$","M","R","M","E"],"character_chosen":"IRONCLAD","items_purchased":["Blood Vial","EntropicBrew"],"campfire_rested":0,"item_purchase_floors":[21,21],"current_hp_per_floor":[69,62,62,57,57,57,57,57,57,34,18,18,18,18,23,20,69,63,57,23,23,31,31,27,0],"gold":152,"neow_bonus":"BOSS_RELIC","is_prod":false,"is_daily":false,"chose_seed":false,"campfire_upgraded":4,"win_rate":0,"timestamp":1620615883,"path_taken":["M","M","M","M","?","R","E","R","T","M","E","M","M","M","R","BOSS","M","?","?","$","M","R","M","E"],"build_version":"2020-12-22","purchased_purges":0,"victory":false,"max_hp_per_floor":[80,80,80,80,80,80,80,80,80,80,80,80,80,80,85,85,85,85,85,85,85,85,85,85,85],"card_choices":[{"not_picked":["Hemokinesis","Flame Barrier"],"picked":"Wild Strike","floor":1},{"not_picked":["True Grit","Twin Strike"],"picked":"Uppercut","floor":2},{"not_picked":["Intimidate","Clothesline"],"picked":"Wild Strike","floor":3},{"not_picked":["Body Slam","Seeing Red"],"picked":"Thunderclap","floor":4},{"not_picked":["Demon Form","Havoc","Sword Boomerang"],"picked":"SKIP","floor":7},{"not_picked":["Havoc","Sword Boomerang"],"picked":"Demon Form","floor":7},{"not_picked":["Metallicize","Second Wind"],"picked":"Shrug It Off","floor":10},{"not_picked":["Berserk","Iron Wave"],"picked":"Battle Trance","floor":11},{"not_picked":["Armaments","Headbutt"],"picked":"Cleave","floor":12},{"not_picked":["Armaments","Cleave"],"picked":"Sword Boomerang","floor":13},{"not_picked":["Fire Breathing","Feel No Pain"],"picked":"Carnage","floor":14},{"not_picked":["Brutality","Immolate"],"picked":"Reaper","floor":16},{"not_picked":["Battle Trance","Wild Strike"],"picked":"Whirlwind+1","floor":18},{"not_picked":["Hemokinesis","Armaments"],"picked":"Sever Soul+1","floor":20},{"not_picked":["Clash","Iron Wave"],"picked":"Pummel","floor":22},{"not_picked":["Rupture","True Grit"],"picked":"Headbutt+1","floor":24}],"player_experience":320967,"relics_obtained":[{"floor":7,"key":"Bottled Flame"},{"floor":9,"key":"Matryoshka"},{"floor":11,"key":"Bottled Lightning"},{"floor":20,"key":"Red Mask"}],"event_choices":[{"cards_removed":["Strike_R"],"damage_healed":0,"gold_gain":0,"player_choice":"Card Removal","damage_taken":0,"max_hp_gain":0,"max_hp_loss":0,"event_name":"The Cleric","floor":5,"gold_loss":50},{"damage_healed":0,"gold_gain":0,"player_choice":"Joined the Cult","damage_taken":6,"max_hp_gain":0,"max_hp_loss":0,"event_name":"Nest","floor":19,"gold_loss":0,"cards_obtained":["RitualDagger"]},{"damage_healed":0,"gold_gain":0,"player_choice":"Fought Bandits","damage_taken":0,"max_hp_gain":0,"max_hp_loss":0,"event_name":"Masked Bandits","floor":20,"gold_loss":0}],"is_beta":false,"boss_relics":[{"not_picked":["Fusion Hammer","Mark of Pain"],"picked":"Astrolabe"}],"items_purged_floors":[],"is_endless":false,"potions_floor_spawned":[1,2,4,13,14,16,22],"killed_by":"Slavers","ascension_level":8}