{"gold_per_floor":[117,127,107,124,137,137,167,167,167,199,157,170,170,170,170,266,266,279,295,313,333,356,356,383,383,383,383,10,10,10,10,10,107,107,118,134,134,154,172,172,198,198,198,198,217,217,230,155,155,155],"floor_reached":51,"playtime":2393,"items_purged":["Headbutt"],"score":1094,"play_id":"279ab2b8-b480-4ef9-a2e0-cd5bc6f34cd9","local_time":"20210509224813","is_ascension_mode":true,"campfire_choices":[{"data":"Uppercut","floor":6.0,"key":"SMITH"},{"data":"Inflame","floor":8.0,"key":"SMITH"},{"data":"Defend_R","floor":13.0,"key":"SMITH"},{"data":"Sword Boomerang","floor":15.0,"key":"SMITH"},{"data":"Feed","floor":23.0,"key":"SMITH"},{"data":"Defend_R","floor":25.0,"key":"SMITH"},{"data":"Heavy Blade","floor":27.0,"key":"SMITH"},{"data":"Bash","floor":29.0,"key":"SMITH"},{"data":"Demon Form","floor":32.0,"key":"SMITH"},{"data":"Reaper","floor":40.0,"key":"SMITH"},{"data":"Pummel","floor":42.0,"key":"SMITH"},{"data":"Evolve","floor":44,"key":"SMITH"},{"data":"Pummel","floor":46,"key":"SMITH"},{"data":"Cleave","floor":49,"key":"SMITH"}],"neow_cost":"NONE","seed_source_timestamp":0,"circlet_count":0,"master_deck":["Strike_R","Strike_R","Strike_R","Strike_R","Strike_R","Defend_R","Defend_R","Defend_R+1","Defend_R+1","Bash+1","Uppercut+1","Inflame+1","Sword Boomerang+1","Impervious","Feed+1","Demon Form+1","Headbutt+1","Dropkick+1","Metallicize+1","Heavy Blade+1","Evolve+1","Ghostly+1","Ghostly+1","Ghostly+1","Ghostly+1","Ghostly+1","Reaper+1","Pummel+1","Pummel+1","Cleave+1"],"special_seed":0,"relics":["Coffee Dripper","Toxic Egg 2","Sundial","Shuriken","Pocketwatch","Philosopher\u0027s Stone","Boot","Calipers","Centennial Puzzle","Incense Burner","Runic Pyramid","Bronze Scales","Pear"],"potions_floor_usage":[],"damage_taken":[{"damage":0.0,"enemies":"Cultist","floor":1.0,"turns":2.0},{"damage":8.0,"enemies":"Small Slimes","floor":2.0,"turns":3.0},{"damage":5.0,"enemies":"2 Louse","floor":4.0,"turns":3.0},{"damage":23.0,"enemies":"Lots of Slimes","floor":5.0,"turns":5.0},{"damage":16.0,"enemies":"Gremlin Nob","floor":7.0,"turns":3.0},{"damage":0.0,"enemies":"Lagavulin","floor":10.0,"turns":5.0},{"damage":5.0,"enemies":"Red Slaver","floor":12.0,"turns":2.0},{"damage":7.0,"enemies":"Slime Boss","floor":16.0,"turns":8.0},{"damage":9.0,"enemies":"Chosen","floor":18.0,"turns":3.0},{"damage":17.0,"enemies":"2 Thieves","floor":19.0,"turns":3.0},{"damage":0.0,"enemies":"Snake Plant","floor":20.0,"turns":2.0},{"damage":14.0,"enemies":"Shelled Parasite and Fungi","floor":21.0,"turns":4.0},{"damage":18.0,"enemies":"Slavers","floor":24.0,"turns":5.0},{"damage":1.0,"enemies":"Collector","floor":33.0,"turns":8.0},{"damage":2.0,"enemies":"3 Shapes","floor":35.0,"turns":7.0},{"damage":1.0,"enemies":"3 Darklings","floor":36.0,"turns":6.0},{"damage":5.0,"enemies":"4 Shapes","floor":38.0,"turns":4.0},{"damage":3.0,"enemies":"Transient","floor":39.0,"turns":5.0},{"damage":13.0,"enemies":"Reptomancer","floor":41.0,"turns":6.0},{"damage":11,"enemies":"Spire Growth","floor":45,"turns":4},{"damage":1,"enemies":"Maw","floor":47,"turns":6},{"damage":47,"enemies":"Awakened One","floor":50,"turns":11}],"seed_played":"-9080037740334569251","potions_obtained":[{"floor":1.0,"key":"Energy Potion"},{"floor":3.0,"key":"PowerPotion"},{"floor":7.0,"key":"Weak Potion"},{"floor":10.0,"key":"BlessingOfTheForge"},{"floor":16.0,"key":"ElixirPotion"},{"floor":20.0,"key":"ColorlessPotion"},{"floor":24.0,"key":"LiquidMemories"},{"floor":35.0,"key":"SmokeBomb"},{"floor":41.0,"key":"BloodPotion"}],"is_trial":false,"path_per_floor":["M","M","?","M","M","R","E","R","T","E","?","M","R","?","R","B",null,"M","M","M","M","T","R","E","R","T","R","$","R","?","?","R","B",null,"M","M","?","M","M","R","E","R","T","R","M","R","M","$","R","B",null],"character_chosen":"IRONCLAD","items_purchased":["Evolve","Incense Burner","BloodPotion"],"campfire_rested":0,"item_purchase_floors":[28,28,28],"current_hp_per_floor":[72,64,64,59,36,36,20,20,20,20,20,18,18,18,18,14,68,59,45,45,34,34,34,20,20,20,20,20,20,20,20,20,19,41,48,56,56,60,59,59,64,64,74,74,67,67,70,70,70,39],"gold":155,"neow_bonus":"BOSS_RELIC","is_prod":false,"is_daily":false,"chose_seed":false,"campfire_upgraded":14,"win_rate":0,"timestamp":1620614893,"path_taken":["M","M","?","?","M","R","E","R","T","E","?","M","R","?","R","BOSS","M","M","?","M","?","R","E","R","T","R","$","R","?","?","R","BOSS","M","M","?","M","M","R","E","R","T","R","M","R","?","$","R","BOSS"],"build_version":"2020-12-22","purchased_purges":1,"victory":true,"max_hp_per_floor":[80,80,80,80,80,80,80,80,80,80,80,83,83,83,83,86,86,86,89,89,92,92,92,96,96,96,96,96,96,48,48,48,48,48,52,56,56,60,60,60,64,64,74,74,78,78,82,82,82,86],"card_choices":[{"not_picked":["True Grit","Havoc"],"picked":"Uppercut","floor":1.0},{"not_picked":["Dropkick","Clash"],"picked":"Inflame","floor":2.0},{"not_picked":["Iron Wave","Intimidate"],"picked":"Sword Boomerang","floor":4.0},{"not_picked":["Anger","Perfected Strike"],"picked":"Impervious","floor":5.0},{"not_picked":["Power Through+1","Body Slam"],"picked":"Headbutt","floor":7.0},{"not_picked":["Warcry+1","Armaments+1"],"picked":"Feed","floor":10.0},{"not_picked":["Perfected Strike","Blood for Blood","Clothesline"],"picked":"SKIP","floor":12.0},{"not_picked":["Corruption","Brutality"],"picked":"Demon Form","floor":16.0},{"not_picked":["Body Slam+1","Perfected Strike"],"picked":"Headbutt+1","floor":18.0},{"not_picked":["Sword Boomerang+1","Body Slam"],"picked":"Dropkick+1","floor":19.0},{"not_picked":["Thunderclap","Seeing Red+1"],"picked":"Metallicize+1","floor":20.0},{"not_picked":["Rampage","Flex+1"],"picked":"Heavy Blade","floor":21.0},{"not_picked":["Clash","Fire Breathing"],"picked":"Hemokinesis","floor":24.0},{"not_picked":["Demon Form","Corruption"],"picked":"Reaper","floor":33.0},{"not_picked":["Wild Strike","Armaments+1","Body Slam+1"],"picked":"SKIP","floor":35.0},{"not_picked":["Flex+1","Pommel Strike","Warcry+1"],"picked":"SKIP","floor":36.0},{"not_picked":["Intimidate+1","Searing Blow+1","Perfected Strike"],"picked":"SKIP","floor":38.0},{"not_picked":["Sentinel+1","Ghostly Armor+1","Clash+1"],"picked":"SKIP","floor":39.0},{"not_picked":["Fire Breathing","Immolate"],"picked":"Pummel","floor":41.0},{"not_picked":["Body Slam","Twin Strike"],"picked":"Pummel","floor":45},{"not_picked":["Combust+1","Clash"],"picked":"Cleave","floor":47}],"player_experience":318574,"relics_obtained":[{"floor":7.0,"key":"Toxic Egg 2"},{"floor":9.0,"key":"Sundial"},{"floor":10.0,"key":"Shuriken"},{"floor":22.0,"key":"Boot"},{"floor":24.0,"key":"Calipers"},{"floor":26.0,"key":"Centennial Puzzle"},{"floor":41.0,"key":"Bronze Scales"},{"floor":43.0,"key":"Pear"}],"event_choices":[{"damage_healed":0.0,"max_hp_gain":0.0,"max_hp_loss":0.0,"gold_gain":0.0,"event_name":"The Woman in Blue","player_choice":"Bought 1 Potion","floor":3.0,"gold_loss":0.0,"damage_taken":0.0},{"damage_healed":0.0,"max_hp_gain":0.0,"max_hp_loss":0.0,"gold_gain":0.0,"event_name":"World of Goop","player_choice":"Left Gold","floor":11.0,"gold_loss":42.0,"damage_taken":0.0},{"damage_healed":0.0,"max_hp_gain":0.0,"max_hp_loss":0.0,"gold_gain":0.0,"event_name":"WeMeetAgain","player_choice":"Gave Potion","floor":14.0,"gold_loss":0.0,"damage_taken":0.0,"relics_obtained":["Pocketwatch"]},{"damage_healed":0.0,"max_hp_gain":0.0,"max_hp_loss":48.0,"gold_gain":0.0,"event_name":"Ghosts","player_choice":"Became a Ghost","floor":30.0,"gold_loss":0.0,"damage_taken":0.0,"cards_obtained":["Ghostly","Ghostly","Ghostly","Ghostly","Ghostly"]},{"damage_healed":0.0,"max_hp_gain":0.0,"max_hp_loss":0.0,"gold_gain":0.0,"event_name":"Cursed Tome","player_choice":"Ignored","floor":31.0,"gold_loss":0.0,"damage_taken":0.0},{"cards_removed":["Hemokinesis"],"damage_healed":0.0,"max_hp_gain":0.0,"max_hp_loss":0.0,"gold_gain":0.0,"event_name":"Bonfire Elementals","player_choice":"Offered Uncommon","floor":37.0,"gold_loss":0.0,"damage_taken":0.0}],"is_beta":false,"boss_relics":[{"not_picked":["Busted Crown","Sozu"],"picked":"Philosopher\u0027s Stone"},{"not_picked":["Fusion Hammer","Tiny House"],"picked":"Runic Pyramid"}],"items_purged_floors":[48],"is_endless":false,"potions_floor_spawned":[1,7,10,16,20,24,35,41],"ascension_level":7}