{"gold_per_floor":[109,121,138,138,138,165,165,165,165,165,206,206,206,229,229,229],"floor_reached":16,"playtime":440,"items_purged":[],"score":157,"play_id":"23cea4b0-ff75-4ba6-a56f-4cf316478080","local_time":"20210509140112","is_ascension_mode":true,"campfire_choices":[{"data":"Searing Blow","floor":7,"key":"SMITH"},{"data":"Searing Blow+1","floor":10,"key":"SMITH"},{"data":"Searing Blow+2","floor":12,"key":"SMITH"},{"floor":15,"key":"REST"}],"neow_cost":"NONE","seed_source_timestamp":1714167442323900,"circlet_count":0,"master_deck":["Strike_R","Strike_R","Strike_R","Strike_R","Defend_R","Defend_R","Defend_R","Defend_R","Bash","CurseOfTheBell","Twin Strike","Pommel Strike","Searing Blow+3","Hemokinesis","True Grit"],"relics":["Calling Bell","Omamori","Question Card","Champion Belt","Oddly Smooth Stone","Golden Idol","Mango","Dream Catcher","Singing Bowl"],"potions_floor_usage":[11],"damage_taken":[{"damage":11,"enemies":"Jaw Worm","floor":1,"turns":5},{"damage":8,"enemies":"2 Louse","floor":2,"turns":4},{"damage":5,"enemies":"Small Slimes","floor":3,"turns":4},{"damage":28,"enemies":"Lagavulin","floor":11,"turns":6},{"damage":2,"enemies":"2 Fungi Beasts","floor":14,"turns":2},{"damage":42,"enemies":"Hexaghost","floor":16,"turns":7}],"seed_played":"-6377510798422292414","potions_obtained":[{"floor":2,"key":"Energy Potion"}],"is_trial":false,"path_per_floor":["M","M","M","?","?","T","R","?","T","R","E","R","?","M","R","B"],"character_chosen":"IRONCLAD","items_purchased":[],"campfire_rested":1,"item_purchase_floors":[],"current_hp_per_floor":[61,53,48,41,46,46,46,46,60,60,32,32,7,7,37,0],"gold":229,"neow_bonus":"BOSS_RELIC","is_prod":false,"is_daily":false,"chose_seed":false,"campfire_upgraded":3,"win_rate":0,"timestamp":1620583272,"path_taken":["M","M","M","?","?","?","R","?","T","R","E","R","?","M","R","BOSS"],"build_version":"2020-12-22","purchased_purges":0,"victory":false,"max_hp_per_floor":[80,80,80,80,85,85,85,85,99,99,99,99,99,101,101,101],"card_choices":[{"not_picked":["Headbutt","Spot Weakness","Infernal Blade"],"picked":"Twin Strike","floor":1},{"not_picked":["True Grit","Clothesline","Combust"],"picked":"Pommel Strike","floor":2},{"not_picked":["Power Through","Perfected Strike","Entrench"],"picked":"Searing Blow","floor":3},{"not_picked":["Seeing Red","Heavy Blade","Berserk"],"picked":"Hemokinesis","floor":11},{"not_picked":["Clothesline","Warcry","Flex","Armaments"],"picked":"Singing Bowl","floor":14},{"not_picked":["Clothesline","Sword Boomerang","Armaments"],"picked":"True Grit","floor":15}],"player_experience":316744,"relics_obtained":[{"floor":0,"key":"Omamori"},{"floor":0,"key":"Question Card"},{"floor":0,"key":"Champion Belt"},{"floor":6,"key":"Oddly Smooth Stone"},{"floor":9,"key":"Mango"},{"floor":11,"key":"Dream Catcher"}],"event_choices":[{"cards_removed":["Strike_R"],"damage_healed":0,"gold_gain":0,"player_choice":"Card Removal","damage_taken":7,"max_hp_gain":0,"max_hp_loss":0,"event_name":"Golden Wing","floor":4,"gold_loss":0},{"damage_healed":0,"gold_gain":0,"player_choice":"Donut","damage_taken":0,"max_hp_gain":5,"max_hp_loss":0,"event_name":"Big Fish","floor":5,"gold_loss":0},{"damage_healed":0,"gold_gain":0,"player_choice":"Take Wound","damage_taken":0,"relics_obtained":["Golden Idol"],"max_hp_gain":0,"max_hp_loss":0,"event_name":"Golden Idol","floor":8,"gold_loss":0,"cards_obtained":["Injury"]},{"damage_healed":0,"gold_gain":0,"player_choice":"Success","damage_taken":25,"relics_obtained":["Singing Bowl"],"max_hp_gain":0,"max_hp_loss":0,"event_name":"Scrap Ooze","floor":13,"gold_loss":0}],"is_beta":false,"boss_relics":[],"items_purged_floors":[],"is_endless":false,"potions_floor_spawned":[2],"killed_by":"Hexaghost","ascension_level":7}