{"gold_per_floor":[115,127,127,139,152,152,186,186,262,291,310,341,48,59,59,161,161,180,192,210,229,229,261,261,279,279,279,279,299,333,0,0,95,95,109,159,179,196,214,248,262,262,308,308,328,328,347,0,0,0,0,0,0,27,27],"floor_reached":55,"playtime":3117,"items_purged":["Strike_R"],"score":908,"play_id":"fb281c0b-fb19-4a37-aab5-5ee58cdb224d","local_time":"20210512230628","is_ascension_mode":true,"campfire_choices":[{"data":"Pommel Strike","floor":6.0,"key":"SMITH"},{"data":"Berserk","floor":8.0,"key":"SMITH"},{"data":"Shrug It Off","floor":15.0,"key":"SMITH"},{"floor":24.0,"key":"REST"},{"floor":28.0,"key":"REST"},{"data":"Demon Form","floor":32.0,"key":"SMITH"},{"data":"Uppercut","floor":42.0,"key":"SMITH"},{"floor":49,"key":"RECALL"},{"data":"Heavy Blade","floor":52,"key":"SMITH"}],"neow_cost":"NONE","seed_source_timestamp":2003379740723500,"circlet_count":0,"master_deck":["Strike_R","Defend_R","Defend_R","Defend_R+1","Bash","Shrug It Off+1","Perfected Strike+1","Pommel Strike+1","Clothesline","Berserk+1","Carnage","Demon Form+1","Disarm+1","Cleave","Thunderclap+1","Feed","Feed+1","Dual Wield+1","Body Slam+1","Bloodletting+1","Pommel Strike+1","Spot Weakness+1","Inflame+1","Inflame+1","Heavy Blade+1","Uppercut+1","Shockwave","Shockwave+1","Heavy Blade","Juggernaut"],"special_seed":0,"relics":["Snecko Eye","Turnip","Self Forming Clay","Oddly Smooth Stone","Toy Ornithopter","Ginger","Velvet Choker","War Paint","Meat on the Bone","Centennial Puzzle","Matryoshka","Astrolabe","Du-Vu Doll","Charon\u0027s Ashes","Whetstone","Lizard Tail","Paper Frog"],"potions_floor_usage":[50],"damage_taken":[{"damage":8.0,"enemies":"2 Louse","floor":1.0,"turns":2.0},{"damage":0.0,"enemies":"Cultist","floor":2.0,"turns":3.0},{"damage":2.0,"enemies":"Jaw Worm","floor":4.0,"turns":2.0},{"damage":11.0,"enemies":"3 Louse","floor":5.0,"turns":3.0},{"damage":8.0,"enemies":"Gremlin Nob","floor":7.0,"turns":3.0},{"damage":17.0,"enemies":"3 Sentries","floor":10.0,"turns":6.0},{"damage":0.0,"enemies":"Blue Slaver","floor":11.0,"turns":2.0},{"damage":0.0,"enemies":"Lagavulin","floor":12.0,"turns":2.0},{"damage":2.0,"enemies":"Looter","floor":14.0,"turns":3.0},{"damage":9.0,"enemies":"The Guardian","floor":16.0,"turns":7.0},{"damage":0.0,"enemies":"Spheric Guardian","floor":18.0,"turns":1.0},{"damage":13.0,"enemies":"Shell Parasite","floor":19.0,"turns":5.0},{"damage":6.0,"enemies":"Chosen and Byrds","floor":20.0,"turns":4.0},{"damage":0.0,"enemies":"Snecko","floor":21.0,"turns":3.0},{"damage":37.0,"enemies":"Book of Stabbing","floor":23.0,"turns":6.0},{"damage":31.0,"enemies":"Shelled Parasite and Fungi","floor":25.0,"turns":5.0},{"damage":8.0,"enemies":"3 Cultists","floor":29.0,"turns":5.0},{"damage":14.0,"enemies":"Slavers","floor":30.0,"turns":4.0},{"damage":15.0,"enemies":"Champ","floor":33.0,"turns":8.0},{"damage":11.0,"enemies":"3 Shapes","floor":35.0,"turns":7.0},{"damage":0.0,"enemies":"Mind Bloom Boss Battle","floor":36.0,"turns":6.0},{"damage":6.0,"enemies":"Orb Walker","floor":37.0,"turns":3.0},{"damage":20.0,"enemies":"Sphere and 2 Shapes","floor":38.0,"turns":4.0},{"damage":31.0,"enemies":"3 Darklings","floor":39.0,"turns":6.0},{"damage":44.0,"enemies":"Giant Head","floor":40.0,"turns":6.0},{"damage":0.0,"enemies":"Transient","floor":41.0,"turns":5.0},{"damage":22.0,"enemies":"Maw","floor":45.0,"turns":4.0},{"damage":40.0,"enemies":"Reptomancer","floor":46.0,"turns":4.0},{"damage":14.0,"enemies":"Writhing Mass","floor":47.0,"turns":3.0},{"damage":57,"enemies":"Time Eater","floor":50,"turns":8},{"damage":54,"enemies":"Shield and Spear","floor":54,"turns":5},{"damage":110,"enemies":"The Heart","floor":55,"turns":8}],"seed_played":"-8885077009659378275","potions_obtained":[{"floor":7.0,"key":"SmokeBomb"},{"floor":10.0,"key":"Swift Potion"},{"floor":12.0,"key":"Strength Potion"},{"floor":36.0,"key":"BloodPotion"},{"floor":40.0,"key":"ColorlessPotion"},{"floor":41.0,"key":"BloodPotion"},{"floor":45.0,"key":"EssenceOfSteel"}],"is_trial":false,"path_per_floor":["M","M","?","M","M","R","E","R","T","E","M","E","$","M","R","B",null,"M","M","M","M","?","E","R","M","T","?","R","M","E","$","R","B",null,"M","?","M","M","M","E","M","R","T","?","M","E","M","$","R","B",null,"R","$","E","B"],"character_chosen":"IRONCLAD","items_purchased":["Ginger","Matryoshka","Lizard Tail","Heavy Blade"],"campfire_rested":2,"item_purchase_floors":[13,31,48,48],"current_hp_per_floor":[72,72,80,78,67,67,59,59,59,42,42,42,42,40,40,31,80,80,67,61,61,46,14,39,8,8,8,33,40,41,41,41,43,91,86,89,83,66,50,44,56,56,56,56,72,54,55,55,55,15,109,109,109,55,0],"gold":27,"neow_bonus":"BOSS_RELIC","is_prod":false,"is_daily":false,"chose_seed":false,"campfire_upgraded":6,"win_rate":0,"timestamp":1620875188,"path_taken":["M","M","?","M","M","R","E","R","T","E","M","E","?","M","R","BOSS","M","M","M","M","?","E","R","M","T","?","R","M","E","?","R","BOSS","M","?","M","M","M","E","M","R","T","?","M","E","M","$","R","BOSS","R","$","E","BOSS"],"build_version":"2020-12-22","purchased_purges":1,"victory":false,"max_hp_per_floor":[80,80,80,80,80,80,80,80,80,80,80,80,80,80,80,80,80,80,80,80,80,85,85,85,85,85,85,85,88,91,91,91,91,91,97,100,100,103,106,106,106,106,106,106,106,106,109,109,109,109,109,109,109,109,109],"card_choices":[{"not_picked":["Sword Boomerang","Thunderclap"],"picked":"Shrug It Off","floor":1.0},{"not_picked":["Anger","Infernal Blade"],"picked":"Perfected Strike","floor":2.0},{"not_picked":["Flex","Power Through"],"picked":"Pommel Strike","floor":4.0},{"not_picked":["Pommel Strike","True Grit"],"picked":"Clothesline","floor":5.0},{"not_picked":["Reckless Charge","Disarm"],"picked":"Berserk","floor":7.0},{"not_picked":["Flex","Havoc","Pommel Strike"],"picked":"SKIP","floor":10.0},{"not_picked":["Wild Strike","Body Slam"],"picked":"Carnage","floor":11.0},{"not_picked":["Fire Breathing","Battle Trance","Warcry"],"picked":"SKIP","floor":12.0},{"not_picked":["Sword Boomerang","Flex","Clothesline"],"picked":"SKIP","floor":14.0},{"not_picked":["Corruption","Brutality"],"picked":"Demon Form","floor":16.0},{"not_picked":["Headbutt","Reckless Charge+1"],"picked":"Disarm","floor":18.0},{"not_picked":["Flex+1","Clash","Thunderclap"],"picked":"SKIP","floor":19.0},{"not_picked":["Anger","Pummel"],"picked":"Cleave","floor":20.0},{"not_picked":["Sword Boomerang","Cleave","Searing Blow"],"picked":"SKIP","floor":21.0},{"not_picked":["Cleave+1","Intimidate"],"picked":"Thunderclap+1","floor":23.0},{"not_picked":["Thunderclap","Intimidate+1"],"picked":"Feed","floor":25.0},{"not_picked":["Sword Boomerang","Armaments","Flex"],"picked":"SKIP","floor":29.0},{"not_picked":["Flex","Infernal Blade","Offering"],"picked":"SKIP","floor":30.0},{"not_picked":["Corruption","Brutality"],"picked":"Feed","floor":33.0},{"not_picked":["Cleave","Iron Wave+1"],"picked":"Pommel Strike+1","floor":35.0},{"not_picked":["Headbutt+1","Clash+1"],"picked":"Spot Weakness+1","floor":36.0},{"not_picked":["Dark Embrace","Shrug It Off"],"picked":"Inflame+1","floor":37.0},{"not_picked":["Iron Wave+1","Sword Boomerang"],"picked":"Inflame+1","floor":38.0},{"not_picked":["Havoc+1","Perfected Strike"],"picked":"Heavy Blade","floor":39.0},{"not_picked":["Infernal Blade","Twin Strike"],"picked":"Uppercut","floor":40.0},{"not_picked":["Dropkick","Warcry"],"picked":"Shockwave","floor":41.0},{"not_picked":["Armaments","Warcry+1"],"picked":"Shockwave+1","floor":45.0},{"not_picked":["Clash","Seeing Red+1","Searing Blow"],"picked":"SKIP","floor":47.0},{"not_picked":["Wild Strike","Battle Trance+1"],"picked":"Juggernaut","floor":54}],"player_experience":344630,"relics_obtained":[{"floor":7.0,"key":"Turnip"},{"floor":9.0,"key":"Self Forming Clay"},{"floor":10.0,"key":"Oddly Smooth Stone"},{"floor":12.0,"key":"Toy Ornithopter"},{"floor":23.0,"key":"War Paint"},{"floor":26.0,"key":"Meat on the Bone"},{"floor":30.0,"key":"Centennial Puzzle"},{"floor":36.0,"key":"Du-Vu Doll"},{"floor":40.0,"key":"Charon\u0027s Ashes"},{"floor":43.0,"key":"Whetstone"},{"floor":54,"key":"Paper Frog"}],"event_choices":[{"damage_healed":8.0,"max_hp_gain":0.0,"max_hp_loss":0.0,"gold_gain":0.0,"event_name":"Wheel of Change","player_choice":"Full Heal","floor":3.0,"gold_loss":0.0,"damage_taken":0.0},{"damage_healed":0.0,"max_hp_gain":5.0,"max_hp_loss":0.0,"gold_gain":0.0,"event_name":"Forgotten Altar","player_choice":"Shed Blood","floor":22.0,"gold_loss":0.0,"damage_taken":20.0},{"cards_removed":["Strike_R"],"damage_healed":0.0,"max_hp_gain":0.0,"max_hp_loss":0.0,"gold_gain":0.0,"event_name":"Back to Basics","player_choice":"Elegance","floor":27.0,"gold_loss":0.0,"damage_taken":0.0},{"damage_healed":0.0,"max_hp_gain":0.0,"max_hp_loss":0.0,"gold_gain":0.0,"event_name":"MindBloom","player_choice":"Fight","floor":36.0,"gold_loss":0.0,"damage_taken":0.0},{"damage_healed":0.0,"max_hp_gain":0.0,"max_hp_loss":0.0,"gold_gain":0.0,"event_name":"Tomb of Lord Red Mask","player_choice":"Ignored","floor":44.0,"gold_loss":0.0,"damage_taken":0.0}],"is_beta":false,"boss_relics":[{"not_picked":["Philosopher\u0027s Stone","Busted Crown"],"picked":"Velvet Choker"},{"not_picked":["Empty Cage","Runic Cube"],"picked":"Astrolabe"}],"items_purged_floors":[31],"is_endless":false,"potions_floor_spawned":[7,10,12,16,20,21,36,40,41,45,46],"killed_by":"The Heart","ascension_level":3}