{"gold_per_floor":[118,133,149,167,23,23,54,74,74,99,99,99,113,124,124,222,222,239,257,257,257,289,324,334,334,334,362,239,239,251,262,262,363,363,376,395,412,430,480,480],"floor_reached":40,"playtime":2566,"items_purged":["Defend_R","Clash"],"score":644,"play_id":"5c8124b8-4bd4-4b98-ae77-5e9d51a64f24","local_time":"20210511235323","is_ascension_mode":true,"campfire_choices":[{"data":"Bash","floor":6,"key":"SMITH"},{"data":"Inflame","floor":11,"key":"SMITH"},{"data":"True Grit","floor":15,"key":"SMITH"},{"data":"RitualDagger","floor":25,"key":"SMITH"},{"data":"Rampage","floor":32,"key":"SMITH"}],"neow_cost":"NONE","seed_source_timestamp":1920371954412600,"circlet_count":0,"master_deck":["Defend_R","Defend_R","Bash+1","Anger","Clash","Sword Boomerang","Pummel","Inflame+1","True Grit+1","Twin Strike","Clash","Dropkick","Impervious","Cleave","Pommel Strike","RitualDagger+1","Bite","Bite","Bite","Bite","Bite","Flame Barrier","Carnage+1","Metallicize","Bludgeon","Shrug It Off","Uppercut","Rampage+1","Evolve+1","Pummel+1","Havoc+1","True Grit+1"],"relics":["Black Blood","Kunai","InkBottle","MealTicket","Coffee Dripper","Red Mask","Thread and Needle","Calipers","The Courier","StoneCalendar"],"potions_floor_usage":[8,16,16,22,24,33,36,37,38],"damage_taken":[{"damage":12,"enemies":"Small Slimes","floor":1,"turns":4},{"damage":1,"enemies":"Cultist","floor":2,"turns":4},{"damage":4,"enemies":"2 Louse","floor":3,"turns":3},{"damage":7,"enemies":"Looter","floor":4,"turns":3},{"damage":8,"enemies":"Gremlin Nob","floor":7,"turns":3},{"damage":0,"enemies":"Large Slime","floor":8,"turns":3},{"damage":32,"enemies":"3 Sentries","floor":10,"turns":7},{"damage":12,"enemies":"Lots of Slimes","floor":13,"turns":5},{"damage":9,"enemies":"2 Fungi Beasts","floor":14,"turns":2},{"damage":28,"enemies":"The Guardian","floor":16,"turns":11},{"damage":3,"enemies":"Chosen","floor":18,"turns":3},{"damage":11,"enemies":"2 Thieves","floor":19,"turns":2},{"damage":0,"enemies":"Masked Bandits","floor":22,"turns":3},{"damage":48,"enemies":"Book of Stabbing","floor":23,"turns":5},{"damage":13,"enemies":"3 Cultists","floor":24,"turns":5},{"damage":19,"enemies":"Slavers","floor":27,"turns":5},{"damage":4,"enemies":"Sentry and Sphere","floor":30,"turns":5},{"damage":0,"enemies":"Centurion and Healer","floor":31,"turns":7},{"damage":38,"enemies":"Champ","floor":33,"turns":9},{"damage":6,"enemies":"Orb Walker","floor":35,"turns":3},{"damage":28,"enemies":"3 Darklings","floor":36,"turns":6},{"damage":40,"enemies":"Maw","floor":37,"turns":9},{"damage":36,"enemies":"Spire Growth","floor":38,"turns":7},{"damage":12,"enemies":"Mind Bloom Boss Battle","floor":39,"turns":9},{"damage":53,"enemies":"Giant Head","floor":40,"turns":7}],"seed_played":"-2950857007789449744","potions_obtained":[{"floor":3,"key":"LiquidMemories"},{"floor":12,"key":"HeartOfIron"},{"floor":12,"key":"AttackPotion"},{"floor":12,"key":"PowerPotion"},{"floor":16,"key":"DistilledChaos"},{"floor":18,"key":"SkillPotion"},{"floor":19,"key":"Strength Potion"},{"floor":22,"key":"Swift Potion"},{"floor":27,"key":"Regen Potion"},{"floor":36,"key":"Regen Potion"},{"floor":37,"key":"BlessingOfTheForge"},{"floor":39,"key":"Fire Potion"}],"is_trial":false,"path_per_floor":["M","M","M","M","$","R","E","M","T","E","R","?","M","M","R","B",null,"M","M","?","?","?","E","M","R","T","E","$","?","M","M","R","B",null,"M","M","M","M","?","E"],"character_chosen":"IRONCLAD","items_purchased":["Pummel","Shrug It Off"],"campfire_rested":0,"item_purchase_floors":[5,28],"current_hp_per_floor":[74,79,81,80,80,80,78,84,84,58,58,58,52,49,49,27,73,76,71,65,61,61,23,24,24,24,19,34,34,46,58,58,53,59,61,51,35,30,34,0],"gold":480,"neow_bonus":"TEN_PERCENT_HP_BONUS","is_prod":false,"is_daily":false,"chose_seed":false,"campfire_upgraded":5,"win_rate":0,"timestamp":1620791603,"path_taken":["M","M","M","M","$","R","E","M","T","E","R","?","?","M","R","BOSS","M","M","?","?","?","E","M","R","T","E","$","?","M","M","R","BOSS","M","M","?","M","?","E"],"build_version":"2020-12-22","purchased_purges":2,"victory":false,"max_hp_per_floor":[88,88,88,88,88,88,88,88,88,88,88,88,88,88,88,88,88,88,88,88,61,61,61,61,61,61,61,61,61,61,61,61,61,61,61,61,61,61,61,61],"card_choices":[{"not_picked":["Headbutt","Intimidate"],"picked":"Anger","floor":1},{"not_picked":["Pommel Strike","Dual Wield"],"picked":"Clash","floor":2},{"not_picked":["Infernal Blade","Wild Strike"],"picked":"Clash","floor":3},{"not_picked":["Rupture","Warcry"],"picked":"Sword Boomerang","floor":4},{"not_picked":["Ghostly Armor","Sever Soul"],"picked":"Inflame","floor":7},{"not_picked":["Combust","Reckless Charge"],"picked":"True Grit","floor":8},{"not_picked":["Evolve","Flex"],"picked":"Twin Strike","floor":10},{"not_picked":["Pummel","Seeing Red"],"picked":"Clash","floor":13},{"not_picked":["Hemokinesis","Power Through"],"picked":"Dropkick","floor":14},{"not_picked":["Offering","Demon Form"],"picked":"Impervious","floor":16},{"not_picked":["Warcry","Heavy Blade+1"],"picked":"Cleave","floor":18},{"not_picked":["True Grit","Wild Strike"],"picked":"Pommel Strike","floor":19},{"not_picked":["Wild Strike","Flex+1"],"picked":"Flame Barrier","floor":22},{"not_picked":["Feel No Pain","Armaments"],"picked":"Carnage+1","floor":23},{"not_picked":["Impervious","Armaments"],"picked":"Metallicize","floor":24},{"not_picked":["Burning Pact","Flex"],"picked":"Bludgeon","floor":27},{"not_picked":["Perfected Strike","Blood for Blood","Searing Blow+1"],"picked":"SKIP","floor":30},{"not_picked":["Uppercut","Clash"],"picked":"Rampage","floor":31},{"not_picked":["Disarm+1","Flex+1"],"picked":"Evolve+1","floor":35},{"not_picked":["Warcry+1","Rampage+1"],"picked":"Pummel+1","floor":36},{"not_picked":["Wild Strike","Clash","Twin Strike"],"picked":"SKIP","floor":37},{"not_picked":["Cleave","Intimidate"],"picked":"Havoc+1","floor":38},{"not_picked":["Armaments","Evolve+1"],"picked":"True Grit+1","floor":39}],"player_experience":327914,"relics_obtained":[{"floor":7,"key":"Kunai"},{"floor":9,"key":"InkBottle"},{"floor":10,"key":"MealTicket"},{"floor":22,"key":"Red Mask"},{"floor":23,"key":"Thread and Needle"},{"floor":26,"key":"Calipers"},{"floor":27,"key":"The Courier"},{"floor":39,"key":"StoneCalendar"}],"event_choices":[{"damage_healed":0,"gold_gain":0,"player_choice":"Got Potions","damage_taken":0,"max_hp_gain":0,"max_hp_loss":0,"event_name":"Lab","floor":12,"gold_loss":0},{"damage_healed":0,"gold_gain":0,"player_choice":"Joined the Cult","damage_taken":6,"max_hp_gain":0,"max_hp_loss":0,"event_name":"Nest","floor":20,"gold_loss":0,"cards_obtained":["RitualDagger"]},{"damage_healed":0,"gold_gain":0,"player_choice":"Became a vampire","damage_taken":0,"max_hp_gain":0,"max_hp_loss":27,"event_name":"Vampires","floor":21,"gold_loss":0,"cards_obtained":["Bite","Bite","Bite","Bite","Bite"]},{"damage_healed":0,"gold_gain":0,"player_choice":"Fought Bandits","damage_taken":0,"max_hp_gain":0,"max_hp_loss":0,"event_name":"Masked Bandits","floor":22,"gold_loss":0},{"damage_healed":0,"gold_gain":0,"cards_transformed":["Defend_R"],"player_choice":"Transformed","damage_taken":0,"max_hp_gain":0,"max_hp_loss":0,"event_name":"Transmorgrifier","floor":29,"gold_loss":0,"cards_obtained":["Uppercut"]},{"damage_healed":0,"gold_gain":0,"player_choice":"Fight","damage_taken":0,"max_hp_gain":0,"max_hp_loss":0,"event_name":"MindBloom","floor":39,"gold_loss":0}],"is_beta":false,"boss_relics":[{"not_picked":["Black Star","Philosopher\u0027s Stone"],"picked":"Coffee Dripper"},{"not_picked":["Astrolabe","Runic Dome"],"picked":"Black Blood"}],"items_purged_floors":[5,28],"is_endless":false,"potions_floor_spawned":[3,13,14,16,18,19,22,27,36,37,39],"killed_by":"Giant Head","ascension_level":8}