{"gold_per_floor":[113,133,144,144,144,174,174,184,256,274,274,294,330,350,350,462,462,462],"floor_reached":18,"playtime":718,"items_purged":[],"score":235,"play_id":"b66bfbc5-352e-4132-bf52-e47b2faf1724","local_time":"20210509142448","is_ascension_mode":true,"campfire_choices":[{"data":"True Grit","floor":7,"key":"SMITH"},{"data":"Rampage","floor":15,"key":"SMITH"}],"neow_cost":"NONE","seed_source_timestamp":1715305017811300,"circlet_count":0,"master_deck":["Strike_R","Strike_R","Strike_R","Strike_R+1","Defend_R","Defend_R","Defend_R","Defend_R","Bash","Rampage+1","Flame Barrier+1","Cleave","True Grit+1","Shockwave","Burning Pact","Flame Barrier","Feed"],"relics":["SlaversCollar","Charon\u0027s Ashes","Frozen Egg 2","CeramicFish","Snecko Eye"],"potions_floor_usage":[10,13,16],"damage_taken":[{"damage":3,"enemies":"2 Louse","floor":1,"turns":4},{"damage":0,"enemies":"Small Slimes","floor":2,"turns":4},{"damage":0,"enemies":"Cultist","floor":3,"turns":3},{"damage":20,"enemies":"Lagavulin","floor":6,"turns":5},{"damage":2,"enemies":"Looter","floor":8,"turns":3},{"damage":11,"enemies":"Lots of Slimes","floor":10,"turns":3},{"damage":8,"enemies":"Blue Slaver","floor":12,"turns":4},{"damage":1,"enemies":"3 Sentries","floor":13,"turns":4},{"damage":5,"enemies":"3 Louse","floor":14,"turns":3},{"damage":47,"enemies":"The Guardian","floor":16,"turns":12},{"damage":35,"enemies":"Spheric Guardian","floor":18,"turns":7}],"seed_played":"4802376510724242504","potions_obtained":[{"floor":3,"key":"FearPotion"},{"floor":5,"key":"PowerPotion"},{"floor":5,"key":"AttackPotion"},{"floor":12,"key":"FearPotion"},{"floor":14,"key":"FairyPotion"}],"is_trial":false,"path_per_floor":["M","M","M","?","?","E","R","M","T","M","?","M","E","M","R","B",null,"M"],"character_chosen":"IRONCLAD","items_purchased":[],"campfire_rested":0,"item_purchase_floors":[],"current_hp_per_floor":[69,69,69,53,53,33,33,31,31,20,20,12,11,6,6,4,61,26],"gold":462,"neow_bonus":"BOSS_RELIC","is_prod":false,"is_daily":false,"chose_seed":false,"campfire_upgraded":2,"win_rate":0,"timestamp":1620584688,"path_taken":["M","M","M","?","?","E","R","M","T","?","?","M","E","M","R","BOSS","M"],"build_version":"2020-12-22","purchased_purges":0,"victory":false,"max_hp_per_floor":[80,80,80,80,80,80,80,80,80,80,80,80,80,80,80,80,80,80],"card_choices":[{"not_picked":["Clash","Feel No Pain"],"picked":"Rampage","floor":1},{"not_picked":["Flex","Rampage"],"picked":"Flame Barrier","floor":2},{"not_picked":["Armaments","Combust"],"picked":"Cleave","floor":3},{"not_picked":["Iron Wave","Rage"],"picked":"True Grit","floor":6},{"not_picked":["Sword Boomerang","Heavy Blade"],"picked":"Shockwave","floor":8},{"not_picked":["Armaments","Seeing Red"],"picked":"Burning Pact","floor":10},{"not_picked":["Havoc","Rupture+1","Iron Wave"],"picked":"SKIP","floor":12},{"not_picked":["Burning Pact","Flex"],"picked":"Flame Barrier","floor":13},{"not_picked":["Sword Boomerang","Combust+1","Heavy Blade"],"picked":"SKIP","floor":14},{"not_picked":["Berserk+1","Immolate"],"picked":"Feed","floor":16}],"player_experience":317856,"relics_obtained":[{"floor":6,"key":"Charon\u0027s Ashes"},{"floor":9,"key":"Frozen Egg 2"},{"floor":13,"key":"CeramicFish"}],"event_choices":[{"damage_healed":0,"gold_gain":0,"player_choice":"Entered Light","damage_taken":16,"max_hp_gain":0,"max_hp_loss":0,"event_name":"Shining Light","floor":4,"gold_loss":0,"cards_upgraded":["Flame Barrier","Strike_R"]},{"damage_healed":0,"gold_gain":0,"player_choice":"Got Potions","damage_taken":0,"max_hp_gain":0,"max_hp_loss":0,"event_name":"Lab","floor":5,"gold_loss":0},{"cards_removed":["Strike_R"],"damage_healed":0,"gold_gain":0,"player_choice":"Purged","damage_taken":0,"max_hp_gain":0,"max_hp_loss":0,"event_name":"Purifier","floor":11,"gold_loss":0}],"is_beta":false,"boss_relics":[{"not_picked":["Pandora\u0027s Box","Astrolabe"],"picked":"Snecko Eye"}],"items_purged_floors":[],"is_endless":false,"potions_floor_spawned":[3,8,12,14],"killed_by":"Spheric Guardian","ascension_level":7}