{"gold_per_floor":[109,126,146,158,177,177,209,209,255,255,255,315,315,328,328,429,429,441,458,194,213,213,213,246,246,246,277,277],"floor_reached":28,"playtime":1349,"items_purged":["Strike_R"],"score":297,"play_id":"0831bff3-ac74-4e94-9653-f20830cdeff5","local_time":"20210513233441","is_ascension_mode":true,"campfire_choices":[{"data":"Inflame","floor":6,"key":"SMITH"},{"data":"Pommel Strike","floor":8,"key":"SMITH"},{"floor":11,"key":"REST"},{"data":"Searing Blow","floor":13,"key":"SMITH"},{"data":"Searing Blow+1","floor":15,"key":"SMITH"},{"data":"Searing Blow+2","floor":23,"key":"SMITH"},{"data":"Searing Blow+3","floor":25,"key":"SMITH"}],"neow_cost":"NONE","seed_source_timestamp":69174187196400,"circlet_count":0,"master_deck":["Strike_R","Strike_R","Strike_R","Strike_R","Defend_R","Defend_R","Defend_R","Defend_R","Bash","Spot Weakness+1","Pommel Strike+1","Inflame+1","Clothesline","Iron Wave","Sever Soul","Searing Blow+4","Feed","Armaments","Headbutt","Flame Barrier","Whirlwind","Metallicize","Sentinel+1","Dual Wield+1"],"relics":["Black Star","Meat on the Bone","Sundial","Orichalcum","Dream Catcher","Coffee Dripper","TungstenRod","Centennial Puzzle","Tiny Chest","Art of War","War Paint"],"potions_floor_usage":[7,16,24,24,27],"damage_taken":[{"damage":6,"enemies":"Cultist","floor":1,"turns":4},{"damage":15,"enemies":"Small Slimes","floor":2,"turns":5},{"damage":0,"enemies":"2 Louse","floor":3,"turns":2},{"damage":11,"enemies":"Red Slaver","floor":4,"turns":4},{"damage":15,"enemies":"Gremlin Gang","floor":5,"turns":7},{"damage":18,"enemies":"Gremlin Nob","floor":7,"turns":4},{"damage":12,"enemies":"Large Slime","floor":14,"turns":5},{"damage":26,"enemies":"Hexaghost","floor":16,"turns":8},{"damage":13,"enemies":"3 Byrds","floor":18,"turns":6},{"damage":1,"enemies":"Spheric Guardian","floor":19,"turns":3},{"damage":22,"enemies":"Snake Plant","floor":21,"turns":4},{"damage":24,"enemies":"Gremlin Leader","floor":24,"turns":7},{"damage":23,"enemies":"Book of Stabbing","floor":27,"turns":5},{"damage":0,"enemies":"Sentry and Sphere","floor":28,"turns":1}],"seed_played":"-4522016034600453218","potions_obtained":[{"floor":2,"key":"PowerPotion"},{"floor":3,"key":"Swift Potion"},{"floor":5,"key":"Explosive Potion"},{"floor":14,"key":"PowerPotion"},{"floor":18,"key":"PowerPotion"},{"floor":24,"key":"Dexterity Potion"},{"floor":27,"key":"Swift Potion"}],"is_trial":false,"path_per_floor":["M","M","M","M","M","R","E","R","T","?","R","?","R","M","R","B",null,"M","M","$","M","?","R","E","R","T","E","M"],"character_chosen":"IRONCLAD","items_purchased":["Flame Barrier","Whirlwind","Metallicize"],"campfire_rested":1,"item_purchase_floors":[20,20,20],"current_hp_per_floor":[74,59,59,48,33,33,15,15,15,15,39,39,39,39,39,25,80,70,72,72,50,50,50,38,38,38,27,27],"gold":277,"neow_bonus":"BOSS_RELIC","is_prod":false,"is_daily":false,"chose_seed":false,"campfire_upgraded":6,"win_rate":0,"timestamp":1620963281,"path_taken":["M","M","?","M","M","R","E","R","T","?","R","?","R","M","R","BOSS","M","M","$","M","?","R","E","R","T","E","?"],"build_version":"2020-12-22","purchased_purges":1,"victory":false,"max_hp_per_floor":[80,80,80,80,80,80,80,80,80,80,80,80,80,80,80,80,80,83,86,86,86,86,86,86,86,86,86,86],"card_choices":[{"not_picked":["Flex","Havoc"],"picked":"Spot Weakness","floor":1},{"not_picked":["Sentinel","Spot Weakness"],"picked":"Pommel Strike","floor":2},{"not_picked":["Burning Pact","Second Wind"],"picked":"Inflame","floor":3},{"not_picked":["Warcry","Disarm"],"picked":"Clothesline","floor":4},{"not_picked":["Heavy Blade","Berserk"],"picked":"Iron Wave","floor":5},{"not_picked":["Clash","Rupture"],"picked":"Sever Soul","floor":7},{"not_picked":["Pommel Strike","Rupture"],"picked":"Searing Blow","floor":11},{"not_picked":["Rupture","Rampage","Blood for Blood"],"picked":"SKIP","floor":14},{"not_picked":["Corruption","Offering"],"picked":"Feed","floor":16},{"not_picked":["Disarm","Pommel Strike"],"picked":"Armaments","floor":18},{"not_picked":["Shockwave","Anger"],"picked":"Headbutt","floor":19},{"not_picked":["True Grit","Reckless Charge","Sword Boomerang"],"picked":"SKIP","floor":21},{"not_picked":["Immolate","Blood for Blood"],"picked":"Sentinel","floor":24},{"not_picked":["Rampage","Twin Strike+1"],"picked":"Dual Wield+1","floor":27}],"player_experience":351456,"relics_obtained":[{"floor":7,"key":"Meat on the Bone"},{"floor":7,"key":"Sundial"},{"floor":9,"key":"Orichalcum"},{"floor":24,"key":"TungstenRod"},{"floor":24,"key":"Centennial Puzzle"},{"floor":26,"key":"Tiny Chest"},{"floor":27,"key":"Art of War"},{"floor":27,"key":"War Paint"}],"event_choices":[{"damage_healed":0,"gold_gain":0,"player_choice":"Searched \u00271\u0027 times","damage_taken":0,"relics_obtained":["Dream Catcher"],"max_hp_gain":0,"max_hp_loss":0,"event_name":"Dead Adventurer","floor":10,"gold_loss":0},{"damage_healed":0,"gold_gain":60,"player_choice":"Gained Gold","damage_taken":0,"max_hp_gain":0,"max_hp_loss":0,"event_name":"Golden Wing","floor":12,"gold_loss":0},{"damage_healed":0,"gold_gain":0,"player_choice":"Ignored","damage_taken":0,"max_hp_gain":0,"max_hp_loss":0,"event_name":"NoteForYourself","floor":22,"gold_loss":0}],"is_beta":false,"boss_relics":[{"not_picked":["Busted Crown","Runic Dome"],"picked":"Coffee Dripper"}],"items_purged_floors":[20],"is_endless":false,"potions_floor_spawned":[2,3,5,14,18,24,27],"killed_by":"Sentry and Sphere","ascension_level":3}