{"gold_per_floor":[117,117,129,129,139,139,158,183,183,183,247,312,312,346,346,448,448,463,498,498,513,29,29,39,72,95,127,42,62,62,161,161,265,265,277,202,221,121,140,168,218,218,218,218,264,264,264,290,290,290,290,290,0,28,28],"floor_reached":55,"playtime":2169,"items_purged":["Defend_R","Defend_R","Defend_R"],"score":880,"play_id":"26846ce2-a462-46cc-a2ec-bb24b8a986f8","local_time":"20210512204315","is_ascension_mode":true,"campfire_choices":[{"data":"Uppercut","floor":6,"key":"SMITH"},{"data":"Carnage","floor":10,"key":"SMITH"},{"data":"Perfected Strike","floor":13,"key":"SMITH"},{"data":"Dropkick","floor":15,"key":"SMITH"},{"floor":23,"key":"REST"},{"floor":30,"key":"RECALL"},{"floor":32,"key":"REST"},{"floor":42,"key":"DIG"},{"floor":44,"key":"DIG"},{"floor":47,"key":"DIG"},{"floor":49,"key":"DIG"},{"floor":52,"key":"DIG"}],"neow_cost":"TEN_PERCENT_HP_LOSS","seed_source_timestamp":1995760969714400,"circlet_count":0,"master_deck":["Strike_R","Strike_R","Strike_R","Strike_R","Strike_R","Defend_R","Bash","Uppercut+1","Perfected Strike+1","Carnage+1","Whirlwind","Dropkick+1","Perfected Strike","Inflame","Spot Weakness+1","Rage+1","Feed","Armaments+1","Inflame","Dual Wield+1","Cleave+1","Battle Trance+1","Seeing Red+1","Perfected Strike+1","Shrug It Off","Rage+1"],"relics":["Burning Blood","Unceasing Top","Bag of Marbles","Lantern","Gremlin Horn","Potion Belt","Fusion Hammer","Red Mask","Chemical X","White Beast Statue","Mummified Hand","Akabeko","Strawberry","Self Forming Clay","Snecko Eye","MealTicket","Shovel","Pen Nib","Happy Flower","Turnip","Orichalcum","Nunchaku","Blood Vial","Pear","DollysMirror","Bronze Scales"],"potions_floor_usage":[18,29,45,48,55,55,55,55],"damage_taken":[{"damage":1,"enemies":"Cultist","floor":1,"turns":4},{"damage":0,"enemies":"Small Slimes","floor":3,"turns":3},{"damage":7,"enemies":"2 Louse","floor":5,"turns":2},{"damage":7,"enemies":"Looter","floor":7,"turns":3},{"damage":10,"enemies":"Gremlin Nob","floor":8,"turns":3},{"damage":0,"enemies":"Gremlin Nob","floor":11,"turns":2},{"damage":12,"enemies":"3 Sentries","floor":14,"turns":6},{"damage":52,"enemies":"Hexaghost","floor":16,"turns":9},{"damage":0,"enemies":"2 Thieves","floor":18,"turns":1},{"damage":0,"enemies":"Masked Bandits","floor":19,"turns":2},{"damage":8,"enemies":"Shell Parasite","floor":21,"turns":2},{"damage":4,"enemies":"Shelled Parasite and Fungi","floor":24,"turns":2},{"damage":20,"enemies":"Book of Stabbing","floor":25,"turns":3},{"damage":0,"enemies":"Slavers","floor":27,"turns":3},{"damage":0,"enemies":"3 Cultists","floor":29,"turns":2},{"damage":69,"enemies":"Champ","floor":33,"turns":8},{"damage":0,"enemies":"3 Shapes","floor":35,"turns":1},{"damage":0,"enemies":"Orb Walker","floor":37,"turns":1},{"damage":11,"enemies":"Spire Growth","floor":39,"turns":3},{"damage":18,"enemies":"Nemesis","floor":40,"turns":4},{"damage":8,"enemies":"Mind Bloom Boss Battle","floor":41,"turns":3},{"damage":22,"enemies":"2 Orb Walkers","floor":45,"turns":3},{"damage":3,"enemies":"Giant Head","floor":48,"turns":5},{"damage":32,"enemies":"Donu and Deca","floor":50,"turns":5},{"damage":11,"enemies":"Shield and Spear","floor":54,"turns":2},{"damage":114,"enemies":"The Heart","floor":55,"turns":6}],"seed_played":"-2091220550537931296","potions_obtained":[{"floor":3,"key":"BloodPotion"},{"floor":5,"key":"SteroidPotion"},{"floor":7,"key":"ElixirPotion"},{"floor":8,"key":"BlessingOfTheForge"},{"floor":21,"key":"EssenceOfSteel"},{"floor":24,"key":"Dexterity Potion"},{"floor":25,"key":"GamblersBrew"},{"floor":27,"key":"LiquidBronze"},{"floor":29,"key":"Energy Potion"},{"floor":33,"key":"SteroidPotion"},{"floor":45,"key":"SpeedPotion"},{"floor":48,"key":"ColorlessPotion"},{"floor":54,"key":"LiquidBronze"}],"is_trial":false,"path_per_floor":["M","?","M","?","M","R","M","E","T","R","?","?","R","E","R","B",null,"M","?","?","M","$","R","M","E","T","E","?","M","R","?","R","B",null,"M","$","M","$","M","E","?","R","T","R","?","?","R","E","R","B",null,"R","$","E","B"],"character_chosen":"IRONCLAD","items_purchased":["Chemical X","Inflame","White Beast Statue","DollysMirror","Shrug It Off"],"campfire_rested":2,"item_purchase_floors":[22,22,22,53,53],"current_hp_per_floor":[72,72,72,72,71,71,70,66,66,66,72,72,72,66,66,20,72,72,72,59,57,57,77,77,63,63,76,76,82,82,82,84,21,84,87,87,90,90,85,73,71,71,71,71,58,58,58,61,61,37,88,98,98,93,0],"gold":28,"neow_bonus":"ONE_RARE_RELIC","is_prod":false,"is_daily":false,"chose_seed":false,"campfire_upgraded":4,"win_rate":0,"timestamp":1620866595,"path_taken":["M","?","?","?","M","R","?","E","T","R","?","?","R","E","R","BOSS","M","?","?","M","$","R","M","E","T","E","?","M","R","?","R","BOSS","M","$","M","$","M","E","?","R","T","R","?","?","R","E","R","BOSS","R","$","E","BOSS"],"build_version":"2020-12-22","purchased_purges":3,"victory":false,"max_hp_per_floor":[72,72,72,72,72,72,72,72,72,72,72,72,72,72,72,72,72,72,72,77,77,77,77,77,77,77,84,84,84,84,84,84,84,84,87,87,90,90,90,90,90,90,90,90,93,88,88,88,88,88,88,98,98,98,98],"card_choices":[{"not_picked":["Shrug It Off","Searing Blow"],"picked":"Uppercut","floor":1},{"not_picked":["Anger","Perfected Strike"],"picked":"Second Wind","floor":3},{"not_picked":["Clash","Clothesline"],"picked":"Perfected Strike","floor":5},{"not_picked":["Fire Breathing","Clothesline"],"picked":"Carnage","floor":7},{"not_picked":["Warcry","Twin Strike"],"picked":"Whirlwind","floor":8},{"not_picked":["Clash","Thunderclap"],"picked":"Dropkick","floor":14},{"not_picked":["Headbutt","Clothesline","Power Through"],"picked":"SKIP","floor":18},{"not_picked":["Heavy Blade","Headbutt"],"picked":"Perfected Strike","floor":21},{"not_picked":["Second Wind","Infernal Blade"],"picked":"Spot Weakness+1","floor":24},{"not_picked":["Carnage","Armaments"],"picked":"Rage+1","floor":25},{"not_picked":["True Grit","Combust+1","Second Wind"],"picked":"SKIP","floor":27},{"not_picked":["Anger","Iron Wave","Carnage"],"picked":"SKIP","floor":29},{"not_picked":["Fiend Fire","Juggernaut"],"picked":"Feed","floor":33},{"not_picked":["Clothesline+1","Thunderclap+1"],"picked":"Armaments+1","floor":35},{"not_picked":["Bloodletting","Iron Wave+1"],"picked":"Inflame","floor":37},{"not_picked":["Perfected Strike","Rupture"],"picked":"Dual Wield+1","floor":39},{"not_picked":["Havoc+1","Shrug It Off"],"picked":"Cleave+1","floor":40},{"not_picked":["Armaments+1","Burning Pact"],"picked":"Battle Trance+1","floor":45},{"not_picked":["Feed","Sword Boomerang+1"],"picked":"Seeing Red+1","floor":48},{"not_picked":["Sword Boomerang","Dropkick+1"],"picked":"Rage+1","floor":54}],"player_experience":337599,"relics_obtained":[{"floor":8,"key":"Bag of Marbles"},{"floor":9,"key":"Lantern"},{"floor":11,"key":"Gremlin Horn"},{"floor":14,"key":"Potion Belt"},{"floor":19,"key":"Red Mask"},{"floor":25,"key":"Mummified Hand"},{"floor":26,"key":"Akabeko"},{"floor":27,"key":"Strawberry"},{"floor":40,"key":"MealTicket"},{"floor":41,"key":"Shovel"},{"floor":42,"key":"Pen Nib"},{"floor":44,"key":"Happy Flower"},{"floor":45,"key":"Turnip"},{"floor":47,"key":"Orichalcum"},{"floor":48,"key":"Nunchaku"},{"floor":49,"key":"Blood Vial"},{"floor":52,"key":"Pear"},{"floor":54,"key":"Bronze Scales"}],"event_choices":[{"damage_healed":0,"gold_gain":0,"player_choice":"0 cards matched","damage_taken":0,"max_hp_gain":0,"max_hp_loss":0,"event_name":"Match and Keep!","floor":2,"gold_loss":0,"cards_obtained":[]},{"cards_removed":["Second Wind"],"damage_healed":0,"gold_gain":0,"player_choice":"Offered Uncommon","damage_taken":0,"max_hp_gain":0,"max_hp_loss":0,"event_name":"Bonfire Elementals","floor":4,"gold_loss":0},{"damage_healed":0,"gold_gain":30,"player_choice":"Searched \u00272\u0027 times","damage_taken":0,"max_hp_gain":0,"max_hp_loss":0,"event_name":"Dead Adventurer","floor":11,"gold_loss":0},{"damage_healed":0,"gold_gain":65,"player_choice":"Gained Gold","damage_taken":0,"max_hp_gain":0,"max_hp_loss":0,"event_name":"Golden Wing","floor":12,"gold_loss":0},{"damage_healed":0,"gold_gain":0,"player_choice":"Fought Bandits","damage_taken":0,"max_hp_gain":0,"max_hp_loss":0,"event_name":"Masked Bandits","floor":19,"gold_loss":0},{"damage_healed":0,"gold_gain":0,"player_choice":"Shed Blood","damage_taken":18,"max_hp_gain":5,"max_hp_loss":0,"event_name":"Forgotten Altar","floor":20,"gold_loss":0},{"damage_healed":0,"gold_gain":0,"player_choice":"Obtained Relic","damage_taken":0,"relics_obtained":["Self Forming Clay"],"max_hp_gain":0,"max_hp_loss":0,"event_name":"Addict","floor":28,"gold_loss":85},{"damage_healed":0,"gold_gain":99,"player_choice":"Stole From Cult","damage_taken":0,"max_hp_gain":0,"max_hp_loss":0,"event_name":"Nest","floor":31,"gold_loss":0},{"damage_healed":0,"gold_gain":0,"player_choice":"Fight","damage_taken":0,"max_hp_gain":0,"max_hp_loss":0,"event_name":"MindBloom","floor":41,"gold_loss":0},{"damage_healed":0,"gold_gain":0,"player_choice":"Fight","damage_taken":0,"max_hp_gain":0,"max_hp_loss":0,"event_name":"Mysterious Sphere","floor":45,"gold_loss":0},{"damage_healed":0,"gold_gain":0,"player_choice":"Max HP","damage_taken":0,"max_hp_gain":0,"max_hp_loss":5,"event_name":"Winding Halls","floor":46,"gold_loss":0}],"is_beta":false,"boss_relics":[{"not_picked":["Cursed Key","Velvet Choker"],"picked":"Fusion Hammer"},{"not_picked":["Black Blood","Coffee Dripper"],"picked":"Snecko Eye"}],"items_purged_floors":[36,38,53],"is_endless":false,"potions_floor_spawned":[3,5,7,8,21,24,25,27,29,33,35,37,39,40,41,45,48,54],"killed_by":"The Heart","ascension_level":1}