{"gold_per_floor":[113,123,134,134,209,235,235,262,262,262,282,299,341,418,418,518,518,538,463,485,116,125,159,159,194,248,248,248,285,305,316,316,419,728,739,748,498,512,237,237,249,249,272,272,315,325,625,625,625,625],"floor_reached":51,"playtime":2671,"items_purged":["Strike_R","Defend_R","Defend_R"],"score":811,"play_id":"5029becc-1d95-4fd8-891f-589c7164cdea","local_time":"20210512200629","is_ascension_mode":true,"campfire_choices":[{"data":"Anger","floor":7,"key":"SMITH"},{"floor":10,"key":"REST"},{"floor":15,"key":"REST"},{"data":"Demon Form","floor":24,"key":"SMITH"},{"data":"Sword Boomerang","floor":27,"key":"SMITH"},{"data":"Strike_R","floor":32,"key":"PURGE"},{"data":"Secret Weapon","floor":40,"key":"SMITH"},{"data":"Defend_R","floor":44,"key":"PURGE"},{"data":"Strike_R","floor":49,"key":"PURGE"}],"neow_cost":"NONE","seed_source_timestamp":1993045454779000,"circlet_count":0,"master_deck":["Defend_R+1","Bash+1","Anger+1","Whirlwind+1","Rage+1","Metallicize","Fiend Fire","Battle Trance","Pommel Strike+1","Second Wind","Shockwave+1","Shrug It Off","Demon Form+1","Sword Boomerang+1","Flame Barrier","Dropkick+1","CurseOfTheBell","Secret Weapon+1","Shrug It Off","Dropkick+1","Heavy Blade"],"relics":["Burning Blood","Blue Candle","Centennial Puzzle","InkBottle","CeramicFish","Mummified Hand","Coffee Dripper","Membership Card","Peace Pipe","Eternal Feather","Ginger","Unceasing Top","Calling Bell","Regal Pillow","StrikeDummy","Old Coin","War Paint","Bag of Preparation","Turnip","DollysMirror","Juzu Bracelet","Lantern"],"potions_floor_usage":[13,23,33,41,45,45],"damage_taken":[{"damage":1,"enemies":"Cultist","floor":1,"turns":3},{"damage":0,"enemies":"Small Slimes","floor":2,"turns":3},{"damage":11,"enemies":"Jaw Worm","floor":3,"turns":2},{"damage":19,"enemies":"3 Sentries","floor":6,"turns":5},{"damage":28,"enemies":"Gremlin Nob","floor":8,"turns":4},{"damage":15,"enemies":"3 Louse","floor":11,"turns":2},{"damage":2,"enemies":"Exordium Wildlife","floor":12,"turns":4},{"damage":15,"enemies":"Lagavulin","floor":13,"turns":4},{"damage":25,"enemies":"Hexaghost","floor":16,"turns":8},{"damage":0,"enemies":"Chosen","floor":18,"turns":3},{"damage":5,"enemies":"Spheric Guardian","floor":20,"turns":3},{"damage":10,"enemies":"Slavers","floor":23,"turns":2},{"damage":18,"enemies":"Gremlin Leader","floor":25,"turns":5},{"damage":19,"enemies":"Slavers","floor":29,"turns":5},{"damage":11,"enemies":"Snake Plant","floor":30,"turns":2},{"damage":15,"enemies":"Centurion and Healer","floor":31,"turns":4},{"damage":63,"enemies":"Automaton","floor":33,"turns":8},{"damage":25,"enemies":"3 Darklings","floor":35,"turns":5},{"damage":0,"enemies":"3 Shapes","floor":38,"turns":3},{"damage":4,"enemies":"3 Darklings","floor":41,"turns":3},{"damage":2,"enemies":"Nemesis","floor":45,"turns":7},{"damage":9,"enemies":"Writhing Mass","floor":46,"turns":4},{"damage":28,"enemies":"Awakened One","floor":50,"turns":8}],"seed_played":"5252417927284342089","potions_obtained":[{"floor":3,"key":"DuplicationPotion"},{"floor":8,"key":"AttackPotion"},{"floor":11,"key":"AttackPotion"},{"floor":13,"key":"AttackPotion"},{"floor":16,"key":"SkillPotion"},{"floor":18,"key":"BloodPotion"},{"floor":23,"key":"ElixirPotion"},{"floor":33,"key":"Energy Potion"}],"is_trial":false,"path_per_floor":["M","M","M","?","?","E","R","E","T","R","M","M","E","T","R","B",null,"M","?","M","$","?","E","R","E","T","R","?","E","M","M","R","B",null,"M","?","$","M","$","R","M","?","T","R","E","M","?","?","R","B",null],"character_chosen":"IRONCLAD","items_purchased":["Membership Card","Peace Pipe","Shockwave","War Paint","Bag of Preparation","EntropicBrew","Turnip","Shrug It Off","DollysMirror"],"campfire_rested":2,"item_purchase_floors":[21,21,21,37,37,37,39,39,39],"current_hp_per_floor":[80,80,75,75,64,51,51,29,29,53,44,48,39,39,63,44,80,80,80,80,80,80,76,80,68,68,80,80,67,62,53,65,24,80,61,51,51,57,57,69,71,71,71,80,80,77,77,77,80,58],"gold":625,"neow_bonus":"UPGRADE_CARD","is_prod":false,"is_daily":false,"chose_seed":false,"campfire_upgraded":4,"win_rate":0,"timestamp":1620864389,"path_taken":["M","M","M","?","?","E","R","E","T","R","M","M","E","?","R","BOSS","M","?","M","$","?","E","R","E","T","R","?","E","M","?","R","BOSS","M","?","$","M","$","R","M","?","T","R","E","M","?","?","R","BOSS"],"build_version":"2020-12-22","purchased_purges":3,"victory":true,"max_hp_per_floor":[80,80,80,80,80,80,80,80,80,80,80,80,80,80,80,80,80,80,80,80,80,80,80,80,80,80,80,80,80,80,80,80,80,80,80,80,80,80,80,80,80,80,80,80,80,80,80,80,80,80],"card_choices":[{"not_picked":["Clothesline","Havoc"],"picked":"Anger","floor":1},{"not_picked":["Clash","Sentinel"],"picked":"Whirlwind","floor":2},{"not_picked":["Pommel Strike","Cleave"],"picked":"Rage","floor":3},{"not_picked":["Evolve","Sentinel","Perfected Strike"],"picked":"SKIP","floor":6},{"not_picked":["Clash","Heavy Blade","Dual Wield"],"picked":"SKIP","floor":8},{"not_picked":["Cleave","Uppercut"],"picked":"Metallicize","floor":11},{"not_picked":["True Grit","Fire Breathing"],"picked":"Fiend Fire","floor":12},{"not_picked":["Reckless Charge","Armaments"],"picked":"Battle Trance","floor":13},{"not_picked":["Twin Strike","Armaments+1"],"picked":"Pommel Strike+1","floor":18},{"not_picked":["Thunderclap","Anger"],"picked":"Second Wind","floor":20},{"not_picked":["Clothesline","True Grit"],"picked":"Demon Form","floor":23},{"not_picked":["Perfected Strike","Barricade"],"picked":"Sword Boomerang","floor":25},{"not_picked":["Shockwave","Sentinel"],"picked":"Flame Barrier","floor":29},{"not_picked":["Rampage+1","Body Slam"],"picked":"Dropkick+1","floor":30},{"not_picked":["True Grit","Power Through","Havoc+1"],"picked":"SKIP","floor":31},{"not_picked":["Anger+1","Iron Wave","Flex"],"picked":"SKIP","floor":35},{"not_picked":["The Bomb","Panacea"],"picked":"Secret Weapon","floor":36},{"not_picked":["Fire Breathing+1","Whirlwind","Rupture"],"picked":"SKIP","floor":38},{"not_picked":["Combust+1","Shrug It Off+1","Shockwave+1"],"picked":"SKIP","floor":41},{"not_picked":["Twin Strike","Clash+1"],"picked":"Heavy Blade","floor":45},{"not_picked":["Entrench+1","Hemokinesis","Twin Strike+1"],"picked":"SKIP","floor":46}],"player_experience":334928,"relics_obtained":[{"floor":6,"key":"Blue Candle"},{"floor":8,"key":"Centennial Puzzle"},{"floor":9,"key":"InkBottle"},{"floor":13,"key":"CeramicFish"},{"floor":14,"key":"Mummified Hand"},{"floor":23,"key":"Eternal Feather"},{"floor":25,"key":"Ginger"},{"floor":29,"key":"Unceasing Top"},{"floor":34,"key":"Regal Pillow"},{"floor":34,"key":"StrikeDummy"},{"floor":34,"key":"Old Coin"},{"floor":43,"key":"Juzu Bracelet"},{"floor":45,"key":"Lantern"}],"event_choices":[{"damage_healed":0,"gold_gain":0,"player_choice":"Grow","damage_taken":0,"max_hp_gain":0,"max_hp_loss":0,"event_name":"Living Wall","floor":4,"gold_loss":0,"cards_upgraded":["Whirlwind"]},{"damage_healed":0,"gold_gain":75,"player_choice":"Gather Gold","damage_taken":11,"max_hp_gain":0,"max_hp_loss":0,"event_name":"World of Goop","floor":5,"gold_loss":0},{"cards_removed":["Strike_R"],"damage_healed":0,"gold_gain":0,"player_choice":"Gave Gold","damage_taken":0,"max_hp_gain":0,"max_hp_loss":0,"event_name":"Beggar","floor":19,"gold_loss":75},{"damage_healed":0,"gold_gain":0,"player_choice":"Read","damage_taken":0,"max_hp_gain":0,"max_hp_loss":0,"event_name":"The Library","floor":22,"gold_loss":0,"cards_obtained":["Shrug It Off"]},{"damage_healed":0,"gold_gain":0,"player_choice":"Upgraded","damage_taken":0,"max_hp_gain":0,"max_hp_loss":0,"event_name":"Upgrade Shrine","floor":28,"gold_loss":0,"cards_upgraded":["Shockwave"]},{"damage_healed":0,"gold_gain":0,"player_choice":"Memory 3","damage_taken":10,"max_hp_gain":0,"max_hp_loss":0,"event_name":"SensoryStone","floor":36,"gold_loss":0},{"damage_healed":0,"gold_gain":0,"player_choice":"Ignored","damage_taken":0,"max_hp_gain":0,"max_hp_loss":0,"event_name":"Tomb of Lord Red Mask","floor":42,"gold_loss":0},{"damage_healed":0,"gold_gain":300,"player_choice":"Gold","damage_taken":0,"max_hp_gain":0,"max_hp_loss":0,"event_name":"Wheel of Change","floor":47,"gold_loss":0},{"cards_removed":["Strike_R"],"damage_healed":0,"gold_gain":0,"player_choice":"Removed Attack","damage_taken":0,"max_hp_gain":0,"max_hp_loss":0,"event_name":"Falling","floor":48,"gold_loss":0}],"is_beta":false,"boss_relics":[{"not_picked":["Cursed Key","Fusion Hammer"],"picked":"Coffee Dripper"},{"not_picked":["Tiny House","Velvet Choker"],"picked":"Calling Bell"}],"items_purged_floors":[21,37,39],"is_endless":false,"potions_floor_spawned":[3,8,11,13,16,18,23,25,33,38,46],"ascension_level":1}