{"gold_per_floor":[112,122,142,217,237,237,266,266,266,266,277,306,306,330,330,428,428,446,25,40,74,74,74,108,58,83,110,127,155,80,94,94,198,198,214,233,233,253,253,282,294,319,371,421,208,430,390,405,405,405,405,405,144,173,173],"floor_reached":55,"playtime":2969,"items_purged":["Strike_R","Strike_R","Strike_R","Madness"],"score":937,"play_id":"3c4d8b44-c610-4539-9b93-c4235c199352","local_time":"20210514002512","is_ascension_mode":true,"campfire_choices":[{"data":"Metamorphosis","floor":6.0,"key":"SMITH"},{"data":"Shrug It Off","floor":8.0,"key":"SMITH"},{"data":"Inflame","floor":10.0,"key":"SMITH"},{"data":"Bash","floor":15.0,"key":"SMITH"},{"data":"Havoc","floor":23.0,"key":"SMITH"},{"data":"Warcry","floor":32.0,"key":"SMITH"},{"floor":49,"key":"RECALL"},{"data":"Double Tap","floor":52,"key":"SMITH"}],"neow_cost":"TEN_PERCENT_HP_LOSS","seed_source_timestamp":70536282565500,"circlet_count":0,"master_deck":["Defend_R","Defend_R","Defend_R","Defend_R","Bash+1","Metamorphosis+1","Cleave","Shrug It Off+1","Inflame+1","Warcry+1","Ghostly Armor","Fiend Fire","Havoc+1","Burning Pact","Sever Soul+1","Whirlwind+1","Bloodletting+1","Feed","Double Tap","Madness","Pommel Strike+1","Offering","Double Tap+1","Feel No Pain","Enlightenment","Clothesline+1"],"special_seed":0,"relics":["Burning Blood","Oddly Smooth Stone","Letter Opener","White Beast Statue","MealTicket","Smiling Mask","Coffee Dripper","Pen Nib","Vajra","Red Mask","Akabeko","Bag of Preparation","Boot","Bag of Marbles","Nunchaku","Eternal Feather","Strawberry","Pocketwatch","Orichalcum"],"potions_floor_usage":[41,42,48,48,54,55],"damage_taken":[{"damage":8.0,"enemies":"Jaw Worm","floor":1.0,"turns":5.0},{"damage":10.0,"enemies":"2 Louse","floor":2.0,"turns":3.0},{"damage":0.0,"enemies":"Cultist","floor":3.0,"turns":2.0},{"damage":7.0,"enemies":"Exordium Wildlife","floor":5.0,"turns":6.0},{"damage":35.0,"enemies":"Lagavulin","floor":7.0,"turns":6.0},{"damage":5.0,"enemies":"Looter","floor":11.0,"turns":3.0},{"damage":10.0,"enemies":"3 Sentries","floor":12.0,"turns":6.0},{"damage":10.0,"enemies":"Hexaghost","floor":16.0,"turns":7.0},{"damage":23.0,"enemies":"2 Thieves","floor":18.0,"turns":4.0},{"damage":8.0,"enemies":"Shell Parasite","floor":20.0,"turns":4.0},{"damage":7.0,"enemies":"Masked Bandits","floor":21.0,"turns":4.0},{"damage":20.0,"enemies":"Book of Stabbing","floor":24.0,"turns":4.0},{"damage":23.0,"enemies":"Gremlin Leader","floor":27.0,"turns":4.0},{"damage":3.0,"enemies":"Sentry and Sphere","floor":28.0,"turns":3.0},{"damage":0.0,"enemies":"Slavers","floor":29.0,"turns":2.0},{"damage":7.0,"enemies":"Snecko","floor":31.0,"turns":4.0},{"damage":12.0,"enemies":"Champ","floor":33.0,"turns":4.0},{"damage":24,"enemies":"Orb Walker","floor":35,"turns":4},{"damage":7,"enemies":"3 Shapes","floor":36,"turns":1},{"damage":0,"enemies":"Spire Growth","floor":38,"turns":3},{"damage":15,"enemies":"Nemesis","floor":40,"turns":3},{"damage":3,"enemies":"Maw","floor":41,"turns":5},{"damage":0,"enemies":"Reptomancer","floor":42,"turns":2},{"damage":6,"enemies":"Mind Bloom Boss Battle","floor":44,"turns":7},{"damage":12,"enemies":"3 Darklings","floor":48,"turns":3},{"damage":55,"enemies":"Time Eater","floor":50,"turns":4},{"damage":71,"enemies":"Shield and Spear","floor":54,"turns":5},{"damage":34,"enemies":"The Heart","floor":55,"turns":2}],"seed_played":"-6712280324642302760","potions_obtained":[{"floor":5.0,"key":"SpeedPotion"},{"floor":11.0,"key":"Swift Potion"},{"floor":12.0,"key":"Strength Potion"},{"floor":16.0,"key":"LiquidBronze"},{"floor":20.0,"key":"LiquidMemories"},{"floor":24.0,"key":"Strength Potion"},{"floor":27.0,"key":"DuplicationPotion"},{"floor":31.0,"key":"DistilledChaos"},{"floor":40,"key":"FearPotion"},{"floor":41,"key":"DuplicationPotion"},{"floor":42,"key":"Dexterity Potion"},{"floor":47,"key":"GamblersBrew"},{"floor":48,"key":"Fruit Juice"},{"floor":54,"key":"Dexterity Potion"}],"is_trial":false,"path_per_floor":["M","M","M","?","M","R","E","R","T","R","M","E","?","T","R","B",null,"M","$","M","?","?","R","E","$","T","E","M","E","?","M","R","B",null,"M","M","?","M","T","E","M","E","T","?","$","?","?","M","R","B",null,"R","$","E","B"],"character_chosen":"IRONCLAD","items_purchased":["Pen Nib","Vajra","Burning Pact","Double Tap","Feel No Pain","Enlightenment","BlessingOfTheForge"],"campfire_rested":0,"item_purchase_floors":[19,19,19,45,53,53,53],"current_hp_per_floor":[70,66,72,61,60,60,31,31,31,31,32,28,28,28,28,24,72,55,70,68,67,67,67,53,68,68,51,54,60,60,62,62,56,75,57,56,47,53,53,44,47,63,63,66,81,81,81,80,92,43,93,93,93,28,0],"gold":173,"neow_bonus":"RANDOM_COLORLESS_2","is_prod":false,"is_daily":false,"chose_seed":false,"campfire_upgraded":7,"win_rate":0,"timestamp":1620966312,"path_taken":["M","M","M","?","M","R","E","R","T","R","M","E","?","?","R","BOSS","M","$","M","?","?","R","E","$","T","E","M","E","?","M","R","BOSS","M","M","?","M","?","E","M","E","T","?","$","?","?","M","R","BOSS","R","$","E","BOSS"],"build_version":"2020-12-22","purchased_purges":4,"victory":false,"max_hp_per_floor":[72,72,72,72,72,72,72,72,72,72,72,72,72,72,72,72,72,72,72,72,72,72,72,72,72,72,72,72,72,72,75,75,75,75,75,75,75,75,75,75,75,85,85,88,88,88,88,93,93,93,93,93,93,93,93],"card_choices":[{"not_picked":["Thinking Ahead","Transmutation"],"picked":"Metamorphosis","floor":0.0},{"not_picked":["Pummel","Bloodletting"],"picked":"Cleave","floor":1.0},{"not_picked":["Perfected Strike","Ghostly Armor"],"picked":"Shrug It Off","floor":2.0},{"not_picked":["Thunderclap","Anger"],"picked":"Inflame","floor":3.0},{"not_picked":["Heavy Blade","Feel No Pain"],"picked":"Warcry","floor":5.0},{"not_picked":["Anger","Combust","Clash"],"picked":"SKIP","floor":7.0},{"not_picked":["Entrench","Pommel Strike"],"picked":"Ghostly Armor","floor":11.0},{"not_picked":["Iron Wave","Pommel Strike","Dropkick"],"picked":"SKIP","floor":12.0},{"not_picked":["Reaper","Exhume"],"picked":"Fiend Fire","floor":16.0},{"not_picked":["Iron Wave","Flex"],"picked":"Havoc","floor":18.0},{"not_picked":["Havoc","Perfected Strike"],"picked":"Sever Soul+1","floor":20.0},{"not_picked":["Cleave","Twin Strike"],"picked":"Whirlwind+1","floor":21.0},{"not_picked":["Dropkick","Sever Soul+1","Carnage+1"],"picked":"SKIP","floor":24.0},{"not_picked":["Fire Breathing","Dropkick+1"],"picked":"Bloodletting+1","floor":27.0},{"not_picked":["Second Wind+1","Metallicize"],"picked":"Feed","floor":28.0},{"not_picked":["Anger+1","Rage+1","Fiend Fire"],"picked":"SKIP","floor":29.0},{"not_picked":["Combust","Ghostly Armor","Armaments"],"picked":"SKIP","floor":31.0},{"not_picked":["Reaper","Brutality"],"picked":"Double Tap","floor":33.0},{"not_picked":["Anger+1","Warcry","Clash"],"picked":"SKIP","floor":35},{"not_picked":["Anger","Twin Strike","Body Slam"],"picked":"SKIP","floor":36},{"not_picked":["Exhume","Heavy Blade","Anger"],"picked":"SKIP","floor":38},{"not_picked":["Combust+1","Flex+1"],"picked":"Pommel Strike+1","floor":40},{"not_picked":["Clothesline+1","Pommel Strike","Sword Boomerang+1"],"picked":"SKIP","floor":41},{"not_picked":["Anger+1","Reaper"],"picked":"Offering","floor":42},{"not_picked":["Armaments","Entrench+1","Rage+1"],"picked":"SKIP","floor":48},{"not_picked":["Entrench","Iron Wave"],"picked":"Clothesline+1","floor":54}],"player_experience":352805,"relics_obtained":[{"floor":7.0,"key":"Oddly Smooth Stone"},{"floor":9.0,"key":"Letter Opener"},{"floor":12.0,"key":"White Beast Statue"},{"floor":14.0,"key":"Smiling Mask"},{"floor":21.0,"key":"Red Mask"},{"floor":24.0,"key":"Akabeko"},{"floor":26.0,"key":"Bag of Preparation"},{"floor":27.0,"key":"Boot"},{"floor":29.0,"key":"Bag of Marbles"},{"floor":39,"key":"Nunchaku"},{"floor":40,"key":"Eternal Feather"},{"floor":42,"key":"Strawberry"},{"floor":44,"key":"Pocketwatch"},{"floor":54,"key":"Orichalcum"}],"event_choices":[{"damage_healed":0.0,"max_hp_gain":0.0,"max_hp_loss":0.0,"gold_gain":75.0,"event_name":"World of Goop","player_choice":"Gather Gold","floor":4.0,"gold_loss":0.0,"damage_taken":11.0},{"damage_healed":0.0,"max_hp_gain":0.0,"max_hp_loss":0.0,"gold_gain":0.0,"event_name":"Dead Adventurer","player_choice":"Searched \u00271\u0027 times","floor":13.0,"gold_loss":0.0,"damage_taken":0.0,"relics_obtained":["MealTicket"]},{"damage_healed":0.0,"max_hp_gain":0.0,"max_hp_loss":0.0,"gold_gain":0.0,"event_name":"Masked Bandits","player_choice":"Fought Bandits","floor":21.0,"gold_loss":0.0,"damage_taken":0.0},{"cards_removed":["Strike_R"],"damage_healed":0.0,"max_hp_gain":0.0,"max_hp_loss":0.0,"gold_gain":0.0,"event_name":"Back to Basics","player_choice":"Elegance","floor":22.0,"gold_loss":0.0,"damage_taken":0.0},{"cards_removed":["Strike_R"],"damage_healed":0.0,"max_hp_gain":0.0,"max_hp_loss":0.0,"gold_gain":0.0,"event_name":"Beggar","player_choice":"Gave Gold","floor":30.0,"gold_loss":75.0,"damage_taken":0.0},{"damage_healed":0,"gold_gain":0,"player_choice":"Embrace Madness","damage_taken":9,"max_hp_gain":0,"max_hp_loss":0,"event_name":"Winding Halls","floor":37,"gold_loss":0,"cards_obtained":["Madness","Madness"]},{"damage_healed":0,"gold_gain":0,"player_choice":"Fight","damage_taken":0,"max_hp_gain":0,"max_hp_loss":0,"event_name":"MindBloom","floor":44,"gold_loss":0},{"damage_healed":0,"gold_gain":222,"player_choice":"Wore Mask","damage_taken":0,"max_hp_gain":0,"max_hp_loss":0,"event_name":"Tomb of Lord Red Mask","floor":46,"gold_loss":0},{"damage_healed":0,"gold_gain":0,"player_choice":"Bought 3 Potions","damage_taken":0,"max_hp_gain":0,"max_hp_loss":0,"event_name":"The Woman in Blue","floor":47,"gold_loss":0}],"is_beta":false,"boss_relics":[{"not_picked":["Runic Pyramid","Empty Cage"],"picked":"Coffee Dripper"},{"not_picked":["Pandora\u0027s Box","Runic Dome","Sozu"]}],"items_purged_floors":[19,25,45,53],"is_endless":false,"potions_floor_spawned":[5,11,12,16,18,20,21,24,27,28,29,31,33,35,36,38,40,41,42,44,48,54],"killed_by":"The Heart","ascension_level":3}