{"gold_per_floor":[110,128,143,163,163,163,175,206,206,222,222,222,222,254,254,354,354,372,47,57,5,17,50,50,60,60,73,173,200,200,200,200,299,299,310,324,324,324,153,153,183,195,207,244,268,293,14,33,33,33,33,33,33,58,58],"floor_reached":56,"playtime":2686,"items_purged":["Defend_R","Decay"],"score":1451,"play_id":"3d63405f-6e98-423f-a2b4-54ac2042138c","local_time":"20210514203349","is_ascension_mode":true,"campfire_choices":[{"data":"1","floor":6,"key":"LIFT"},{"data":"2","floor":12,"key":"LIFT"},{"data":"3","floor":15,"key":"LIFT"},{"floor":24,"key":"REST"},{"floor":30,"key":"REST"},{"floor":32,"key":"RECALL"},{"floor":40,"key":"REST"},{"floor":49,"key":"REST"},{"floor":52,"key":"REST"}],"neow_cost":"TEN_PERCENT_HP_LOSS","seed_source_timestamp":0,"circlet_count":0,"master_deck":["Strike_R","Strike_R","Bash","Flame Barrier","Uppercut","True Grit","Wild Strike","Thunderclap","Battle Trance","Pommel Strike","Reaper","Feed","True Grit+1","Iron Wave+1","Spot Weakness+1","Shrug It Off+1","Pommel Strike+1","Dropkick+1","Rage+1","Barricade","Heavy Blade+1","Searing Blow+1","Headbutt+1","Havoc+1","Sadistic Nature","Evolve","Cleave+1","Inflame","Dark Embrace","Thunderclap+1","Sentinel+1"],"special_seed":0,"relics":["Burning Blood","Girya","Toy Ornithopter","Meat on the Bone","White Beast Statue","Fusion Hammer","Paper Frog","Juzu Bracelet","Champion Belt","Darkstone Periapt","FossilizedHelix","Letter Opener","Ornamental Fan","Singing Bowl","Astrolabe","MawBank","Centennial Puzzle","TungstenRod","Lizard Tail"],"potions_floor_usage":[3,8,8,14,16,18,20,28,44,50,54,54,54,55],"damage_taken":[{"damage":1,"enemies":"Cultist","floor":1,"turns":3},{"damage":3,"enemies":"Small Slimes","floor":2,"turns":4},{"damage":11,"enemies":"Jaw Worm","floor":3,"turns":4},{"damage":10,"enemies":"Red Slaver","floor":4,"turns":6},{"damage":5,"enemies":"Blue Slaver","floor":7,"turns":4},{"damage":8,"enemies":"Gremlin Nob","floor":8,"turns":3},{"damage":10,"enemies":"Exordium Thugs","floor":10,"turns":5},{"damage":16,"enemies":"Lagavulin","floor":14,"turns":4},{"damage":88,"enemies":"The Guardian","floor":16,"turns":13},{"damage":15,"enemies":"3 Byrds","floor":18,"turns":2},{"damage":9,"enemies":"Shell Parasite","floor":20,"turns":4},{"damage":39,"enemies":"Cultist and Chosen","floor":22,"turns":8},{"damage":32,"enemies":"Gremlin Leader","floor":23,"turns":8},{"damage":19,"enemies":"Shelled Parasite and Fungi","floor":25,"turns":6},{"damage":10,"enemies":"3 Cultists","floor":27,"turns":4},{"damage":13,"enemies":"Colosseum Slavers","floor":28,"turns":3},{"damage":9,"enemies":"Colosseum Nobs","floor":28,"turns":4},{"damage":31,"enemies":"Book of Stabbing","floor":29,"turns":5},{"damage":50,"enemies":"Champ","floor":33,"turns":10},{"damage":2,"enemies":"3 Shapes","floor":35,"turns":2},{"damage":0,"enemies":"Orb Walker","floor":36,"turns":2},{"damage":37,"enemies":"Nemesis","floor":41,"turns":7},{"damage":49,"enemies":"Reptomancer","floor":44,"turns":5},{"damage":0,"enemies":"Jaw Worm Horde","floor":45,"turns":3},{"damage":7,"enemies":"Maw","floor":46,"turns":7},{"damage":13,"enemies":"4 Shapes","floor":48,"turns":5},{"damage":97,"enemies":"Awakened One","floor":50,"turns":10},{"damage":65,"enemies":"Shield and Spear","floor":54,"turns":6},{"damage":185,"enemies":"The Heart","floor":55,"turns":11}],"seed_played":"4913870867988265266","potions_obtained":[{"floor":2,"key":"Weak Potion"},{"floor":3,"key":"GamblersBrew"},{"floor":7,"key":"EntropicBrew"},{"floor":14,"key":"LiquidBronze"},{"floor":16,"key":"CultistPotion"},{"floor":18,"key":"Block Potion"},{"floor":20,"key":"Explosive Potion"},{"floor":22,"key":"FairyPotion"},{"floor":28,"key":"Swift Potion"},{"floor":29,"key":"AttackPotion"},{"floor":33,"key":"EntropicBrew"},{"floor":44,"key":"Weak Potion"},{"floor":54,"key":"Regen Potion"}],"is_trial":false,"path_per_floor":["M","M","M","M","?","R","M","E","T","M","?","R","?","E","R","B",null,"M","$","M","?","M","E","R","M","T","M","?","E","R","?","R","B",null,"M","M","?","?","$","R","E","?","T","E","M","M","$","M","R","B",null,"R","$","E","B",null],"character_chosen":"IRONCLAD","items_purchased":["Paper Frog","Evolve","TungstenRod"],"campfire_rested":5,"item_purchase_floors":[19,39,47],"current_hp_per_floor":[72,72,67,63,45,45,46,49,49,45,38,38,43,50,50,35,77,70,70,77,77,53,52,76,66,66,85,86,61,88,88,88,55,92,95,97,91,97,97,107,81,81,81,72,81,80,80,109,118,44,118,118,118,69,72],"gold":58,"neow_bonus":"REMOVE_TWO","is_prod":false,"is_daily":false,"chose_seed":false,"campfire_upgraded":0,"win_rate":0,"timestamp":1621038829,"path_taken":["M","?","M","M","?","R","M","E","T","M","?","R","?","E","R","BOSS","M","$","M","?","M","E","R","M","T","M","?","E","R","?","R","BOSS","M","M","?","?","$","R","E","?","T","E","M","M","$","M","R","BOSS","R","$","E","BOSS"],"build_version":"2020-12-22","purchased_purges":2,"victory":true,"max_hp_per_floor":[72,72,72,72,72,72,72,72,72,72,72,72,77,77,77,77,77,77,77,77,77,77,80,80,83,83,86,92,92,92,92,92,92,92,95,97,101,107,107,107,112,112,112,112,115,115,115,118,118,118,118,118,118,118,118],"card_choices":[{"not_picked":["Havoc","Twin Strike"],"picked":"Flame Barrier","floor":1},{"not_picked":["Twin Strike","Wild Strike"],"picked":"Uppercut","floor":2},{"not_picked":["Exhume","Entrench"],"picked":"True Grit","floor":3},{"not_picked":["Sword Boomerang","Seeing Red"],"picked":"Wild Strike","floor":4},{"not_picked":["Warcry","Wild Strike"],"picked":"Thunderclap","floor":7},{"not_picked":["Sword Boomerang","Sentinel"],"picked":"Battle Trance","floor":8},{"not_picked":["Iron Wave","Heavy Blade"],"picked":"Pommel Strike","floor":10},{"not_picked":["Second Wind","Armaments"],"picked":"Reaper","floor":14},{"not_picked":["Impervious","Corruption"],"picked":"Feed","floor":16},{"not_picked":["Headbutt","Body Slam"],"picked":"True Grit+1","floor":18},{"not_picked":["Dual Wield","Pommel Strike"],"picked":"Iron Wave+1","floor":20},{"not_picked":["Flex","Pummel"],"picked":"Spot Weakness+1","floor":22},{"not_picked":["Warcry","Thunderclap","Rupture"],"picked":"SKIP","floor":23},{"not_picked":["Burning Pact","Heavy Blade"],"picked":"Shrug It Off+1","floor":25},{"not_picked":["Headbutt","Sever Soul+1"],"picked":"Pommel Strike+1","floor":27},{"not_picked":["Wild Strike","Reaper"],"picked":"Dropkick+1","floor":28},{"not_picked":["Dark Embrace","Heavy Blade"],"picked":"Rage+1","floor":29},{"not_picked":["Feed","Bludgeon"],"picked":"Barricade","floor":33},{"not_picked":["Clash+1","Thunderclap+1"],"picked":"Havoc+1","floor":35},{"not_picked":["Pommel Strike+1","Warcry","Twin Strike+1"],"picked":"Singing Bowl","floor":36},{"not_picked":["Dramatic Entrance","Deep Breath","Forethought"],"picked":"Singing Bowl","floor":37},{"not_picked":["Impatience","Deep Breath","Bandage Up"],"picked":"Singing Bowl","floor":37},{"not_picked":["Chrysalis","Dramatic Entrance"],"picked":"Sadistic Nature","floor":37},{"not_picked":["Combust","Seeing Red","Cleave"],"picked":"Singing Bowl","floor":41},{"not_picked":["Pommel Strike+1","Reckless Charge"],"picked":"Cleave+1","floor":44},{"not_picked":["Clothesline","Shrug It Off+1"],"picked":"Inflame","floor":45},{"not_picked":["Twin Strike+1","Havoc"],"picked":"Dark Embrace","floor":46},{"not_picked":["Warcry+1","Sword Boomerang"],"picked":"Thunderclap+1","floor":48},{"not_picked":["Dark Embrace+1","Thunderclap+1"],"picked":"Sentinel+1","floor":54}],"player_experience":355774,"relics_obtained":[{"floor":8,"key":"Toy Ornithopter"},{"floor":9,"key":"Meat on the Bone"},{"floor":14,"key":"White Beast Statue"},{"floor":23,"key":"Champion Belt"},{"floor":26,"key":"Darkstone Periapt"},{"floor":28,"key":"FossilizedHelix"},{"floor":28,"key":"Letter Opener"},{"floor":29,"key":"Ornamental Fan"},{"floor":31,"key":"Singing Bowl"},{"floor":41,"key":"MawBank"},{"floor":44,"key":"Centennial Puzzle"},{"floor":54,"key":"Lizard Tail"}],"event_choices":[{"damage_healed":0,"gold_gain":0,"player_choice":"Success","damage_taken":18,"relics_obtained":["Girya"],"max_hp_gain":0,"max_hp_loss":0,"event_name":"Scrap Ooze","floor":5,"gold_loss":0},{"cards_removed":["Strike_R"],"damage_healed":0,"gold_gain":0,"player_choice":"Card Removal","damage_taken":7,"max_hp_gain":0,"max_hp_loss":0,"event_name":"Golden Wing","floor":11,"gold_loss":0},{"damage_healed":0,"gold_gain":0,"player_choice":"Donut","damage_taken":0,"max_hp_gain":5,"max_hp_loss":0,"event_name":"Big Fish","floor":13,"gold_loss":0},{"damage_healed":0,"gold_gain":0,"player_choice":"Paid Gold","damage_taken":0,"relics_obtained":["Juzu Bracelet"],"max_hp_gain":0,"max_hp_loss":0,"event_name":"WeMeetAgain","floor":21,"gold_loss":52},{"damage_healed":0,"gold_gain":0,"player_choice":"Fight","damage_taken":0,"max_hp_gain":0,"max_hp_loss":0,"event_name":"Colosseum","floor":28,"gold_loss":0},{"damage_healed":0,"gold_gain":0,"player_choice":"Fought Nobs","damage_taken":0,"max_hp_gain":0,"max_hp_loss":0,"event_name":"Colosseum","floor":28,"gold_loss":0},{"damage_healed":0,"gold_gain":0,"player_choice":"Relic","damage_taken":0,"max_hp_gain":0,"max_hp_loss":0,"event_name":"Wheel of Change","floor":31,"gold_loss":0},{"damage_healed":0,"gold_gain":0,"player_choice":"Memory 3","damage_taken":10,"max_hp_gain":0,"max_hp_loss":0,"event_name":"SensoryStone","floor":37,"gold_loss":0},{"damage_healed":0,"gold_gain":0,"player_choice":"Cursed","damage_taken":0,"max_hp_gain":0,"max_hp_loss":0,"event_name":"Wheel of Change","floor":38,"gold_loss":0,"cards_obtained":["Decay"]},{"damage_healed":0,"gold_gain":0,"player_choice":"Ignored","damage_taken":0,"max_hp_gain":0,"max_hp_loss":0,"event_name":"SecretPortal","floor":42,"gold_loss":0}],"is_beta":false,"boss_relics":[{"not_picked":["Mark of Pain","Runic Cube"],"picked":"Fusion Hammer"},{"not_picked":["Runic Dome","SlaversCollar"],"picked":"Astrolabe"}],"items_purged_floors":[19,39],"is_endless":false,"potions_floor_spawned":[2,3,7,14,16,18,20,22,23,25,27,28,28,29,33,35,36,41,44,45,46,48,54],"ascension_level":3}