{"gold_per_floor":[211,226,3,14,32,32,57,72,72,98,113,113,63,97,97,198,198,153,153,153,68,68,68,68,68,68,68,68,68,68,68,68,68],"floor_reached":33,"playtime":1361,"items_purged":[],"score":449,"play_id":"e26590a0-c278-4f6f-a08d-187ffdf8fc42","local_time":"20210701135409","is_ascension_mode":true,"campfire_choices":[{"data":"Searing Blow","floor":6,"key":"SMITH"},{"floor":12,"key":"REST"},{"data":"Searing Blow+1","floor":15,"key":"SMITH"},{"data":"Searing Blow+2","floor":23,"key":"SMITH"},{"data":"Searing Blow+3","floor":27,"key":"SMITH"},{"data":"Searing Blow+4","floor":30,"key":"SMITH"},{"data":"Searing Blow+5","floor":32,"key":"SMITH"}],"neow_cost":"NONE","seed_source_timestamp":1384808354059000,"circlet_count":0,"master_deck":["Strike_R","Strike_R","Strike_R","Defend_R","Defend_R","Defend_R","Defend_R","Bash","Rampage","Searing Blow+6","Feel No Pain","Wild Strike","Uppercut","True Grit","Flame Barrier","Metallicize","Inflame","Limit Break","Shockwave","Spot Weakness","Ghostly","Ghostly","Ghostly","Ghostly","Ghostly"],"relics":["Burning Blood","Happy Flower","Centennial Puzzle","InkBottle","Mummified Hand","Meat on the Bone","Ectoplasm","TungstenRod","Paper Frog","PreservedInsect","Question Card","Toy Ornithopter"],"potions_floor_usage":[7,29,33,33],"damage_taken":[{"damage":1,"enemies":"Cultist","floor":1,"turns":4},{"damage":3,"enemies":"2 Louse","floor":2,"turns":3},{"damage":0,"enemies":"Small Slimes","floor":4,"turns":3},{"damage":17,"enemies":"Looter","floor":5,"turns":3},{"damage":29,"enemies":"3 Sentries","floor":7,"turns":8},{"damage":13,"enemies":"Lots of Slimes","floor":8,"turns":5},{"damage":19,"enemies":"Gremlin Nob","floor":10,"turns":4},{"damage":7,"enemies":"Blue Slaver","floor":11,"turns":4},{"damage":12,"enemies":"Lagavulin","floor":14,"turns":5},{"damage":15,"enemies":"Slime Boss","floor":16,"turns":9},{"damage":23,"enemies":"2 Thieves","floor":18,"turns":4},{"damage":5,"enemies":"3 Byrds","floor":20,"turns":3},{"damage":27,"enemies":"Gremlin Leader","floor":25,"turns":6},{"damage":0,"enemies":"Snake Plant","floor":28,"turns":1},{"damage":29,"enemies":"Book of Stabbing","floor":29,"turns":5},{"damage":41,"enemies":"Automaton","floor":33,"turns":6}],"seed_played":"814713289408229442","potions_obtained":[{"floor":4,"key":"SteroidPotion"},{"floor":8,"key":"Swift Potion"},{"floor":10,"key":"DuplicationPotion"},{"floor":16,"key":"Dexterity Potion"},{"floor":28,"key":"EntropicBrew"},{"floor":29,"key":"GamblersBrew"}],"is_trial":false,"path_per_floor":["M","M","$","M","M","R","E","M","T","E","M","R","?","E","R","B",null,"M","?","M","?","?","R","T","E","T","R","M","E","R","?","R","B"],"character_chosen":"IRONCLAD","items_purchased":["Happy Flower","Feel No Pain"],"campfire_rested":1,"item_purchase_floors":[3,3],"current_hp_per_floor":[77,80,80,80,69,69,46,39,39,26,25,49,49,43,43,46,72,55,55,56,56,56,56,56,47,47,47,53,42,42,40,40,0],"gold":68,"neow_bonus":"HUNDRED_GOLD","is_prod":false,"is_daily":false,"chose_seed":false,"campfire_upgraded":6,"win_rate":0,"timestamp":1625162049,"path_taken":["M","M","$","M","M","R","E","M","T","E","M","R","?","E","R","BOSS","M","?","M","?","?","R","?","E","T","R","?","E","R","?","R","BOSS"],"build_version":"2020-12-22","purchased_purges":0,"victory":false,"max_hp_per_floor":[80,80,80,80,80,80,80,80,80,80,80,80,80,80,80,80,80,80,80,80,80,80,80,80,80,80,80,80,80,80,40,40,40],"card_choices":[{"not_picked":["Thunderclap","Inflame"],"picked":"Rampage","floor":1},{"not_picked":["Iron Wave","Dark Embrace"],"picked":"Searing Blow","floor":2},{"not_picked":["Clash","Perfected Strike"],"picked":"Wild Strike","floor":4},{"not_picked":["Seeing Red","Iron Wave"],"picked":"Uppercut","floor":5},{"not_picked":["Intimidate","Thunderclap"],"picked":"True Grit","floor":7},{"not_picked":["Thunderclap","Burning Pact"],"picked":"Flame Barrier","floor":8},{"not_picked":["Brutality","Seeing Red"],"picked":"Metallicize","floor":10},{"not_picked":["True Grit","Warcry","Cleave"],"picked":"SKIP","floor":11},{"not_picked":["Headbutt","Rupture"],"picked":"Inflame","floor":14},{"not_picked":["Offering","Impervious"],"picked":"Limit Break","floor":16},{"not_picked":["Blood for Blood+1","Anger","Clash"],"picked":"SKIP","floor":18},{"not_picked":["Searing Blow","Sword Boomerang","Cleave"],"picked":"SKIP","floor":20},{"not_picked":["Dark Embrace","Dual Wield","Armaments"],"picked":"SKIP","floor":25},{"not_picked":["Shrug It Off","Twin Strike","Clash"],"picked":"Shockwave","floor":28},{"not_picked":["Clash","Entrench","Dropkick"],"picked":"Spot Weakness","floor":29}],"player_experience":420955,"relics_obtained":[{"floor":7,"key":"Centennial Puzzle"},{"floor":9,"key":"InkBottle"},{"floor":10,"key":"Mummified Hand"},{"floor":14,"key":"Meat on the Bone"},{"floor":24,"key":"Paper Frog"},{"floor":25,"key":"PreservedInsect"},{"floor":26,"key":"Question Card"},{"floor":29,"key":"Toy Ornithopter"}],"event_choices":[{"cards_removed":["Strike_R"],"damage_healed":0,"gold_gain":0,"player_choice":"Card Removal","damage_taken":0,"max_hp_gain":0,"max_hp_loss":0,"event_name":"The Cleric","floor":13,"gold_loss":50},{"cards_removed":["Strike_R"],"damage_healed":0,"gold_gain":0,"player_choice":"Elegance","damage_taken":0,"max_hp_gain":0,"max_hp_loss":0,"event_name":"Back to Basics","floor":19,"gold_loss":0},{"damage_healed":0,"gold_gain":0,"player_choice":"Obtained Relic","damage_taken":0,"relics_obtained":["TungstenRod"],"max_hp_gain":0,"max_hp_loss":0,"event_name":"Addict","floor":21,"gold_loss":85},{"damage_healed":0,"gold_gain":99,"player_choice":"Stole From Cult","damage_taken":0,"max_hp_gain":0,"max_hp_loss":0,"event_name":"Nest","floor":22,"gold_loss":0},{"damage_healed":0,"gold_gain":0,"player_choice":"Became a Ghost","damage_taken":0,"max_hp_gain":0,"max_hp_loss":40,"event_name":"Ghosts","floor":31,"gold_loss":0,"cards_obtained":["Ghostly","Ghostly","Ghostly","Ghostly","Ghostly"]}],"is_beta":false,"boss_relics":[{"not_picked":["Runic Pyramid","Fusion Hammer"],"picked":"Ectoplasm"}],"items_purged_floors":[],"is_endless":false,"potions_floor_spawned":[4,8,10,16,28,29],"killed_by":"Automaton","ascension_level":8}