{"gold_per_floor":[13,29,39,50,67,67,93,93,166,198,198,223,235,197,209,324,336,363,391,403,425,449,487,130,130,130,130,160,174,190,207,207,306,306,320,337,387,398,298,332,332,343,343,343,343,343,353,401,401,401,401,401,152,181,181],"floor_reached":56,"playtime":3011,"items_purged":["Reckless Charge","Strike_R","Spot Weakness"],"score":1625,"play_id":"66b796f9-908d-4d05-861f-6d9fe4ac0261","local_time":"20210703133255","is_ascension_mode":true,"campfire_choices":[{"data":"Searing Blow","floor":6.0,"key":"SMITH"},{"data":"Searing Blow+1","floor":8,"key":"SMITH"},{"data":"Searing Blow+2","floor":11,"key":"SMITH"},{"data":"Searing Blow+3","floor":13,"key":"SMITH"},{"data":"Searing Blow+4","floor":15,"key":"SMITH"},{"data":"Searing Blow+5","floor":25,"key":"SMITH"},{"data":"Searing Blow+6","floor":27,"key":"SMITH"},{"data":"Searing Blow+7","floor":32,"key":"SMITH"},{"data":"Searing Blow+8","floor":41,"key":"SMITH"},{"data":"Searing Blow+9","floor":44,"key":"SMITH"},{"data":"Searing Blow+10","floor":45,"key":"SMITH"},{"data":"Searing Blow+11","floor":46,"key":"SMITH"},{"floor":49,"key":"RECALL"},{"data":"Searing Blow+12","floor":52,"key":"SMITH"}],"neow_cost":"NO_GOLD","seed_source_timestamp":1554634822682800,"circlet_count":0,"master_deck":["Defend_R","Defend_R","Defend_R","Bash","Metallicize","Pommel Strike","Shrug It Off","Searing Blow+13","Shockwave","Shrug It Off","Thunderclap","Seeing Red+1","Flame Barrier","Offering","Evolve+1","Headbutt+1","Disarm+1","Impervious","Searing Blow+13"],"special_seed":0,"relics":["Burning Blood","Bottled Lightning","Meat on the Bone","Pocketwatch","MawBank","Empty Cage","Bag of Preparation","ClockworkSouvenir","Bronze Scales","Darkstone Periapt","Velvet Choker","WingedGreaves","Ornamental Fan","Smiling Mask","Gambling Chip","DollysMirror","Anchor"],"potions_floor_usage":[33,50,55,55],"damage_taken":[{"damage":0.0,"enemies":"Cultist","floor":1.0,"turns":3.0},{"damage":1.0,"enemies":"Small Slimes","floor":2.0,"turns":4.0},{"damage":6.0,"enemies":"2 Louse","floor":3.0,"turns":2.0},{"damage":15.0,"enemies":"Large Slime","floor":4.0,"turns":10.0},{"damage":21.0,"enemies":"Lots of Slimes","floor":5.0,"turns":5.0},{"damage":25.0,"enemies":"3 Sentries","floor":7.0,"turns":9.0},{"damage":20,"enemies":"Gremlin Nob","floor":10,"turns":4},{"damage":9,"enemies":"3 Sentries","floor":12,"turns":5},{"damage":11,"enemies":"Hexaghost","floor":16,"turns":7},{"damage":15,"enemies":"Shell Parasite","floor":18,"turns":3},{"damage":0,"enemies":"Spheric Guardian","floor":19,"turns":3},{"damage":15,"enemies":"Snake Plant","floor":21,"turns":3},{"damage":22,"enemies":"Sentry and Sphere","floor":22,"turns":6},{"damage":28,"enemies":"Book of Stabbing","floor":23,"turns":5},{"damage":19,"enemies":"Slavers","floor":28,"turns":7},{"damage":0,"enemies":"Snecko","floor":29,"turns":3},{"damage":2,"enemies":"Shelled Parasite and Fungi","floor":30,"turns":3},{"damage":0,"enemies":"Cultist and Chosen","floor":31,"turns":4},{"damage":55,"enemies":"Champ","floor":33,"turns":7},{"damage":10,"enemies":"3 Darklings","floor":35,"turns":8},{"damage":0,"enemies":"3 Shapes","floor":36,"turns":4},{"damage":0,"enemies":"Mind Bloom Boss Battle","floor":37,"turns":3},{"damage":3,"enemies":"Jaw Worm Horde","floor":38,"turns":3},{"damage":0,"enemies":"Nemesis","floor":40,"turns":3},{"damage":6,"enemies":"4 Shapes","floor":42,"turns":3},{"damage":4,"enemies":"Writhing Mass","floor":47,"turns":2},{"damage":0,"enemies":"2 Orb Walkers","floor":48,"turns":2},{"damage":32,"enemies":"Awakened One","floor":50,"turns":4},{"damage":1,"enemies":"Shield and Spear","floor":54,"turns":3},{"damage":38,"enemies":"The Heart","floor":55,"turns":4}],"seed_played":"1737661830459332128","potions_obtained":[{"floor":1.0,"key":"GamblersBrew"},{"floor":7,"key":"FearPotion"},{"floor":10,"key":"SmokeBomb"},{"floor":16,"key":"LiquidMemories"},{"floor":33,"key":"Regen Potion"},{"floor":47,"key":"DuplicationPotion"}],"is_trial":false,"path_per_floor":["M","M","M","M","M","R","E","R","T","E","R","E","R","?","R","B",null,"M","M","?","M","M","E","$","R","T","R","E","M","M","M","R","B",null,"M","M","?","M","$","E","R","M","T","R","R","R","M","?","R","B",null,"R","$","E","B",null],"character_chosen":"IRONCLAD","items_purchased":["ClockworkSouvenir","Bronze Scales","DollysMirror","Energy Potion"],"campfire_rested":0,"item_purchase_floors":[24,24,53,53],"current_hp_per_floor":[78,80,80,71,56,56,37,37,37,35,35,44,44,44,44,51,73,64,70,70,61,57,47,47,47,47,47,46,52,56,62,62,25,66,62,68,74,77,77,80,80,80,80,80,80,80,80,80,80,54,74,74,74,79,47],"gold":181,"neow_bonus":"TRANSFORM_TWO_CARDS","is_prod":false,"is_daily":false,"chose_seed":false,"campfire_upgraded":13,"win_rate":0,"timestamp":1625333575,"path_taken":["M","M","?","M","M","R","E","R","T","E","R","E","R","?","R","BOSS","M","M","?","M","M","E","?","R","T","R","E","M","M","M","R","BOSS","M","M","?","M","$","E","R","M","T","R","R","R","M","?","R","BOSS","R","$","E","BOSS"],"build_version":"2020-12-22","purchased_purges":3,"victory":true,"max_hp_per_floor":[80,80,80,80,80,80,80,80,80,80,80,80,80,80,80,80,80,80,80,80,80,80,80,80,80,80,80,80,80,80,80,80,80,80,80,80,80,80,80,80,80,80,80,80,80,80,80,80,80,80,80,80,80,80,80],"card_choices":[{"not_picked":["Clothesline","Warcry"],"picked":"Spot Weakness","floor":1.0},{"not_picked":["Headbutt","Sentinel"],"picked":"Pommel Strike","floor":2.0},{"not_picked":["Clash","Armaments"],"picked":"Shrug It Off","floor":3.0},{"not_picked":["Spot Weakness","Clash"],"picked":"Searing Blow","floor":4.0},{"not_picked":["Clash","Anger"],"picked":"Shockwave","floor":5.0},{"not_picked":["Bloodletting","Rampage","Seeing Red"],"picked":"SKIP","floor":7},{"not_picked":["Clothesline","Spot Weakness","Blood for Blood"],"picked":"SKIP","floor":10},{"not_picked":["Heavy Blade","Dark Embrace","Exhume"],"picked":"SKIP","floor":12},{"not_picked":["Metallicize","Armaments"],"picked":"Shrug It Off","floor":18},{"not_picked":["Dual Wield","Infernal Blade","Rage+1"],"picked":"SKIP","floor":19},{"not_picked":["Inflame+1","Shockwave+1"],"picked":"Thunderclap","floor":21},{"not_picked":["Sword Boomerang","Wild Strike","Cleave"],"picked":"SKIP","floor":22},{"not_picked":["Cleave","Immolate","Iron Wave"],"picked":"SKIP","floor":23},{"not_picked":["Shrug It Off","Clash","Perfected Strike"],"picked":"SKIP","floor":28},{"not_picked":["Clothesline","Warcry"],"picked":"Seeing Red+1","floor":29},{"not_picked":["Thunderclap","Seeing Red","Pommel Strike+1"],"picked":"SKIP","floor":30},{"not_picked":["Heavy Blade","Anger+1"],"picked":"Flame Barrier","floor":31},{"not_picked":["Feed","Brutality"],"picked":"Offering","floor":33},{"not_picked":["Rupture+1","Havoc","Inflame+1"],"picked":"SKIP","floor":35},{"not_picked":["Thunderclap","Flex+1"],"picked":"Evolve+1","floor":36},{"not_picked":["Pommel Strike","Infernal Blade"],"picked":"Headbutt+1","floor":37},{"not_picked":["Havoc","Warcry"],"picked":"Disarm+1","floor":38},{"not_picked":["Clothesline+1","Anger+1","Shockwave"],"picked":"SKIP","floor":40},{"not_picked":["Wild Strike","Anger"],"picked":"Impervious","floor":42},{"not_picked":["Shrug It Off+1","Armaments","Feel No Pain"],"picked":"SKIP","floor":47},{"not_picked":["Spot Weakness+1","Burning Pact+1","Corruption"],"picked":"SKIP","floor":54}],"player_experience":427225,"relics_obtained":[{"floor":7,"key":"Bottled Lightning"},{"floor":9,"key":"Meat on the Bone"},{"floor":10,"key":"Pocketwatch"},{"floor":12,"key":"MawBank"},{"floor":23,"key":"Bag of Preparation"},{"floor":28,"key":"Darkstone Periapt"},{"floor":37,"key":"WingedGreaves"},{"floor":40,"key":"Ornamental Fan"},{"floor":43,"key":"Smiling Mask"},{"floor":48,"key":"Gambling Chip"},{"floor":54,"key":"Anchor"}],"event_choices":[{"cards_removed":["Strike_R"],"damage_healed":0,"gold_gain":0,"player_choice":"Card Removal","damage_taken":0,"max_hp_gain":0,"max_hp_loss":0,"event_name":"The Cleric","floor":14,"gold_loss":50},{"damage_healed":0,"gold_gain":0,"player_choice":"Got Potions","damage_taken":0,"max_hp_gain":0,"max_hp_loss":0,"event_name":"Lab","floor":20,"gold_loss":0},{"damage_healed":0,"gold_gain":0,"player_choice":"Fight","damage_taken":0,"max_hp_gain":0,"max_hp_loss":0,"event_name":"MindBloom","floor":37,"gold_loss":0},{"damage_healed":0,"gold_gain":0,"player_choice":"Fight","damage_taken":0,"max_hp_gain":0,"max_hp_loss":0,"event_name":"Mysterious Sphere","floor":48,"gold_loss":0}],"is_beta":false,"boss_relics":[{"not_picked":["Black Star","Tiny House"],"picked":"Empty Cage"},{"not_picked":["Sozu","Busted Crown"],"picked":"Velvet Choker"}],"items_purged_floors":[24,39,53],"is_endless":false,"potions_floor_spawned":[1,7,10,16,19,23,29,30,33,36,37,40,47,48],"ascension_level":8}