{"gold_per_floor":[11,11,11,24,38,38,78,78,78,118,118,132,145,160,160,160],"floor_reached":16,"playtime":487,"items_purged":[],"score":168,"play_id":"9b66adc5-740e-419a-be42-435735f36da7","local_time":"20210716115546","is_ascension_mode":true,"campfire_choices":[{"data":"Uppercut","floor":6.0,"key":"SMITH"},{"data":"Wild Strike","floor":8.0,"key":"SMITH"},{"data":"Flame Barrier","floor":15.0,"key":"SMITH"}],"neow_cost":"NO_GOLD","seed_source_timestamp":120737890469100,"circlet_count":0,"master_deck":["AscendersBane","Strike_R","Strike_R","Strike_R","Strike_R","Defend_R","Defend_R","Defend_R","Defend_R","Bash","Fiend Fire+1","Pommel Strike","Uppercut+1","Wild Strike+1","Cleave","Flame Barrier+1"],"special_seed":0,"relics":["Burning Blood","Golden Idol","Pantograph","Eternal Feather","Gambling Chip"],"potions_floor_usage":[16,16],"damage_taken":[{"damage":11.0,"enemies":"Jaw Worm","floor":1.0,"turns":4.0},{"damage":1.0,"enemies":"2 Louse","floor":4.0,"turns":2.0},{"damage":0.0,"enemies":"Cultist","floor":5.0,"turns":2.0},{"damage":25.0,"enemies":"3 Sentries","floor":7.0,"turns":6.0},{"damage":25.0,"enemies":"Lagavulin","floor":10.0,"turns":5.0},{"damage":5.0,"enemies":"2 Fungi Beasts","floor":12.0,"turns":3.0},{"damage":14.0,"enemies":"Red Slaver","floor":13.0,"turns":2.0},{"damage":6.0,"enemies":"Looter","floor":14.0,"turns":3.0},{"damage":63,"enemies":"Hexaghost","floor":16,"turns":11}],"seed_played":"4043757590745139163","potions_obtained":[{"floor":1.0,"key":"Regen Potion"},{"floor":7.0,"key":"DuplicationPotion"},{"floor":13.0,"key":"DistilledChaos"},{"floor":14.0,"key":"FearPotion"}],"is_trial":false,"path_per_floor":["M","?","?","M","M","R","E","R","T","E","?","M","M","M","R","B"],"character_chosen":"IRONCLAD","items_purchased":[],"campfire_rested":0,"item_purchase_floors":[],"current_hp_per_floor":[67,67,47,52,58,58,39,39,39,32,32,33,25,25,34,0],"gold":160,"neow_bonus":"THREE_RARE_CARDS","is_prod":false,"is_daily":false,"chose_seed":false,"campfire_upgraded":3,"win_rate":0,"timestamp":1626450946,"path_taken":["M","?","?","M","M","R","E","R","T","E","?","?","M","M","R","BOSS"],"build_version":"2020-12-22","purchased_purges":0,"victory":false,"max_hp_per_floor":[80,80,80,80,80,80,80,80,80,80,80,80,80,80,80,80],"card_choices":[{"not_picked":["Offering","Limit Break"],"picked":"Fiend Fire","floor":0.0},{"not_picked":["Combust","Twin Strike"],"picked":"Pommel Strike","floor":1.0},{"not_picked":["Flex","Havoc","Anger"],"picked":"SKIP","floor":4.0},{"not_picked":["Anger","Flex"],"picked":"Uppercut","floor":5.0},{"not_picked":["Havoc","Rupture"],"picked":"Wild Strike","floor":7.0},{"not_picked":["Twin Strike","Thunderclap"],"picked":"Cleave","floor":10.0},{"not_picked":["Wild Strike","Headbutt","Pommel Strike"],"picked":"SKIP","floor":12.0},{"not_picked":["Exhume","True Grit","Rage"],"picked":"SKIP","floor":13.0},{"not_picked":["Clothesline","Carnage"],"picked":"Flame Barrier","floor":14.0}],"player_experience":482086,"relics_obtained":[{"floor":7.0,"key":"Pantograph"},{"floor":9.0,"key":"Eternal Feather"},{"floor":10.0,"key":"Gambling Chip"}],"event_choices":[{"damage_healed":0.0,"max_hp_gain":0.0,"max_hp_loss":0.0,"gold_gain":0.0,"event_name":"Living Wall","player_choice":"Grow","floor":2.0,"gold_loss":0.0,"damage_taken":0.0,"cards_upgraded":["Fiend Fire"]},{"damage_healed":0.0,"max_hp_gain":0.0,"max_hp_loss":0.0,"gold_gain":0.0,"event_name":"Golden Idol","player_choice":"Take Damage","floor":3.0,"gold_loss":0.0,"damage_taken":20.0,"relics_obtained":["Golden Idol"]},{"cards_removed":["Strike_R"],"damage_healed":0.0,"max_hp_gain":0.0,"max_hp_loss":0.0,"gold_gain":0.0,"event_name":"Bonfire Elementals","player_choice":"Offered Basic","floor":11.0,"gold_loss":0.0,"damage_taken":0.0}],"is_beta":false,"boss_relics":[],"items_purged_floors":[],"is_endless":false,"potions_floor_spawned":[1,7,13,14],"killed_by":"Hexaghost","ascension_level":10}