{"gold_per_floor":[111,129,129,148,159,159,191,206,206,206,59,59,69,100,100,197,197,208,423,15,15,32,60,60,95,95,111,111,111,121,136,136,239,239,258,278,278,278,292,323,385,428,440,478,490,519,40,53,53,53],"floor_reached":51,"playtime":5708,"items_purged":["Strike_R","Rampage+1","Fire Breathing"],"score":1229,"play_id":"f88221ec-7dc8-4065-8fbd-6aa1dc43766c","local_time":"20210721232257","is_ascension_mode":true,"campfire_choices":[{"data":"Bash","floor":6.0,"key":"SMITH"},{"data":"Battle Trance","floor":10.0,"key":"SMITH"},{"data":"Shockwave","floor":15.0,"key":"SMITH"},{"data":"True Grit","floor":24.0,"key":"SMITH"},{"data":"Offering","floor":29.0,"key":"SMITH"},{"data":"Impervious","floor":32.0,"key":"SMITH"},{"data":"Limit Break","floor":45.0,"key":"SMITH"},{"data":"Battle Trance","floor":49,"key":"SMITH"}],"neow_cost":"NONE","seed_source_timestamp":0,"circlet_count":0,"master_deck":["AscendersBane","Bash+1","Shrug It Off+1","Ghostly Armor","Twin Strike+1","Carnage+1","Battle Trance+1","Fire Breathing","Blood for Blood+1","Shockwave+1","Offering+1","Dark Embrace+1","Twin Strike+1","Heavy Blade+1","Second Wind","Fiend Fire+1","True Grit+1","Impervious+1","Wild Strike+1","Spot Weakness","J.A.X.","Feel No Pain+1","Body Slam+1","Reaper+1","CurseOfTheBell","Shrug It Off+1","Limit Break+1","Inflame","Inflame","Pummel+1","Sword Boomerang+1","Battle Trance+1","Dark Shackles","Sword Boomerang+1"],"special_seed":0,"relics":["Burning Blood","NeowsBlessing","Molten Egg 2","War Paint","Mummified Hand","FossilizedHelix","Pandora\u0027s Box","Old Coin","Bird Faced Urn","Potion Belt","Question Card","Pantograph","Calling Bell","PreservedInsect","Gremlin Horn","Du-Vu Doll","MawBank","Calipers","Lantern","Juzu Bracelet","Prayer Wheel","Anchor"],"potions_floor_usage":[50,50,50,50],"damage_taken":[{"damage":0.0,"enemies":"Cultist","floor":1.0,"turns":1.0},{"damage":0.0,"enemies":"Small Slimes","floor":2.0,"turns":1.0},{"damage":0.0,"enemies":"2 Louse","floor":4.0,"turns":1.0},{"damage":8.0,"enemies":"Looter","floor":5.0,"turns":4.0},{"damage":10.0,"enemies":"3 Sentries","floor":7.0,"turns":11.0},{"damage":0.0,"enemies":"Exordium Wildlife","floor":8.0,"turns":3.0},{"damage":9.0,"enemies":"Lots of Slimes","floor":13.0,"turns":6.0},{"damage":16.0,"enemies":"Gremlin Nob","floor":14.0,"turns":3.0},{"damage":26.0,"enemies":"Hexaghost","floor":16.0,"turns":9.0},{"damage":20.0,"enemies":"Shell Parasite","floor":18.0,"turns":4.0},{"damage":0.0,"enemies":"Spheric Guardian","floor":22.0,"turns":1.0},{"damage":14.0,"enemies":"Slavers","floor":23.0,"turns":5.0},{"damage":24.0,"enemies":"Gremlin Leader","floor":25.0,"turns":4.0},{"damage":4.0,"enemies":"3 Cultists","floor":27.0,"turns":5.0},{"damage":1.0,"enemies":"Snecko","floor":30.0,"turns":7.0},{"damage":6.0,"enemies":"Snake Plant","floor":31.0,"turns":1.0},{"damage":57.0,"enemies":"Automaton","floor":33.0,"turns":10.0},{"damage":14.0,"enemies":"3 Darklings","floor":35.0,"turns":8.0},{"damage":7.0,"enemies":"3 Shapes","floor":36.0,"turns":6.0},{"damage":9.0,"enemies":"Maw","floor":39.0,"turns":6.0},{"damage":51.0,"enemies":"Nemesis","floor":40.0,"turns":9.0},{"damage":22.0,"enemies":"Mind Bloom Boss Battle","floor":41.0,"turns":5.0},{"damage":15.0,"enemies":"Reptomancer","floor":42.0,"turns":3.0},{"damage":17.0,"enemies":"Nemesis","floor":44.0,"turns":7.0},{"damage":9.0,"enemies":"Transient","floor":46.0,"turns":5.0},{"damage":0,"enemies":"4 Shapes","floor":48,"turns":2},{"damage":26,"enemies":"Time Eater","floor":50,"turns":4}],"seed_played":"-2189278246702026969","potions_obtained":[{"floor":1.0,"key":"Fire Potion"},{"floor":4.0,"key":"EssenceOfSteel"},{"floor":7.0,"key":"LiquidMemories"},{"floor":8.0,"key":"SteroidPotion"},{"floor":16.0,"key":"ColorlessPotion"},{"floor":22.0,"key":"Energy Potion"},{"floor":27.0,"key":"Dexterity Potion"},{"floor":31.0,"key":"Strength Potion"},{"floor":33.0,"key":"FearPotion"},{"floor":35.0,"key":"HeartOfIron"}],"is_trial":false,"path_per_floor":["M","M","?","M","M","R","E","M","T","R","$","?","M","E","R","B",null,"M","?","$","?","M","E","R","E","T","M","?","R","M","M","R","B",null,"M","M","?","?","M","E","?","E","T","E","R","M","$","M","R","B",null],"character_chosen":"IRONCLAD","items_purchased":["Fire Breathing","Bird Faced Urn","Sword Boomerang+1","Anchor","Battle Trance","Dark Shackles"],"campfire_rested":0,"item_purchase_floors":[11,20,47,47,47,47],"current_hp_per_floor":[78,80,55,61,59,59,55,61,61,61,61,66,63,53,53,33,72,62,62,62,62,68,68,68,52,52,62,62,62,71,71,71,50,88,92,109,104,104,103,65,101,104,104,104,104,104,104,104,104,88],"gold":53,"neow_bonus":"THREE_ENEMY_KILL","is_prod":false,"is_daily":false,"chose_seed":false,"campfire_upgraded":8,"win_rate":0,"timestamp":1626924177,"path_taken":["M","?","?","M","M","R","E","M","T","R","$","?","M","E","R","BOSS","M","?","$","?","?","E","R","E","T","?","?","R","M","M","R","BOSS","BOSS","M","M","?","?","M","E","?","E","T","E","R","M","$","M","R","BOSS"],"build_version":"2020-12-22","purchased_purges":3,"victory":true,"max_hp_per_floor":[80,80,80,80,80,80,80,80,80,80,80,85,85,85,85,85,85,89,89,89,89,89,93,93,93,93,97,97,97,101,101,101,101,101,105,109,104,104,104,104,104,104,104,104,104,104,104,104,104,104],"card_choices":[{"not_picked":["Intimidate","Flex","Iron Wave"],"picked":"SKIP","floor":1.0},{"not_picked":["Shrug It Off","Clash","Twin Strike"],"picked":"SKIP","floor":2.0},{"not_picked":["Clash","Twin Strike"],"picked":"Shrug It Off","floor":2.0},{"not_picked":["Disarm","Perfected Strike+1"],"picked":"Ghostly Armor","floor":4.0},{"not_picked":["Armaments","Feel No Pain"],"picked":"Twin Strike+1","floor":5.0},{"not_picked":["Armaments","Uppercut+1"],"picked":"Carnage+1","floor":7.0},{"not_picked":["Power Through","Thunderclap+1"],"picked":"Battle Trance","floor":8.0},{"not_picked":["Havoc","Bloodletting"],"picked":"Blood for Blood+1","floor":13.0},{"not_picked":["Headbutt+1","Thunderclap+1"],"picked":"Shockwave","floor":14.0},{"not_picked":["Barricade","Double Tap"],"picked":"Feed+1","floor":16.0},{"not_picked":["Armaments","Rage","Flex"],"picked":"SKIP","floor":18.0},{"not_picked":["Ghostly Armor","Combust"],"picked":"True Grit","floor":22.0},{"not_picked":["Fiend Fire+1","Anger+1"],"picked":"Impervious","floor":23.0},{"not_picked":["Searing Blow+1","Blood for Blood+1"],"picked":"Wild Strike+1","floor":25.0},{"not_picked":["Thunderclap+1","Twin Strike+1","Clothesline+1"],"picked":"Spot Weakness","floor":27.0},{"not_picked":["Uppercut+1","Pommel Strike+1","Body Slam+1"],"picked":"Feel No Pain+1","floor":30.0},{"not_picked":["Battle Trance","Headbutt+1","True Grit"],"picked":"Body Slam+1","floor":31.0},{"not_picked":["Offering","Fiend Fire+1","Exhume"],"picked":"Reaper+1","floor":33.0},{"not_picked":["Hemokinesis+1","Armaments","Havoc","Shrug It Off"],"picked":"SKIP","floor":35.0},{"not_picked":["Ghostly Armor","Flex","Second Wind"],"picked":"Shrug It Off+1","floor":36.0},{"not_picked":["Pommel Strike+1","Sword Boomerang+1","Second Wind+1"],"picked":"Limit Break","floor":39.0},{"not_picked":["Pommel Strike+1","Twin Strike+1","Clash+1","Carnage+1"],"picked":"SKIP","floor":40.0},{"not_picked":["Berserk","Iron Wave+1","Pommel Strike+1"],"picked":"Inflame","floor":42.0},{"not_picked":["Havoc+1","Berserk","Spot Weakness"],"picked":"Inflame","floor":44.0},{"not_picked":["Iron Wave+1","Intimidate","Bloodletting"],"picked":"Pummel+1","floor":46},{"not_picked":["True Grit","Armaments","Pommel Strike+1","Perfected Strike+1"],"picked":"SKIP","floor":46},{"not_picked":["Clothesline+1","Entrench","Shrug It Off"],"picked":"Sword Boomerang+1","floor":48},{"not_picked":["Shockwave","Shrug It Off","Iron Wave+1","Ghostly Armor"],"picked":"SKIP","floor":48}],"player_experience":508103,"relics_obtained":[{"floor":7.0,"key":"War Paint"},{"floor":9.0,"key":"Mummified Hand"},{"floor":14.0,"key":"FossilizedHelix"},{"floor":23.0,"key":"Potion Belt"},{"floor":25.0,"key":"Question Card"},{"floor":26.0,"key":"Pantograph"},{"floor":34.0,"key":"PreservedInsect"},{"floor":34.0,"key":"Gremlin Horn"},{"floor":34.0,"key":"Du-Vu Doll"},{"floor":40.0,"key":"MawBank"},{"floor":41.0,"key":"Calipers"},{"floor":42.0,"key":"Lantern"},{"floor":43.0,"key":"Juzu Bracelet"},{"floor":44.0,"key":"Prayer Wheel"}],"event_choices":[{"damage_healed":0.0,"max_hp_gain":0.0,"max_hp_loss":0.0,"gold_gain":0.0,"event_name":"Scrap Ooze","player_choice":"Success","floor":3.0,"gold_loss":0.0,"damage_taken":25.0,"relics_obtained":["Molten Egg 2"]},{"damage_healed":0.0,"max_hp_gain":5.0,"max_hp_loss":0.0,"gold_gain":0.0,"event_name":"Big Fish","player_choice":"Donut","floor":12.0,"gold_loss":0.0,"damage_taken":0.0},{"damage_healed":0.0,"max_hp_gain":0.0,"max_hp_loss":0.0,"gold_gain":0.0,"event_name":"Addict","player_choice":"Obtained Relic","floor":19.0,"gold_loss":85.0,"damage_taken":0.0,"relics_obtained":["Old Coin"]},{"damage_healed":0.0,"max_hp_gain":0.0,"max_hp_loss":0.0,"gold_gain":0.0,"event_name":"Accursed Blacksmith","player_choice":"Forge","floor":21.0,"gold_loss":0.0,"damage_taken":0.0,"cards_upgraded":["Dark Embrace"]},{"damage_healed":0.0,"max_hp_gain":0.0,"max_hp_loss":0.0,"gold_gain":0.0,"event_name":"Drug Dealer","player_choice":"Obtain J.A.X.","floor":28.0,"gold_loss":0.0,"damage_taken":0.0,"cards_obtained":["J.A.X."]},{"damage_healed":0.0,"max_hp_gain":0.0,"max_hp_loss":5.0,"gold_gain":0.0,"event_name":"Winding Halls","player_choice":"Max HP","floor":37.0,"gold_loss":0.0,"damage_taken":0.0},{"cards_removed":["Feed"],"damage_healed":0.0,"max_hp_gain":0.0,"max_hp_loss":0.0,"gold_gain":0.0,"event_name":"Falling","player_choice":"Removed Attack","floor":38.0,"gold_loss":0.0,"damage_taken":0.0},{"damage_healed":0.0,"max_hp_gain":0.0,"max_hp_loss":0.0,"gold_gain":0.0,"event_name":"MindBloom","player_choice":"Fight","floor":41.0,"gold_loss":0.0,"damage_taken":0.0}],"is_beta":false,"boss_relics":[{"not_picked":["Sozu","Coffee Dripper"],"picked":"Pandora\u0027s Box"},{"not_picked":["Runic Dome","Empty Cage"],"picked":"Calling Bell"}],"items_purged_floors":[11,20,47],"is_endless":false,"potions_floor_spawned":[1,4,7,8,16,22,27,31,33,35,40,44,46,48],"ascension_level":12}