{"gold_per_floor":[111,111,128,141,216,216,250,63,135,209,35,48,76,92,92,190,190,207,306,316,97,122,147,147,182,208,243,48,63,93,113,113,217,217,230,230,280,295,239,239,239,269,349,378,378,413,194,17,17,17],"floor_reached":51,"playtime":2032,"items_purged":["Strike_R","Strike_R","Perfected Strike+1"],"score":1338,"play_id":"65986950-aef7-432b-9358-4cdd8655150a","local_time":"20210717105501","is_ascension_mode":true,"campfire_choices":[{"data":"Spot Weakness","floor":6,"key":"SMITH"},{"floor":15,"key":"REST"},{"data":"Offering","floor":24,"key":"SMITH"},{"data":"Demon Form","floor":32,"key":"SMITH"},{"data":"Limit Break","floor":40,"key":"SMITH"},{"data":"Inflame","floor":41,"key":"SMITH"},{"data":"Shrug It Off","floor":45,"key":"SMITH"},{"data":"Inflame","floor":49,"key":"SMITH"}],"neow_cost":"NONE","seed_source_timestamp":202015160209000,"circlet_count":0,"master_deck":["AscendersBane","Strike_R+1","Strike_R","Strike_R+1","Defend_R","Defend_R","Defend_R","Defend_R","Bash+1","Spot Weakness+1","Anger","Wild Strike","Dark Embrace","Ghostly Armor","Shrug It Off","Immolate+1","Cleave+1","Headbutt+1","Sword Boomerang+1","Pummel+1","Offering+1","Demon Form+1","Feel No Pain","Shrug It Off+1","Pummel+1","Limit Break+1","Inflame+1","Body Slam+1","Evolve","Inflame+1","Inflame","Offering+1"],"relics":["Burning Blood","Lantern","Whetstone","Pen Nib","The Courier","Molten Egg 2","Sling","Orichalcum","Coffee Dripper","Red Mask","Lizard Tail","Akabeko","Blood Vial","Toy Ornithopter","Anchor","HornCleat","Busted Crown","WingedGreaves","Vajra","Bottled Tornado","Sundial","DollysMirror"],"potions_floor_usage":[16,16,23,30,42,50,50],"damage_taken":[{"damage":6,"enemies":"2 Louse","floor":1,"turns":3},{"damage":0,"enemies":"Small Slimes","floor":3,"turns":3},{"damage":7,"enemies":"Jaw Worm","floor":4,"turns":2},{"damage":35,"enemies":"Lagavulin","floor":7,"turns":4},{"damage":14,"enemies":"Lots of Slimes","floor":12,"turns":5},{"damage":15,"enemies":"3 Sentries","floor":13,"turns":6},{"damage":7,"enemies":"Large Slime","floor":14,"turns":6},{"damage":18,"enemies":"The Guardian","floor":16,"turns":12},{"damage":3,"enemies":"3 Byrds","floor":18,"turns":4},{"damage":7,"enemies":"Chosen","floor":20,"turns":2},{"damage":0,"enemies":"Masked Bandits","floor":22,"turns":2},{"damage":24,"enemies":"Book of Stabbing","floor":23,"turns":4},{"damage":6,"enemies":"Gremlin Leader","floor":25,"turns":3},{"damage":5,"enemies":"Book of Stabbing","floor":27,"turns":2},{"damage":6,"enemies":"Sentry and Sphere","floor":29,"turns":1},{"damage":1,"enemies":"Slavers","floor":30,"turns":4},{"damage":6,"enemies":"Cultist and Chosen","floor":31,"turns":3},{"damage":103,"enemies":"Automaton","floor":33,"turns":9},{"damage":11,"enemies":"3 Shapes","floor":35,"turns":4},{"damage":0,"enemies":"Mind Bloom Boss Battle","floor":37,"turns":4},{"damage":0,"enemies":"Orb Walker","floor":38,"turns":1},{"damage":6,"enemies":"Reptomancer","floor":42,"turns":2},{"damage":13,"enemies":"Nemesis","floor":44,"turns":3},{"damage":6,"enemies":"Reptomancer","floor":46,"turns":3},{"damage":43,"enemies":"Time Eater","floor":50,"turns":4}],"seed_played":"-1619392368911982707","potions_obtained":[{"floor":3,"key":"Swift Potion"},{"floor":7,"key":"PowerPotion"},{"floor":13,"key":"Fire Potion"},{"floor":16,"key":"SteroidPotion"},{"floor":25,"key":"DuplicationPotion"},{"floor":30,"key":"FairyPotion"},{"floor":33,"key":"Explosive Potion"},{"floor":35,"key":"AttackPotion"},{"floor":42,"key":"AttackPotion"}],"is_trial":false,"path_per_floor":["M","?","M","M","?","R","E","$","T","T","$","M","E","M","R","B",null,"M","?","M","$","?","E","R","E","T","E","$","M","E","M","R","B",null,"M","?","?","M","$","R","R","E","T","E","R","E","$","$","R","B",null],"character_chosen":"IRONCLAD","items_purchased":["Dark Embrace","Pen Nib","Sling","Sword Boomerang+1","Pummel+1","AttackPotion","Feel No Pain","Anchor","Shrug It Off","Inflame","Evolve","Inflame","Inflame","DollysMirror"],"campfire_rested":1,"item_purchase_floors":[8,8,11,21,21,21,28,28,28,39,47,47,48,48],"current_hp_per_floor":[72,72,78,77,66,66,37,37,37,37,37,29,20,19,43,31,68,71,71,70,70,76,58,58,58,58,61,61,63,75,77,77,14,64,61,61,69,76,76,76,76,76,76,69,69,71,71,71,71,39],"gold":17,"neow_bonus":"RANDOM_COMMON_RELIC","is_prod":false,"is_daily":false,"chose_seed":false,"campfire_upgraded":7,"win_rate":0,"timestamp":1626533701,"path_taken":["M","?","M","M","?","R","E","$","T","?","$","M","E","?","R","BOSS","M","?","M","$","?","E","R","E","T","E","$","M","E","M","R","BOSS","M","?","?","M","$","R","R","E","T","E","R","E","?","$","R","BOSS"],"build_version":"2020-12-22","purchased_purges":3,"victory":true,"max_hp_per_floor":[80,80,80,80,80,80,80,80,80,80,80,80,80,80,80,80,80,80,80,80,80,80,80,80,80,80,80,80,80,80,80,80,80,80,80,76,76,76,76,76,76,76,76,76,76,76,76,76,76,76],"card_choices":[{"not_picked":["Cleave","Clash"],"picked":"Spot Weakness","floor":1},{"not_picked":["Combust","Shrug It Off"],"picked":"Anger","floor":3},{"not_picked":["Iron Wave","Flex","Power Through"],"picked":"SKIP","floor":4},{"not_picked":["True Grit","Exhume"],"picked":"Wild Strike","floor":7},{"not_picked":["Rage","Pommel Strike+1"],"picked":"Perfected Strike+1","floor":12},{"not_picked":["Body Slam+1","Wild Strike+1"],"picked":"Ghostly Armor","floor":13},{"not_picked":["Thunderclap+1","Headbutt+1"],"picked":"Shrug It Off","floor":14},{"not_picked":["Exhume","Bludgeon+1"],"picked":"Immolate+1","floor":16},{"not_picked":["Iron Wave+1","Rampage+1"],"picked":"Cleave+1","floor":18},{"not_picked":["Havoc+1","Thunderclap+1"],"picked":"Headbutt+1","floor":20},{"not_picked":["True Grit","Heavy Blade+1"],"picked":"Offering","floor":23},{"not_picked":["Clash+1","Dark Embrace","Heavy Blade+1"],"picked":"SKIP","floor":25},{"not_picked":["Havoc","Anger+1"],"picked":"Demon Form","floor":27},{"not_picked":["Heavy Blade+1","Perfected Strike+1"],"picked":"Pummel+1","floor":29},{"not_picked":["Cleave+1","Havoc+1","Clash+1"],"picked":"SKIP","floor":30},{"not_picked":["Wild Strike+1","Headbutt+1","Feel No Pain"],"picked":"SKIP","floor":31},{"not_picked":["Fiend Fire+1","Offering"],"picked":"Limit Break","floor":33},{"not_picked":["Heavy Blade+1"],"picked":"SKIP","floor":35},{"not_picked":["Headbutt+1"],"picked":"SKIP","floor":38},{"not_picked":["Iron Wave+1"],"picked":"SKIP","floor":42},{"not_picked":[],"picked":"Body Slam+1","floor":44},{"not_picked":["Thunderclap+1"],"picked":"SKIP","floor":46}],"player_experience":487766,"relics_obtained":[{"floor":7,"key":"Whetstone"},{"floor":9,"key":"The Courier"},{"floor":10,"key":"Molten Egg 2"},{"floor":13,"key":"Orichalcum"},{"floor":22,"key":"Red Mask"},{"floor":23,"key":"Lizard Tail"},{"floor":25,"key":"Akabeko"},{"floor":26,"key":"Blood Vial"},{"floor":27,"key":"Toy Ornithopter"},{"floor":30,"key":"HornCleat"},{"floor":37,"key":"WingedGreaves"},{"floor":42,"key":"Vajra"},{"floor":43,"key":"Bottled Tornado"},{"floor":46,"key":"Sundial"}],"event_choices":[{"damage_healed":0,"gold_gain":0,"player_choice":"Grow","damage_taken":0,"max_hp_gain":0,"max_hp_loss":0,"event_name":"Living Wall","floor":2,"gold_loss":0,"cards_upgraded":["Bash"]},{"damage_healed":0,"gold_gain":75,"player_choice":"Gather Gold","damage_taken":11,"max_hp_gain":0,"max_hp_loss":0,"event_name":"World of Goop","floor":5,"gold_loss":0},{"damage_healed":0,"gold_gain":99,"player_choice":"Stole From Cult","damage_taken":0,"max_hp_gain":0,"max_hp_loss":0,"event_name":"Nest","floor":19,"gold_loss":0},{"damage_healed":0,"gold_gain":0,"player_choice":"Fought Bandits","damage_taken":0,"max_hp_gain":0,"max_hp_loss":0,"event_name":"Masked Bandits","floor":22,"gold_loss":0},{"damage_healed":0,"gold_gain":0,"player_choice":"Max HP","damage_taken":0,"max_hp_gain":0,"max_hp_loss":4,"event_name":"Winding Halls","floor":36,"gold_loss":0},{"damage_healed":0,"gold_gain":0,"player_choice":"Fight","damage_taken":0,"max_hp_gain":0,"max_hp_loss":0,"event_name":"MindBloom","floor":37,"gold_loss":0}],"is_beta":false,"boss_relics":[{"not_picked":["Snecko Eye","Sozu"],"picked":"Coffee Dripper"},{"not_picked":["SlaversCollar","Velvet Choker"],"picked":"Busted Crown"}],"items_purged_floors":[11,21,47],"is_endless":false,"potions_floor_spawned":[3,7,13,16,22,25,29,30,31,33,35,42,44],"ascension_level":10}