{"gold_per_floor":[116,132,145,160,173,173,206,206,233,260,260,274,305,323,323,426,426,443,443,41,65,80,80,108,108,133,145,165,194,194,211,211,313,313,323,339,358,373,313,345,40,40,40,58,92,92,103,132,132,132,132,132,83,108,108],"floor_reached":55,"playtime":3235,"items_purged":["Perfected Strike"],"score":1311,"play_id":"a42b89b4-c743-4211-a08a-412820d318de","local_time":"20210717115213","is_ascension_mode":true,"campfire_choices":[{"data":"Immolate","floor":6.0,"key":"SMITH"},{"data":"Bash","floor":8.0,"key":"SMITH"},{"floor":11.0,"key":"REST"},{"data":"Combust","floor":15.0,"key":"SMITH"},{"data":"Rupture","floor":23.0,"key":"SMITH"},{"data":"Offering","floor":25.0,"key":"SMITH"},{"data":"Brutality","floor":30.0,"key":"SMITH"},{"data":"Dual Wield","floor":32.0,"key":"SMITH"},{"data":"Burning Pact","floor":42.0,"key":"SMITH"},{"data":"Offering","floor":46.0,"key":"SMITH"},{"floor":49.0,"key":"RECALL"},{"data":"Battle Trance","floor":52.0,"key":"SMITH"}],"neow_cost":"TEN_PERCENT_HP_LOSS","seed_source_timestamp":204130495919100,"circlet_count":0,"master_deck":["AscendersBane","Bash+1","Immolate+1","Thunderclap+1","Shrug It Off","Feel No Pain","Shockwave","Battle Trance","Combust+1","Reaper","Offering+1","Carnage","Brutality+1","Clothesline","Headbutt","Carnage+1","Dual Wield+1","Flame Barrier+1","Rupture+1","Blood for Blood","Battle Trance+1","Bloodletting+1","Shockwave+1","Spot Weakness","Offering+1","Metallicize","Flame Barrier","Burning Pact+1"],"special_seed":0,"relics":["Burning Blood","Ornamental Fan","Red Skull","PreservedInsect","Ancient Tea Set","Pandora\u0027s Box","Anchor","Happy Flower","Champion Belt","Whetstone","Bag of Preparation","Busted Crown","Toy Ornithopter","Lantern","Eternal Feather","Oddly Smooth Stone","Boot"],"potions_floor_usage":[55,55],"damage_taken":[{"damage":7.0,"enemies":"Jaw Worm","floor":1.0,"turns":2.0},{"damage":0.0,"enemies":"Cultist","floor":2.0,"turns":3.0},{"damage":0.0,"enemies":"Small Slimes","floor":3.0,"turns":2.0},{"damage":10.0,"enemies":"Gremlin Gang","floor":4.0,"turns":2.0},{"damage":8.0,"enemies":"Blue Slaver","floor":5.0,"turns":3.0},{"damage":40.0,"enemies":"Lagavulin","floor":7.0,"turns":6.0},{"damage":16.0,"enemies":"Gremlin Nob","floor":10.0,"turns":3.0},{"damage":8.0,"enemies":"Exordium Wildlife","floor":12.0,"turns":4.0},{"damage":12.0,"enemies":"Lagavulin","floor":13.0,"turns":5.0},{"damage":0.0,"enemies":"3 Louse","floor":14.0,"turns":1.0},{"damage":6.0,"enemies":"Slime Boss","floor":16.0,"turns":6.0},{"damage":10.0,"enemies":"Chosen","floor":18.0,"turns":4.0},{"damage":13.0,"enemies":"2 Thieves","floor":22.0,"turns":4.0},{"damage":15.0,"enemies":"Gremlin Leader","floor":24.0,"turns":4.0},{"damage":17.0,"enemies":"3 Cultists","floor":27.0,"turns":4.0},{"damage":34.0,"enemies":"Sentry and Sphere","floor":28.0,"turns":4.0},{"damage":33.0,"enemies":"Slavers","floor":29.0,"turns":3.0},{"damage":5.0,"enemies":"Centurion and Healer","floor":31.0,"turns":4.0},{"damage":38.0,"enemies":"Collector","floor":33.0,"turns":5.0},{"damage":6.0,"enemies":"3 Darklings","floor":35.0,"turns":2.0},{"damage":31.0,"enemies":"3 Shapes","floor":36.0,"turns":3.0},{"damage":28.0,"enemies":"Maw","floor":37.0,"turns":5.0},{"damage":6.0,"enemies":"4 Shapes","floor":38.0,"turns":1.0},{"damage":24.0,"enemies":"Giant Head","floor":40.0,"turns":4.0},{"damage":15.0,"enemies":"3 Darklings","floor":44.0,"turns":2.0},{"damage":17.0,"enemies":"Reptomancer","floor":45.0,"turns":3.0},{"damage":10.0,"enemies":"Spire Growth","floor":47.0,"turns":2.0},{"damage":34.0,"enemies":"Giant Head","floor":48.0,"turns":5.0},{"damage":154.0,"enemies":"Time Eater","floor":50.0,"turns":11.0},{"damage":47.0,"enemies":"Shield and Spear","floor":54.0,"turns":5.0},{"damage":87,"enemies":"The Heart","floor":55,"turns":5}],"seed_played":"-8733628955493707508","potions_obtained":[{"floor":2.0,"key":"DistilledChaos"},{"floor":4.0,"key":"Strength Potion"},{"floor":5.0,"key":"PowerPotion"},{"floor":7.0,"key":"SkillPotion"},{"floor":28.0,"key":"BloodPotion"},{"floor":36.0,"key":"SteroidPotion"}],"is_trial":false,"path_per_floor":["M","M","M","M","M","R","E","R","T","E","R","M","E","M","R","B",null,"M","?","$","T","M","R","E","R","T","M","M","E","R","M","R","B",null,"M","M","M","M","?","E","$","R","T","M","E","R","M","E","R","B",null,"R","$","E","B"],"character_chosen":"IRONCLAD","items_purchased":["Rupture","Anchor","Blood for Blood","Battle Trance","Burning Pact","Lantern","Ancient Potion","PowerPotion"],"campfire_rested":1,"item_purchase_floors":[20,20,20,20,41,41,41,53],"current_hp_per_floor":[71,72,72,68,66,66,32,32,32,22,43,41,35,41,41,41,64,66,66,66,66,65,65,72,72,72,66,42,29,29,50,50,72,72,72,60,72,72,72,72,72,72,72,63,52,67,63,72,72,62,70,72,72,71,0],"gold":108,"neow_bonus":"THREE_RARE_CARDS","is_prod":false,"is_daily":false,"chose_seed":false,"campfire_upgraded":10,"win_rate":0,"timestamp":1626537133,"path_taken":["M","M","M","M","M","R","E","R","T","E","R","M","E","M","R","BOSS","M","?","$","?","M","R","E","R","T","M","M","E","R","M","R","BOSS","M","M","M","M","?","E","$","R","T","M","E","R","M","E","R","BOSS","R","$","E","BOSS"],"build_version":"2020-12-22","purchased_purges":1,"victory":false,"max_hp_per_floor":[72,72,72,72,72,72,72,72,72,72,72,72,72,72,72,72,72,72,72,72,72,72,72,72,72,72,72,72,72,72,72,72,72,72,72,72,72,72,72,72,72,72,72,72,72,72,72,72,72,72,72,72,72,72,72],"card_choices":[{"not_picked":["Offering","Limit Break"],"picked":"Immolate","floor":0.0},{"not_picked":["Body Slam","Twin Strike"],"picked":"Thunderclap","floor":1.0},{"not_picked":["Disarm","Flex"],"picked":"Iron Wave","floor":2.0},{"not_picked":["Flex","Evolve","Sever Soul"],"picked":"SKIP","floor":3.0},{"not_picked":["Brutality","True Grit"],"picked":"Shrug It Off","floor":4.0},{"not_picked":["Seeing Red","Body Slam"],"picked":"Feel No Pain","floor":5.0},{"not_picked":["Cleave","Dual Wield","Iron Wave"],"picked":"SKIP","floor":7.0},{"not_picked":["Twin Strike","Thunderclap"],"picked":"Shockwave","floor":10.0},{"not_picked":["Havoc","Body Slam"],"picked":"Battle Trance","floor":12.0},{"not_picked":["Heavy Blade","Power Through","Sword Boomerang"],"picked":"SKIP","floor":13.0},{"not_picked":["Thunderclap","Clash"],"picked":"Combust","floor":14.0},{"not_picked":["Impervious","Double Tap"],"picked":"Reaper","floor":16.0},{"not_picked":["Infernal Blade","Inflame+1"],"picked":"Flame Barrier+1","floor":18.0},{"not_picked":["Body Slam","Havoc"],"picked":"Bloodletting+1","floor":22.0},{"not_picked":["Infernal Blade","Pommel Strike","Sword Boomerang"],"picked":"SKIP","floor":24.0},{"not_picked":["Clothesline","Perfected Strike+1","Warcry"],"picked":"SKIP","floor":27.0},{"not_picked":["Uppercut","Carnage"],"picked":"Shockwave+1","floor":28.0},{"not_picked":["Second Wind","Rage+1","Cleave"],"picked":"SKIP","floor":29.0},{"not_picked":["Iron Wave","Carnage+1"],"picked":"Spot Weakness","floor":31.0},{"not_picked":["Impervious","Barricade"],"picked":"Offering","floor":33.0},{"not_picked":["Twin Strike+1"],"picked":"SKIP","floor":35.0},{"not_picked":["Carnage"],"picked":"SKIP","floor":36.0},{"not_picked":["Clash"],"picked":"SKIP","floor":37.0},{"not_picked":["Carnage+1"],"picked":"SKIP","floor":38.0},{"not_picked":["Body Slam+1"],"picked":"SKIP","floor":40.0},{"not_picked":["Armaments"],"picked":"SKIP","floor":44.0},{"not_picked":["Second Wind"],"picked":"SKIP","floor":45.0},{"not_picked":["Dark Embrace+1"],"picked":"SKIP","floor":47.0},{"not_picked":["Body Slam"],"picked":"SKIP","floor":48.0},{"not_picked":["Carnage+1"],"picked":"SKIP","floor":54.0}],"player_experience":489798,"relics_obtained":[{"floor":7.0,"key":"Ornamental Fan"},{"floor":9.0,"key":"Red Skull"},{"floor":10.0,"key":"PreservedInsect"},{"floor":13.0,"key":"Ancient Tea Set"},{"floor":21.0,"key":"Happy Flower"},{"floor":24.0,"key":"Champion Belt"},{"floor":26.0,"key":"Whetstone"},{"floor":29.0,"key":"Bag of Preparation"},{"floor":40.0,"key":"Toy Ornithopter"},{"floor":45.0,"key":"Eternal Feather"},{"floor":48.0,"key":"Oddly Smooth Stone"},{"floor":54.0,"key":"Boot"}],"event_choices":[{"damage_healed":0.0,"max_hp_gain":0.0,"max_hp_loss":0.0,"gold_gain":0.0,"event_name":"The Woman in Blue","player_choice":"Bought 0 Potions","floor":19.0,"gold_loss":0.0,"damage_taken":0.0},{"damage_healed":0.0,"max_hp_gain":0.0,"max_hp_loss":0.0,"gold_gain":0.0,"cards_transformed":["Iron Wave","Wild Strike"],"event_name":"Designer","player_choice":"Transformed Cards","floor":39.0,"gold_loss":60.0,"damage_taken":0.0,"cards_obtained":["Metallicize","Flame Barrier"]}],"is_beta":false,"boss_relics":[{"not_picked":["Fusion Hammer","Sozu"],"picked":"Pandora\u0027s Box"},{"not_picked":["Snecko Eye","Astrolabe"],"picked":"Busted Crown"}],"items_purged_floors":[20],"is_endless":false,"potions_floor_spawned":[2,4,5,7,13,28,36,37,40,54],"killed_by":"The Heart","ascension_level":11}