{"gold_per_floor":[211,223,398,398,416,416,109,135,181,195,211,226,255,310,310,310],"floor_reached":16,"playtime":674,"items_purged":["Doubt"],"score":179,"play_id":"9793a7e7-0f8b-41e2-a041-19d381e21227","local_time":"20210717120339","is_ascension_mode":true,"campfire_choices":[{"data":"Cleave","floor":6,"key":"SMITH"},{"data":"Second Wind","floor":15,"key":"SMITH"}],"neow_cost":"NONE","seed_source_timestamp":207499372246300,"circlet_count":0,"master_deck":["AscendersBane","Strike_R","Strike_R","Strike_R","Strike_R","Strike_R","Defend_R","Defend_R","Defend_R","Defend_R","Bash","Cleave+1","Shrug It Off","Feed","Reaper","Clothesline+1","Sword Boomerang+1","Seeing Red","Rampage+1","Second Wind+1","Headbutt+1"],"relics":["Burning Blood","Bag of Marbles","Molten Egg 2","Lantern","Frozen Egg 2","Bronze Scales"],"potions_floor_usage":[8,13,14,16],"damage_taken":[{"damage":13,"enemies":"Jaw Worm","floor":1,"turns":6},{"damage":0,"enemies":"Small Slimes","floor":2,"turns":2},{"damage":0,"enemies":"2 Louse","floor":5,"turns":2},{"damage":45,"enemies":"Lagavulin","floor":8,"turns":7},{"damage":4,"enemies":"Lots of Slimes","floor":10,"turns":2},{"damage":16,"enemies":"Blue Slaver","floor":11,"turns":6},{"damage":11,"enemies":"Exordium Thugs","floor":12,"turns":3},{"damage":12,"enemies":"Gremlin Nob","floor":13,"turns":3},{"damage":24,"enemies":"3 Sentries","floor":14,"turns":8},{"damage":43,"enemies":"Hexaghost","floor":16,"turns":9}],"seed_played":"-827337820471796495","potions_obtained":[{"floor":5,"key":"FearPotion"},{"floor":10,"key":"Swift Potion"},{"floor":11,"key":"AttackPotion"},{"floor":13,"key":"Swift Potion"}],"is_trial":false,"path_per_floor":["M","M","?","?","M","R","$","E","T","M","M","M","E","?","R","B"],"character_chosen":"IRONCLAD","items_purchased":["Feed","Reaper"],"campfire_rested":0,"item_purchase_floors":[7,7],"current_hp_per_floor":[65,71,71,59,65,65,65,30,30,59,56,54,48,41,41,0],"gold":310,"neow_bonus":"HUNDRED_GOLD","is_prod":false,"is_daily":false,"chose_seed":false,"campfire_upgraded":2,"win_rate":0,"timestamp":1626537819,"path_taken":["M","M","?","?","M","R","$","E","T","M","M","M","E","?","R","BOSS"],"build_version":"2020-12-22","purchased_purges":1,"victory":false,"max_hp_per_floor":[80,80,80,80,80,80,80,80,80,83,86,89,89,92,92,92],"card_choices":[{"not_picked":["Sword Boomerang","Perfected Strike"],"picked":"Cleave","floor":1},{"not_picked":["Anger","Havoc"],"picked":"Shrug It Off","floor":2},{"not_picked":["Flex","Searing Blow","Reckless Charge"],"picked":"SKIP","floor":5},{"not_picked":["Rampage+1","Flex"],"picked":"Clothesline+1","floor":8},{"not_picked":["Thunderclap+1","Flex"],"picked":"Sword Boomerang+1","floor":10},{"not_picked":["Clash+1","Armaments"],"picked":"Seeing Red","floor":11},{"not_picked":["Infernal Blade","Entrench"],"picked":"Rampage+1","floor":12},{"not_picked":["Heavy Blade+1","Headbutt+1"],"picked":"Second Wind","floor":13},{"not_picked":["Havoc","Clash+1"],"picked":"Headbutt+1","floor":14}],"player_experience":493033,"relics_obtained":[{"floor":8,"key":"Molten Egg 2"},{"floor":9,"key":"Lantern"},{"floor":13,"key":"Frozen Egg 2"},{"floor":14,"key":"Bronze Scales"}],"event_choices":[{"damage_healed":0,"gold_gain":175,"player_choice":"AGREE","damage_taken":0,"max_hp_gain":0,"max_hp_loss":0,"event_name":"Liars Game","floor":3,"gold_loss":0,"cards_obtained":["Doubt"]},{"damage_healed":0,"gold_gain":0,"player_choice":"Success","damage_taken":12,"relics_obtained":["Bag of Marbles"],"max_hp_gain":0,"max_hp_loss":0,"event_name":"Scrap Ooze","floor":4,"gold_loss":0},{"damage_healed":0,"gold_gain":0,"player_choice":"Searched \u00271\u0027 times","damage_taken":0,"max_hp_gain":0,"max_hp_loss":0,"event_name":"Dead Adventurer","floor":14,"gold_loss":0}],"is_beta":false,"boss_relics":[],"items_purged_floors":[7],"is_endless":false,"potions_floor_spawned":[5,10,11,12,13],"killed_by":"Hexaghost","ascension_level":12}