{"gold_per_floor":[116,128,140,154,154,154,33,33,108,142,154,186,212,244,256,268],"floor_reached":16,"playtime":1698,"items_purged":["Dual Wield"],"score":181,"play_id":"41e7013d-0a3b-4458-95f5-5f7d6aabab5e","local_time":"20210716123008","is_ascension_mode":true,"campfire_choices":[{"floor":6,"key":"REST"},{"floor":8,"key":"REST"},{"floor":15,"key":"REST"}],"neow_cost":"NONE","seed_source_timestamp":121664047537600,"circlet_count":0,"master_deck":["AscendersBane","Bash","Clash","Dual Wield","Blood for Blood+1","Offering","Feed","Limit Break","Barricade","Heavy Blade","Hemokinesis","Second Wind","Armaments","Reaper","Battle Trance"],"relics":["Pandora\u0027s Box","HornCleat","MawBank"],"potions_floor_usage":[16],"damage_taken":[{"damage":14,"enemies":"2 Louse","floor":1,"turns":2},{"damage":6,"enemies":"Cultist","floor":2,"turns":2},{"damage":28,"enemies":"Small Slimes","floor":3,"turns":4},{"damage":29,"enemies":"Red Slaver","floor":4,"turns":3},{"damage":11,"enemies":"3 Sentries","floor":10,"turns":5},{"damage":13,"enemies":"Large Slime","floor":12,"turns":7},{"damage":23,"enemies":"Lots of Slimes","floor":13,"turns":4},{"damage":6,"enemies":"Looter","floor":14,"turns":1},{"damage":73,"enemies":"The Guardian","floor":16,"turns":8}],"seed_played":"-4910334725926098677","potions_obtained":[{"floor":2,"key":"LiquidMemories"},{"floor":3,"key":"Ancient Potion"},{"floor":13,"key":"Explosive Potion"}],"is_trial":false,"path_per_floor":["M","M","M","M","?","R","$","R","T","E","$","M","M","M","R","B"],"character_chosen":"IRONCLAD","items_purchased":["Armaments"],"campfire_rested":3,"item_purchase_floors":[7],"current_hp_per_floor":[61,58,33,7,7,34,34,61,61,53,53,48,40,34,64,0],"gold":268,"neow_bonus":"BOSS_RELIC","is_prod":false,"is_daily":false,"chose_seed":false,"campfire_upgraded":0,"win_rate":0,"timestamp":1626453008,"path_taken":["M","M","M","M","?","R","$","R","T","E","$","?","M","M","R","BOSS"],"build_version":"2020-12-22","purchased_purges":1,"victory":false,"max_hp_per_floor":[83,86,89,92,92,92,92,92,92,95,95,98,101,101,101,101],"card_choices":[{"not_picked":["Perfected Strike","Iron Wave","True Grit"],"picked":"SKIP","floor":1},{"not_picked":["Flex","Havoc","Searing Blow"],"picked":"SKIP","floor":2},{"not_picked":["Blood for Blood","Iron Wave"],"picked":"Hemokinesis","floor":3},{"not_picked":["Dropkick","Intimidate"],"picked":"Second Wind","floor":4},{"not_picked":["Thunderclap","Dropkick"],"picked":"Reaper","floor":10},{"not_picked":["Dual Wield","Whirlwind","Iron Wave"],"picked":"SKIP","floor":12},{"not_picked":["Hemokinesis","Warcry","Iron Wave"],"picked":"SKIP","floor":13},{"not_picked":["Havoc","Body Slam"],"picked":"Battle Trance","floor":14}],"player_experience":482918,"relics_obtained":[{"floor":9,"key":"HornCleat"},{"floor":10,"key":"MawBank"}],"event_choices":[{"damage_healed":0,"gold_gain":0,"player_choice":"Upgraded","damage_taken":0,"max_hp_gain":0,"max_hp_loss":0,"event_name":"Upgrade Shrine","floor":5,"gold_loss":0,"cards_upgraded":["Blood for Blood"]}],"is_beta":false,"boss_relics":[],"items_purged_floors":[7],"is_endless":false,"potions_floor_spawned":[2,3,13,14],"killed_by":"The Guardian","ascension_level":10}