{"gold_per_floor":[16,16,41,57,78,78,118,131,208,239,239,239,239,263,263,391,391,407,407,407,422,521,559,575,268,320,340,300,35,70,88,88,209,209,232,248,317,330,34,34,70,70,140,175,175,188,188,227,227,227,227,227,24,58,58],"floor_reached":55,"playtime":4021,"items_purged":["Defend_R","Bite"],"score":1340,"play_id":"22b550a5-dca6-4ca4-98cb-f21050df5b28","local_time":"20210715132722","is_ascension_mode":true,"campfire_choices":[{"data":"Bash","floor":6.0,"key":"SMITH"},{"data":"Whirlwind","floor":12.0,"key":"SMITH"},{"data":"Metallicize","floor":15.0,"key":"SMITH"},{"data":"Limit Break","floor":32.0,"key":"SMITH"},{"floor":40,"key":"REST"},{"data":"True Grit","floor":42,"key":"SMITH"},{"data":"Metallicize","floor":45,"key":"SMITH"},{"floor":49,"key":"RECALL"},{"data":"Power Through","floor":52,"key":"SMITH"}],"neow_cost":"NO_GOLD","seed_source_timestamp":36284827443900,"circlet_count":0,"master_deck":["Defend_R","Defend_R","Defend_R","Bash+1","Anger","Twin Strike","Clothesline","Metallicize+1","Whirlwind+1","Power Through+1","Demon Form+1","Shrug It Off","Bite+1","Bite","Bite+1","Bite","Bloodletting+1","Evolve","Limit Break+1","Fire Breathing","Heavy Blade+1","Intimidate+1","Burning Pact","Inflame","Metallicize+1","Master of Strategy","True Grit+1","Metallicize+1","Sword Boomerang+1","Thunderclap+1","Dual Wield"],"special_seed":0,"relics":["Burning Blood","StoneCalendar","Golden Idol","Akabeko","The Courier","Pocketwatch","Philosopher\u0027s Stone","Strawberry","Whetstone","Potion Belt","PreservedInsect","Bottled Tornado","Black Star","WingedGreaves","Membership Card","Pen Nib","CaptainsWheel","Boot","Centennial Puzzle","Ornamental Fan","Bag of Preparation","Bird Faced Urn","Lantern","FossilizedHelix","Pantograph","Anchor"],"potions_floor_usage":[37,50,54,55,55,55],"damage_taken":[{"damage":4.0,"enemies":"Small Slimes","floor":1.0,"turns":4.0},{"damage":3.0,"enemies":"2 Louse","floor":3.0,"turns":3.0},{"damage":1.0,"enemies":"Cultist","floor":4.0,"turns":4.0},{"damage":7.0,"enemies":"Looter","floor":5.0,"turns":4.0},{"damage":28.0,"enemies":"Gremlin Nob","floor":7.0,"turns":4.0},{"damage":0.0,"enemies":"Large Slime","floor":8.0,"turns":4.0},{"damage":20.0,"enemies":"3 Sentries","floor":10.0,"turns":7.0},{"damage":8.0,"enemies":"Blue Slaver","floor":14.0,"turns":3.0},{"damage":0.0,"enemies":"Slime Boss","floor":16.0,"turns":7.0},{"damage":23.0,"enemies":"2 Thieves","floor":18.0,"turns":4.0},{"damage":0.0,"enemies":"Spheric Guardian","floor":21.0,"turns":3.0},{"damage":50.0,"enemies":"Book of Stabbing","floor":23.0,"turns":5.0},{"damage":34.0,"enemies":"3 Cultists","floor":24.0,"turns":6.0},{"damage":20.0,"enemies":"Centurion and Healer","floor":27.0,"turns":7.0},{"damage":0.0,"enemies":"Gremlin Leader","floor":30.0,"turns":5.0},{"damage":9.0,"enemies":"Cultist and Chosen","floor":31.0,"turns":3.0},{"damage":28.0,"enemies":"Champ","floor":33.0,"turns":6.0},{"damage":28.0,"enemies":"3 Darklings","floor":35.0,"turns":7.0},{"damage":7.0,"enemies":"3 Shapes","floor":36.0,"turns":2.0},{"damage":45,"enemies":"2 Orb Walkers","floor":37,"turns":4},{"damage":7,"enemies":"Spire Growth","floor":38,"turns":4},{"damage":16,"enemies":"Nemesis","floor":41,"turns":5},{"damage":28,"enemies":"Giant Head","floor":44,"turns":6},{"damage":0,"enemies":"Sphere and 2 Shapes","floor":46,"turns":7},{"damage":12,"enemies":"Reptomancer","floor":48,"turns":7},{"damage":58,"enemies":"Donu and Deca","floor":50,"turns":7},{"damage":96,"enemies":"Shield and Spear","floor":54,"turns":6},{"damage":112,"enemies":"The Heart","floor":55,"turns":8}],"seed_played":"-7049178659824893631","potions_obtained":[{"floor":5.0,"key":"BloodPotion"},{"floor":8.0,"key":"Ancient Potion"},{"floor":10.0,"key":"DistilledChaos"},{"floor":13.0,"key":"BlessingOfTheForge"},{"floor":21.0,"key":"FairyPotion"},{"floor":23.0,"key":"SpeedPotion"},{"floor":30.0,"key":"Regen Potion"},{"floor":36.0,"key":"PowerPotion"},{"floor":46,"key":"Regen Potion"}],"is_trial":false,"path_per_floor":["M","?","M","M","M","R","E","M","T","E","?","R","?","M","R","B",null,"M","?","?","M","?","E","M","$","T","M","?","$","E","M","R","B",null,"M","M","?","M","$","R","E","R","T","E","R","M","?","E","R","B",null,"R","$","E","B"],"character_chosen":"IRONCLAD","items_purchased":["Whetstone","Potion Belt","Limit Break","Fire Breathing","Weak Potion","Membership Card","Inflame","Metallicize","Pen Nib","Master of Strategy","Lantern","FossilizedHelix","Swift Potion"],"campfire_rested":1,"item_purchase_floors":[25,25,29,29,29,39,39,39,39,39,53,53,53],"current_hp_per_floor":[74,54,57,62,61,61,39,45,45,31,36,36,36,34,34,40,74,57,57,57,59,59,30,18,18,18,27,27,27,51,52,52,52,63,53,54,21,27,27,46,41,41,41,34,34,56,56,58,58,39,59,59,59,27,0],"gold":58,"neow_bonus":"ONE_RARE_RELIC","is_prod":false,"is_daily":false,"chose_seed":false,"campfire_upgraded":7,"win_rate":0,"timestamp":1626370042,"path_taken":["M","?","M","M","M","R","E","M","T","E","?","R","?","M","R","BOSS","M","?","?","M","?","E","M","?","T","?","?","$","E","?","R","BOSS","M","M","?","M","$","R","E","R","T","E","R","M","?","E","R","BOSS","R","$","E","BOSS"],"build_version":"2020-12-22","purchased_purges":2,"victory":false,"max_hp_per_floor":[80,80,80,80,80,80,80,80,80,80,85,85,85,85,85,85,85,85,85,59,59,59,66,66,66,66,66,66,66,66,66,66,66,66,66,66,66,66,66,66,66,66,66,66,66,66,66,66,66,66,66,66,66,66,66],"card_choices":[{"not_picked":["Flex","Flame Barrier"],"picked":"Anger","floor":1.0},{"not_picked":["Anger","Evolve","Dropkick"],"picked":"SKIP","floor":3.0},{"not_picked":["Anger","Thunderclap"],"picked":"Twin Strike","floor":4.0},{"not_picked":["Searing Blow","Headbutt"],"picked":"Clothesline","floor":5.0},{"not_picked":["Anger","Second Wind","Iron Wave"],"picked":"SKIP","floor":7.0},{"not_picked":["Entrench","Dropkick"],"picked":"Metallicize","floor":8.0},{"not_picked":["Fire Breathing","Inflame"],"picked":"Whirlwind","floor":10.0},{"not_picked":["Headbutt","Heavy Blade"],"picked":"Power Through","floor":14.0},{"not_picked":["Bludgeon","Immolate"],"picked":"Demon Form","floor":16.0},{"not_picked":["Warcry","Cleave","True Grit"],"picked":"SKIP","floor":18.0},{"not_picked":["Body Slam","Entrench","Pommel Strike"],"picked":"SKIP","floor":21.0},{"not_picked":["Dual Wield","Reckless Charge"],"picked":"Bloodletting+1","floor":23.0},{"not_picked":["Warcry","Headbutt"],"picked":"Evolve","floor":24.0},{"not_picked":["Blood for Blood","Entrench","Anger"],"picked":"SKIP","floor":27.0},{"not_picked":["Combust","Evolve"],"picked":"Heavy Blade+1","floor":30.0},{"not_picked":["Anger","Bloodletting+1"],"picked":"Intimidate+1","floor":31.0},{"not_picked":["Headbutt+1","Cleave"],"picked":"Burning Pact","floor":35.0},{"not_picked":["Reckless Charge","Combust+1","Headbutt+1"],"picked":"SKIP","floor":36.0},{"not_picked":["Second Wind+1","Pommel Strike","Fire Breathing"],"picked":"SKIP","floor":38},{"not_picked":["Uppercut","Dropkick"],"picked":"True Grit","floor":41},{"not_picked":["Intimidate+1","Searing Blow+1"],"picked":"Metallicize+1","floor":44},{"not_picked":["Perfected Strike+1","Metallicize+1"],"picked":"Sword Boomerang+1","floor":46},{"not_picked":["Warcry+1","Limit Break"],"picked":"Thunderclap+1","floor":48},{"not_picked":["Hemokinesis","Body Slam"],"picked":"Dual Wield","floor":54}],"player_experience":464829,"relics_obtained":[{"floor":7.0,"key":"Akabeko"},{"floor":9.0,"key":"The Courier"},{"floor":10.0,"key":"Pocketwatch"},{"floor":23.0,"key":"Strawberry"},{"floor":26.0,"key":"PreservedInsect"},{"floor":30.0,"key":"Bottled Tornado"},{"floor":37,"key":"WingedGreaves"},{"floor":41,"key":"CaptainsWheel"},{"floor":41,"key":"Boot"},{"floor":44,"key":"Centennial Puzzle"},{"floor":44,"key":"Ornamental Fan"},{"floor":48,"key":"Bag of Preparation"},{"floor":48,"key":"Bird Faced Urn"},{"floor":54,"key":"Pantograph"},{"floor":54,"key":"Anchor"}],"event_choices":[{"damage_healed":0.0,"max_hp_gain":0.0,"max_hp_loss":0.0,"gold_gain":0.0,"event_name":"Golden Idol","player_choice":"Take Damage","floor":2.0,"gold_loss":0.0,"damage_taken":20.0,"relics_obtained":["Golden Idol"]},{"damage_healed":0.0,"max_hp_gain":5.0,"max_hp_loss":0.0,"gold_gain":0.0,"event_name":"Big Fish","player_choice":"Donut","floor":11.0,"gold_loss":0.0,"damage_taken":0.0},{"damage_healed":0.0,"max_hp_gain":0.0,"max_hp_loss":0.0,"gold_gain":0.0,"event_name":"Lab","player_choice":"Got Potions","floor":13.0,"gold_loss":0.0,"damage_taken":0.0},{"damage_healed":0.0,"max_hp_gain":0.0,"max_hp_loss":0.0,"gold_gain":0.0,"event_name":"The Library","player_choice":"Read","floor":19.0,"gold_loss":0.0,"damage_taken":0.0,"cards_obtained":["Shrug It Off"]},{"damage_healed":0.0,"max_hp_gain":0.0,"max_hp_loss":26.0,"gold_gain":0.0,"event_name":"Vampires","player_choice":"Became a vampire","floor":20.0,"gold_loss":0.0,"damage_taken":0.0,"cards_obtained":["Bite","Bite","Bite","Bite","Bite"]},{"damage_healed":0.0,"max_hp_gain":0.0,"max_hp_loss":0.0,"gold_gain":99.0,"event_name":"Nest","player_choice":"Stole From Cult","floor":22.0,"gold_loss":0.0,"damage_taken":0.0},{"damage_healed":0.0,"max_hp_gain":0.0,"max_hp_loss":0.0,"gold_gain":0.0,"event_name":"Designer","player_choice":"Upgrade","floor":28.0,"gold_loss":40.0,"damage_taken":0.0,"cards_upgraded":["Demon Form"]},{"damage_healed":0,"gold_gain":0,"player_choice":"Fight","damage_taken":0,"max_hp_gain":0,"max_hp_loss":0,"event_name":"Mysterious Sphere","floor":37,"gold_loss":0},{"damage_healed":0,"gold_gain":0,"player_choice":"Ignored","damage_taken":0,"max_hp_gain":0,"max_hp_loss":0,"event_name":"Tomb of Lord Red Mask","floor":47,"gold_loss":0}],"is_beta":false,"boss_relics":[{"not_picked":["Black Blood","Calling Bell"],"picked":"Philosopher\u0027s Stone"},{"not_picked":["Runic Pyramid","Tiny House"],"picked":"Black Star"}],"items_purged_floors":[25,29],"is_endless":false,"potions_floor_spawned":[5,8,10,21,23,30,36,46,48],"killed_by":"The Heart","ascension_level":9}