{"gold_per_floor":[112,37,54,54,67,98,98,132,157,157,167,181,131,143,143,247,247,259,269,281,76,88,88,103,103,103,137,47,47],"floor_reached":29,"playtime":1268,"items_purged":["Strike_R","Strike_R","Rampage","Infernal Blade"],"score":411,"play_id":"c43d1462-8111-4c61-b017-10f754ce5fe7","local_time":"20210717122620","is_ascension_mode":true,"campfire_choices":[{"data":"Bash","floor":7.0,"key":"SMITH"},{"data":"Inflame","floor":10.0,"key":"SMITH"},{"data":"Uppercut","floor":15.0,"key":"SMITH"},{"data":"Offering","floor":23.0,"key":"SMITH"}],"neow_cost":"NONE","seed_source_timestamp":208182245287500,"circlet_count":0,"master_deck":["AscendersBane","Bash+1","Carnage+1","Shrug It Off","Headbutt","Inflame+1","Uppercut+1","Shrug It Off","Offering+1","Brutality","Disarm","Bloodletting","Spot Weakness","Power Through","Spot Weakness","Shrug It Off","Fiend Fire","Feel No Pain","Armaments+1","Whirlwind","Feel No Pain"],"special_seed":0,"relics":["Burning Blood","PreservedInsect","MealTicket","Smiling Mask","Pandora\u0027s Box","Girya","Self Forming Clay"],"potions_floor_usage":[],"damage_taken":[{"damage":1.0,"enemies":"Cultist","floor":1.0,"turns":4.0},{"damage":3.0,"enemies":"2 Louse","floor":3.0,"turns":3.0},{"damage":7.0,"enemies":"Jaw Worm","floor":5.0,"turns":3.0},{"damage":14.0,"enemies":"Gremlin Nob","floor":6.0,"turns":4.0},{"damage":30.0,"enemies":"Lagavulin","floor":8.0,"turns":5.0},{"damage":11.0,"enemies":"Looter","floor":11.0,"turns":3.0},{"damage":10.0,"enemies":"Gremlin Gang","floor":12.0,"turns":5.0},{"damage":0.0,"enemies":"3 Louse","floor":14.0,"turns":4.0},{"damage":33.0,"enemies":"The Guardian","floor":16.0,"turns":14.0},{"damage":19.0,"enemies":"Shell Parasite","floor":18.0,"turns":4.0},{"damage":6.0,"enemies":"Chosen","floor":19.0,"turns":3.0},{"damage":20.0,"enemies":"Shelled Parasite and Fungi","floor":20.0,"turns":4.0},{"damage":9.0,"enemies":"Centurion and Healer","floor":22.0,"turns":4.0},{"damage":6.0,"enemies":"Snecko","floor":24.0,"turns":4.0},{"damage":44.0,"enemies":"Book of Stabbing","floor":27.0,"turns":5.0},{"damage":48,"enemies":"Cultist and Chosen","floor":29,"turns":4}],"seed_played":"2705993929116766028","potions_obtained":[{"floor":1.0,"key":"CultistPotion"},{"floor":6.0,"key":"SneckoOil"},{"floor":11.0,"key":"Regen Potion"},{"floor":12.0,"key":"Energy Potion"},{"floor":18.0,"key":"SteroidPotion"},{"floor":24.0,"key":"FearPotion"},{"floor":27.0,"key":"EntropicBrew"}],"is_trial":false,"path_per_floor":["M","$","M","?","M","E","R","E","T","R","M","M","$","M","R","B",null,"M","M","M","$","M","R","M","?","T","E","$","M"],"character_chosen":"IRONCLAD","items_purchased":["Fiend Fire","Feel No Pain"],"campfire_rested":0,"item_purchase_floors":[21,28],"current_hp_per_floor":[85,85,88,88,87,79,79,55,55,55,50,58,73,79,79,52,79,66,66,52,67,64,64,64,64,64,26,41,0],"gold":47,"neow_bonus":"TEN_PERCENT_HP_BONUS","is_prod":false,"is_daily":false,"chose_seed":false,"campfire_upgraded":4,"win_rate":0,"timestamp":1626539180,"path_taken":["M","?","M","?","M","E","R","E","T","R","M","M","$","M","R","BOSS","M","?","M","$","M","R","M","?","T","E","$","M"],"build_version":"2020-12-22","purchased_purges":4,"victory":false,"max_hp_per_floor":[88,88,88,88,88,88,88,88,88,88,88,88,88,88,88,88,88,88,88,88,88,88,88,88,88,88,88,88,88],"card_choices":[{"not_picked":["Ghostly Armor","Body Slam"],"picked":"Carnage","floor":1.0},{"not_picked":["Body Slam","Clothesline"],"picked":"Shrug It Off","floor":3.0},{"not_picked":["Seeing Red","Battle Trance"],"picked":"Headbutt","floor":5.0},{"not_picked":["Clothesline","Barricade"],"picked":"Inflame","floor":6.0},{"not_picked":["Flex","Power Through","Wild Strike"],"picked":"SKIP","floor":8.0},{"not_picked":["Twin Strike","Clash","Wild Strike"],"picked":"SKIP","floor":11.0},{"not_picked":["Anger","Evolve"],"picked":"Uppercut","floor":12.0},{"not_picked":["Thunderclap","Heavy Blade"],"picked":"Shrug It Off","floor":14.0},{"not_picked":["Double Tap","Reaper"],"picked":"Offering","floor":16.0},{"not_picked":["Iron Wave","Shrug It Off"],"picked":"Spot Weakness","floor":18.0},{"not_picked":["Carnage","Clothesline"],"picked":"Shrug It Off","floor":19.0},{"not_picked":["Wild Strike","Body Slam","Headbutt"],"picked":"SKIP","floor":20.0},{"not_picked":["Iron Wave+1","Heavy Blade"],"picked":"Feel No Pain","floor":22.0},{"not_picked":["Sword Boomerang","Barricade"],"picked":"Armaments+1","floor":24.0},{"not_picked":["Rampage","Twin Strike","Pommel Strike"],"picked":"SKIP","floor":27.0}],"player_experience":493707,"relics_obtained":[{"floor":6.0,"key":"PreservedInsect"},{"floor":8.0,"key":"MealTicket"},{"floor":9.0,"key":"Smiling Mask"},{"floor":26.0,"key":"Girya"},{"floor":27.0,"key":"Self Forming Clay"}],"event_choices":[{"damage_healed":0.0,"max_hp_gain":0.0,"max_hp_loss":0.0,"gold_gain":0.0,"event_name":"Accursed Blacksmith","player_choice":"Forge","floor":4.0,"gold_loss":0.0,"damage_taken":0.0,"cards_upgraded":["Carnage"]},{"damage_healed":0.0,"max_hp_gain":0.0,"max_hp_loss":0.0,"gold_gain":0.0,"event_name":"The Library","player_choice":"Read","floor":25.0,"gold_loss":0.0,"damage_taken":0.0,"cards_obtained":["Whirlwind"]}],"is_beta":false,"boss_relics":[{"not_picked":["Black Star","Runic Pyramid"],"picked":"Pandora\u0027s Box"}],"items_purged_floors":[2,13,21,28],"is_endless":false,"potions_floor_spawned":[1,6,11,12,18,19,24,27],"killed_by":"Cultist and Chosen","ascension_level":12}