{"gold_per_floor":[115,115,131,8,8,8,23,23,23,37,37,66,66,76,76,171,171,190,207,207,218,133,133,145,145],"floor_reached":25,"playtime":704,"items_purged":["Strike_R"],"score":325,"play_id":"8d9852a7-59e1-4710-b138-d358c7475315","local_time":"20210720095239","is_ascension_mode":true,"campfire_choices":[{"data":"Searing Blow+1","floor":6,"key":"SMITH"},{"data":"Searing Blow+2","floor":11,"key":"SMITH"},{"data":"Searing Blow+3","floor":13,"key":"SMITH"},{"data":"Searing Blow+4","floor":15,"key":"SMITH"},{"data":"Searing Blow+5","floor":23,"key":"SMITH"}],"neow_cost":"NONE","seed_source_timestamp":458801331652400,"circlet_count":0,"master_deck":["AscendersBane","Bash","Thunderclap","Searing Blow+6","Armaments","Shrug It Off","Metallicize","Fiend Fire","Demon Form","Cleave","Hemokinesis","Disarm","Entrench","Rampage","Twin Strike","Headbutt"],"relics":["Burning Blood","NeowsBlessing","Vajra","Lantern","Pandora\u0027s Box","StrikeDummy"],"potions_floor_usage":[12,21],"damage_taken":[{"damage":0,"enemies":"Jaw Worm","floor":1,"turns":1},{"damage":0,"enemies":"Cultist","floor":3,"turns":1},{"damage":0,"enemies":"Small Slimes","floor":7,"turns":1},{"damage":18,"enemies":"Exordium Thugs","floor":10,"turns":3},{"damage":20,"enemies":"Lagavulin","floor":12,"turns":6},{"damage":11,"enemies":"Looter","floor":14,"turns":2},{"damage":39,"enemies":"Hexaghost","floor":16,"turns":10},{"damage":25,"enemies":"Shell Parasite","floor":18,"turns":5},{"damage":0,"enemies":"Chosen","floor":19,"turns":4},{"damage":17,"enemies":"Snecko","floor":21,"turns":4},{"damage":9,"enemies":"Cultist and Chosen","floor":24,"turns":4},{"damage":45,"enemies":"Book of Stabbing","floor":25,"turns":3}],"seed_played":"-5139748411346716995","potions_obtained":[{"floor":3,"key":"Dexterity Potion"},{"floor":8,"key":"DuplicationPotion"},{"floor":18,"key":"SpeedPotion"},{"floor":24,"key":"Explosive Potion"}],"is_trial":false,"path_per_floor":["M","?","M","$","?","R","M","?","T","M","R","E","R","M","R","B",null,"M","M","?","M","?","R","M","E"],"character_chosen":"IRONCLAD","items_purchased":["Fire Potion"],"campfire_rested":0,"item_purchase_floors":[4],"current_hp_per_floor":[78,78,80,80,80,80,80,80,80,68,68,54,54,49,49,16,64,45,51,51,40,40,40,37,0],"gold":145,"neow_bonus":"THREE_ENEMY_KILL","is_prod":false,"is_daily":false,"chose_seed":false,"campfire_upgraded":5,"win_rate":0,"timestamp":1626789159,"path_taken":["M","?","?","$","?","R","M","?","T","M","R","E","R","M","R","BOSS","M","M","?","M","?","R","M","E"],"build_version":"2020-12-22","purchased_purges":1,"victory":false,"max_hp_per_floor":[80,80,80,80,80,80,80,80,80,80,80,80,80,80,80,80,80,80,80,80,80,80,80,80,80],"card_choices":[{"not_picked":["Cleave","Heavy Blade"],"picked":"Perfected Strike","floor":1},{"not_picked":["Searing Blow","Twin Strike","Thunderclap"],"picked":"SKIP","floor":3},{"not_picked":["Twin Strike","Thunderclap"],"picked":"Searing Blow","floor":3},{"not_picked":["Flex","Sentinel"],"picked":"Armaments","floor":7},{"not_picked":["Perfected Strike","Cleave"],"picked":"Shrug It Off","floor":10},{"not_picked":["Thunderclap","Twin Strike","Intimidate"],"picked":"SKIP","floor":12},{"not_picked":["Shockwave","Flex"],"picked":"Metallicize","floor":14},{"not_picked":["Feed","Immolate"],"picked":"Fiend Fire","floor":16},{"not_picked":["Body Slam","True Grit"],"picked":"Headbutt","floor":18},{"not_picked":["Sword Boomerang","Clash","Body Slam+1"],"picked":"SKIP","floor":19},{"not_picked":["True Grit","Body Slam","Feed"],"picked":"SKIP","floor":21},{"not_picked":["Flex","Iron Wave","Body Slam"],"picked":"SKIP","floor":24}],"player_experience":502225,"relics_obtained":[{"floor":9,"key":"Vajra"},{"floor":12,"key":"Lantern"}],"event_choices":[{"damage_healed":0,"gold_gain":0,"cards_transformed":["Defend_R"],"player_choice":"Transformed","damage_taken":0,"max_hp_gain":0,"max_hp_loss":0,"event_name":"Transmorgrifier","floor":2,"gold_loss":0,"cards_obtained":["Thunderclap"]},{"damage_healed":0,"gold_gain":0,"player_choice":"Grow","damage_taken":0,"max_hp_gain":0,"max_hp_loss":0,"event_name":"Living Wall","floor":5,"gold_loss":0,"cards_upgraded":["Searing Blow"]},{"damage_healed":0,"gold_gain":0,"player_choice":"Got Potions","damage_taken":0,"max_hp_gain":0,"max_hp_loss":0,"event_name":"Lab","floor":8,"gold_loss":0},{"cards_removed":["Perfected Strike"],"damage_healed":0,"gold_gain":0,"player_choice":"Elegance","damage_taken":0,"max_hp_gain":0,"max_hp_loss":0,"event_name":"Back to Basics","floor":20,"gold_loss":0},{"damage_healed":0,"gold_gain":0,"player_choice":"Obtained Relic","damage_taken":0,"relics_obtained":["StrikeDummy"],"max_hp_gain":0,"max_hp_loss":0,"event_name":"Addict","floor":22,"gold_loss":85}],"is_beta":false,"boss_relics":[{"not_picked":["SacredBark","Mark of Pain"],"picked":"Pandora\u0027s Box"}],"items_purged_floors":[4],"is_endless":false,"potions_floor_spawned":[3,10,18,24],"killed_by":"Book of Stabbing","ascension_level":12}