{"gold_per_floor":[115,135,135,149,149,185,185,185,185,185,15,49,49,73,73,73],"floor_reached":16,"playtime":345,"items_purged":[],"score":162,"play_id":"1628bcbf-4cb2-4bf6-9533-80e427640bb8","local_time":"20210716120141","is_ascension_mode":true,"campfire_choices":[{"data":"Immolate","floor":8,"key":"SMITH"},{"data":"Metallicize","floor":10,"key":"SMITH"},{"floor":15,"key":"REST"}],"neow_cost":"NONE","seed_source_timestamp":121309935232500,"circlet_count":0,"master_deck":["AscendersBane","Strike_R","Strike_R","Strike_R","Strike_R","Strike_R","Defend_R","Defend_R","Defend_R","Defend_R","Bash","Immolate+1","Anger","Metallicize+1","Armaments","Spot Weakness","Flame Barrier"],"relics":["Burning Blood","Golden Idol","Mango","Matryoshka","Membership Card","Bottled Tornado","Incense Burner"],"potions_floor_usage":[16],"damage_taken":[{"damage":9,"enemies":"2 Louse","floor":1,"turns":3},{"damage":5,"enemies":"Small Slimes","floor":2,"turns":3},{"damage":9,"enemies":"Jaw Worm","floor":4,"turns":3},{"damage":44,"enemies":"Lagavulin","floor":6,"turns":6},{"damage":6,"enemies":"3 Sentries","floor":12,"turns":4},{"damage":0,"enemies":"2 Fungi Beasts","floor":14,"turns":1},{"damage":41,"enemies":"Hexaghost","floor":16,"turns":9}],"seed_played":"-1441720452916134694","potions_obtained":[{"floor":12,"key":"Fire Potion"}],"is_trial":false,"path_per_floor":["M","M","?","M","?","E","?","R","T","R","$","E","?","M","R","B"],"character_chosen":"IRONCLAD","items_purchased":["Membership Card","Spot Weakness"],"campfire_rested":1,"item_purchase_floors":[11,11],"current_hp_per_floor":[69,70,50,47,73,49,49,49,49,49,49,49,7,13,41,0],"gold":73,"neow_bonus":"ONE_RANDOM_RARE_CARD","is_prod":false,"is_daily":false,"chose_seed":false,"campfire_upgraded":2,"win_rate":0,"timestamp":1626451301,"path_taken":["M","M","?","M","?","E","?","R","T","R","?","E","?","M","R","BOSS"],"build_version":"2020-12-22","purchased_purges":0,"victory":false,"max_hp_per_floor":[80,80,80,80,80,94,94,94,94,94,94,94,94,94,94,94],"card_choices":[{"not_picked":["Cleave","Rupture"],"picked":"Anger","floor":1},{"not_picked":["Ghostly Armor","Twin Strike"],"picked":"Metallicize","floor":2},{"not_picked":["Flex","Heavy Blade","Entrench"],"picked":"SKIP","floor":4},{"not_picked":["Heavy Blade","Havoc"],"picked":"Armaments","floor":6},{"not_picked":["Perfected Strike","Metallicize"],"picked":"Flame Barrier","floor":12},{"not_picked":["Juggernaut","True Grit","Seeing Red"],"picked":"SKIP","floor":14}],"player_experience":482573,"relics_obtained":[{"floor":6,"key":"Mango"},{"floor":9,"key":"Matryoshka"},{"floor":12,"key":"Bottled Tornado"}],"event_choices":[{"damage_healed":0,"gold_gain":0,"player_choice":"Take Damage","damage_taken":20,"relics_obtained":["Golden Idol"],"max_hp_gain":0,"max_hp_loss":0,"event_name":"Golden Idol","floor":3,"gold_loss":0},{"damage_healed":26,"gold_gain":0,"player_choice":"Banana","damage_taken":0,"max_hp_gain":0,"max_hp_loss":0,"event_name":"Big Fish","floor":5,"gold_loss":0},{"damage_healed":0,"gold_gain":0,"player_choice":"Ignored","damage_taken":0,"max_hp_gain":0,"max_hp_loss":0,"event_name":"Liars Game","floor":7,"gold_loss":0},{"damage_healed":0,"gold_gain":0,"player_choice":"Success","damage_taken":42,"relics_obtained":["Incense Burner"],"max_hp_gain":0,"max_hp_loss":0,"event_name":"Scrap Ooze","floor":13,"gold_loss":0}],"is_beta":false,"boss_relics":[],"items_purged_floors":[],"is_endless":false,"potions_floor_spawned":[12],"killed_by":"Hexaghost","ascension_level":10}