{"gold_per_floor":[215,229,179,198,216,216,249,249,275,450,41,62,62,62],"floor_reached":14,"playtime":643,"items_purged":["Doubt"],"score":141,"play_id":"562f9052-e897-42af-a709-52848c58c29d","local_time":"20210720094046","is_ascension_mode":true,"campfire_choices":[{"data":"Bash","floor":6,"key":"SMITH"},{"data":"Flame Barrier","floor":8,"key":"SMITH"},{"data":"Rupture","floor":13,"key":"SMITH"}],"neow_cost":"NONE","seed_source_timestamp":458150169597700,"circlet_count":0,"master_deck":["AscendersBane","Strike_R","Strike_R","Strike_R","Strike_R","Defend_R","Defend_R","Defend_R","Defend_R","Bash+1","Flame Barrier+1","Rupture+1","Wild Strike","Anger","Perfected Strike","Combust","Fire Breathing"],"relics":["Burning Blood","Pen Nib","Nunchaku","Blood Vial","OrangePellets","Odd Mushroom"],"potions_floor_usage":[7],"damage_taken":[{"damage":11,"enemies":"Small Slimes","floor":1,"turns":4},{"damage":0,"enemies":"Jaw Worm","floor":2,"turns":5},{"damage":2,"enemies":"2 Louse","floor":4,"turns":3},{"damage":12,"enemies":"Lots of Slimes","floor":5,"turns":5},{"damage":30,"enemies":"3 Sentries","floor":7,"turns":12},{"damage":17,"enemies":"The Mushroom Lair","floor":12,"turns":4},{"damage":43,"enemies":"Gremlin Nob","floor":14,"turns":4}],"seed_played":"2475418367969309860","potions_obtained":[{"floor":4,"key":"ElixirPotion"},{"floor":5,"key":"SkillPotion"}],"is_trial":false,"path_per_floor":["M","M","?","M","M","R","E","R","T","?","$","?","R","E"],"character_chosen":"IRONCLAD","items_purchased":["Combust","Blood Vial","OrangePellets"],"campfire_rested":0,"item_purchase_floors":[11,11,11],"current_hp_per_floor":[67,73,73,77,71,71,47,47,47,47,47,38,38,0],"gold":62,"neow_bonus":"HUNDRED_GOLD","is_prod":false,"is_daily":false,"chose_seed":false,"campfire_upgraded":3,"win_rate":0,"timestamp":1626788446,"path_taken":["M","M","?","M","M","R","E","R","T","?","$","?","R","E"],"build_version":"2020-12-22","purchased_purges":1,"victory":false,"max_hp_per_floor":[80,80,80,80,80,80,80,80,80,80,80,80,80,80],"card_choices":[{"not_picked":["Havoc","Warcry"],"picked":"Flame Barrier","floor":1},{"not_picked":["Flame Barrier","Entrench"],"picked":"Rupture","floor":2},{"not_picked":["Cleave","Ghostly Armor"],"picked":"Wild Strike","floor":4},{"not_picked":["Sword Boomerang","Bloodletting"],"picked":"Anger","floor":5},{"not_picked":["True Grit","Wild Strike"],"picked":"Perfected Strike","floor":7},{"not_picked":["Flame Barrier","Havoc"],"picked":"Fire Breathing","floor":12}],"player_experience":501582,"relics_obtained":[{"floor":7,"key":"Pen Nib"},{"floor":9,"key":"Nunchaku"},{"floor":12,"key":"Odd Mushroom"}],"event_choices":[{"cards_removed":["Strike_R"],"damage_healed":0,"gold_gain":0,"player_choice":"Card Removal","damage_taken":0,"max_hp_gain":0,"max_hp_loss":0,"event_name":"The Cleric","floor":3,"gold_loss":50},{"damage_healed":0,"gold_gain":175,"player_choice":"AGREE","damage_taken":0,"max_hp_gain":0,"max_hp_loss":0,"event_name":"Liars Game","floor":10,"gold_loss":0,"cards_obtained":["Doubt"]},{"damage_healed":0,"gold_gain":0,"player_choice":"Fought Mushrooms","damage_taken":0,"max_hp_gain":0,"max_hp_loss":0,"event_name":"Mushrooms","floor":12,"gold_loss":0}],"is_beta":false,"boss_relics":[],"items_purged_floors":[11],"is_endless":false,"potions_floor_spawned":[4,5],"killed_by":"Gremlin Nob","ascension_level":12}