{"gold_per_floor":[16,35,55,155,173,206,226,226,226,258,258,271,291,303,303,400,400,415,430,281,297,0,0,0],"floor_reached":24,"playtime":1050,"items_purged":["Strike_R"],"score":336,"play_id":"2175a9cd-8bdc-44c4-9da0-fb1aadee3de5","local_time":"20210720155239","is_ascension_mode":true,"campfire_choices":[{"floor":8,"key":"REST"},{"data":"Demon Form","floor":11,"key":"SMITH"},{"data":"Uppercut","floor":15,"key":"SMITH"},{"floor":23,"key":"REST"}],"neow_cost":"NO_GOLD","seed_source_timestamp":480056502576500,"circlet_count":0,"master_deck":["AscendersBane","Strike_R","Strike_R","Strike_R","Strike_R","Defend_R","Defend_R","Defend_R","Defend_R","Bash","Demon Form+1","Uppercut+1","Dropkick","Wild Strike","Inflame","Twin Strike","Shrug It Off","Immolate","Feel No Pain","True Grit","Offering"],"relics":["Burning Blood","Singing Bowl","Ancient Tea Set","Red Skull","Odd Mushroom","Black Star","Pen Nib"],"potions_floor_usage":[6,10,16,19,21,24],"damage_taken":[{"damage":8,"enemies":"Jaw Worm","floor":1,"turns":4},{"damage":2,"enemies":"Cultist","floor":2,"turns":4},{"damage":14,"enemies":"Small Slimes","floor":3,"turns":4},{"damage":5,"enemies":"Gremlin Gang","floor":5,"turns":5},{"damage":32,"enemies":"Gremlin Nob","floor":6,"turns":4},{"damage":19,"enemies":"3 Louse","floor":7,"turns":4},{"damage":30,"enemies":"3 Sentries","floor":10,"turns":7},{"damage":0,"enemies":"Large Slime","floor":12,"turns":2},{"damage":8,"enemies":"The Mushroom Lair","floor":13,"turns":4},{"damage":15,"enemies":"Exordium Wildlife","floor":14,"turns":4},{"damage":13,"enemies":"Slime Boss","floor":16,"turns":9},{"damage":49,"enemies":"Shell Parasite","floor":18,"turns":6},{"damage":19,"enemies":"2 Thieves","floor":19,"turns":4},{"damage":14,"enemies":"Centurion and Healer","floor":21,"turns":6},{"damage":54,"enemies":"Book of Stabbing","floor":24,"turns":5}],"seed_played":"-5119809446431342188","potions_obtained":[{"floor":2,"key":"DistilledChaos"},{"floor":3,"key":"SteroidPotion"},{"floor":10,"key":"FearPotion"},{"floor":12,"key":"Weak Potion"},{"floor":16,"key":"EssenceOfSteel"},{"floor":18,"key":"LiquidBronze"}],"is_trial":false,"path_per_floor":["M","M","M","?","M","E","M","R","T","E","R","M","?","M","R","B",null,"M","M","$","M","$","R","E"],"character_chosen":"IRONCLAD","items_purchased":["Regen Potion","Pen Nib","Offering"],"campfire_rested":2,"item_purchase_floors":[20,22,22],"current_hp_per_floor":[70,74,66,66,67,43,30,54,54,32,32,38,38,31,31,24,72,29,18,18,25,25,52,0],"gold":0,"neow_bonus":"THREE_RARE_CARDS","is_prod":false,"is_daily":false,"chose_seed":false,"campfire_upgraded":2,"win_rate":0,"timestamp":1626810759,"path_taken":["M","M","M","?","?","E","M","R","T","E","R","M","?","M","R","BOSS","M","M","$","M","$","R","E"],"build_version":"2020-12-22","purchased_purges":1,"victory":false,"max_hp_per_floor":[80,80,80,80,80,82,82,82,82,84,84,84,86,88,88,88,88,88,90,90,90,90,90,90],"card_choices":[{"not_picked":["Brutality","Barricade"],"picked":"Demon Form","floor":0},{"not_picked":["Anger","Cleave"],"picked":"Uppercut","floor":1},{"not_picked":["Searing Blow","Havoc"],"picked":"Dropkick","floor":2},{"not_picked":["Seeing Red","Disarm"],"picked":"Wild Strike","floor":3},{"not_picked":["Warcry","Flex"],"picked":"Inflame","floor":5},{"not_picked":["Exhume","Sever Soul","Headbutt"],"picked":"Singing Bowl","floor":6},{"not_picked":["Dark Embrace","Anger"],"picked":"Twin Strike","floor":7},{"not_picked":["Intimidate","Clothesline","Double Tap"],"picked":"Singing Bowl","floor":10},{"not_picked":["Flex","Warcry"],"picked":"Shrug It Off","floor":12},{"not_picked":["Reckless Charge","Dropkick","Perfected Strike"],"picked":"Singing Bowl","floor":13},{"not_picked":["Clothesline","Havoc","Clash"],"picked":"Singing Bowl","floor":14},{"not_picked":["Juggernaut","Double Tap"],"picked":"Immolate","floor":16},{"not_picked":["Anger","Clash"],"picked":"Feel No Pain","floor":18},{"not_picked":["Dark Embrace","Flex","Bloodletting"],"picked":"Singing Bowl","floor":19},{"not_picked":["Dropkick","Clothesline"],"picked":"True Grit","floor":21}],"player_experience":507053,"relics_obtained":[{"floor":6,"key":"Singing Bowl"},{"floor":9,"key":"Ancient Tea Set"},{"floor":10,"key":"Red Skull"},{"floor":13,"key":"Odd Mushroom"}],"event_choices":[{"damage_healed":0,"gold_gain":100,"player_choice":"Pray","damage_taken":0,"max_hp_gain":0,"max_hp_loss":0,"event_name":"Golden Shrine","floor":4,"gold_loss":0},{"damage_healed":0,"gold_gain":0,"player_choice":"Fought Mushrooms","damage_taken":0,"max_hp_gain":0,"max_hp_loss":0,"event_name":"Mushrooms","floor":13,"gold_loss":0}],"is_beta":false,"boss_relics":[{"not_picked":["Sozu","Busted Crown"],"picked":"Black Star"}],"items_purged_floors":[20],"is_endless":false,"potions_floor_spawned":[2,3,10,12,14,16,18],"killed_by":"Book of Stabbing","ascension_level":12}