{"gold_per_floor":[116,140,153,172,191,191,217,217,242,242,272,272,272,286,286,363,363,380,380,138,138,188,188,215,227,227,239,268,287,20,33,33,111,161,172,172,186,205,223,254,254,254,304,99,99,134,147,15,15,15],"floor_reached":50,"playtime":2848,"items_purged":["Strike_R","Strike_R","Strike_R"],"score":1100,"play_id":"d5eb721e-70a0-4ec2-b820-2cb45a834ce6","local_time":"20210825135552","is_ascension_mode":true,"campfire_choices":[{"data":"Uppercut","floor":6,"key":"SMITH"},{"data":"Offering","floor":8,"key":"SMITH"},{"data":"Juggernaut","floor":10,"key":"SMITH"},{"data":"Reckless Charge","floor":13,"key":"SMITH"},{"data":"Iron Wave","floor":15,"key":"SMITH"},{"floor":23,"key":"REST"},{"floor":32,"key":"RECALL"},{"floor":41,"key":"REST"},{"floor":49,"key":"REST"}],"neow_cost":"NONE","seed_source_timestamp":8117709997900,"circlet_count":0,"master_deck":["AscendersBane","Defend_R","Defend_R+1","Defend_R","Defend_R","Bash","Juggernaut+1","Reckless Charge+1","Offering+1","Clothesline","Uppercut+1","Pummel","Iron Wave+1","Armaments+1","Power Through","Berserk","Reaper","True Grit+1","Headbutt","Iron Wave","Shrug It Off","Exhume","Battle Trance","Pommel Strike+1","Flame Barrier","Iron Wave","Body Slam","Battle Trance"],"relics":["Burning Blood","Pen Nib","Magic Flower","Ancient Tea Set","Du-Vu Doll","Bag of Marbles","Fusion Hammer","OrangePellets","Centennial Puzzle","HornCleat","Orichalcum","Bag of Preparation","Tiny House","Calipers","Regal Pillow"],"potions_floor_usage":[16],"damage_taken":[{"damage":2,"enemies":"Cultist","floor":1,"turns":4},{"damage":9,"enemies":"2 Louse","floor":3,"turns":3},{"damage":6,"enemies":"Jaw Worm","floor":4,"turns":1},{"damage":7,"enemies":"2 Fungi Beasts","floor":5,"turns":3},{"damage":6,"enemies":"Gremlin Nob","floor":7,"turns":3},{"damage":36,"enemies":"3 Sentries","floor":11,"turns":7},{"damage":6,"enemies":"Gremlin Gang","floor":14,"turns":3},{"damage":28,"enemies":"The Guardian","floor":16,"turns":8},{"damage":29,"enemies":"Shell Parasite","floor":18,"turns":3},{"damage":16,"enemies":"Book of Stabbing","floor":24,"turns":4},{"damage":26,"enemies":"3 Byrds","floor":25,"turns":5},{"damage":6,"enemies":"Snake Plant","floor":27,"turns":3},{"damage":40,"enemies":"Gremlin Leader","floor":28,"turns":7},{"damage":6,"enemies":"Snecko","floor":29,"turns":3},{"damage":6,"enemies":"Centurion and Healer","floor":31,"turns":4},{"damage":59,"enemies":"Automaton","floor":33,"turns":12},{"damage":24,"enemies":"3 Darklings","floor":35,"turns":5},{"damage":13,"enemies":"3 Shapes","floor":37,"turns":4},{"damage":37,"enemies":"3 Darklings","floor":38,"turns":6},{"damage":11,"enemies":"4 Shapes","floor":39,"turns":4},{"damage":51,"enemies":"Giant Head","floor":40,"turns":8},{"damage":37,"enemies":"Nemesis","floor":46,"turns":7},{"damage":12,"enemies":"Writhing Mass","floor":47,"turns":7},{"damage":88,"enemies":"Awakened One","floor":50,"turns":13}],"seed_played":"6134607030156754819","potions_obtained":[{"floor":3,"key":"Energy Potion"},{"floor":11,"key":"ColorlessPotion"},{"floor":16,"key":"DuplicationPotion"},{"floor":38,"key":"PowerPotion"}],"is_trial":false,"path_per_floor":["M","T","M","M","M","R","E","R","T","R","E","?","R","M","R","B",null,"M","?","$","?","?","R","E","M","T","M","E","M","$","M","R","B",null,"M","?","M","M","M","E","R","?","T","$","?","E","M","$","R","B"],"character_chosen":"IRONCLAD","items_purchased":["OrangePellets","Bag of Preparation","Flame Barrier","Body Slam","Battle Trance"],"campfire_rested":3,"item_purchase_floors":[20,30,44,48,48],"current_hp_per_floor":[72,72,69,69,68,68,68,68,68,68,41,41,41,44,44,25,63,54,54,54,54,54,75,68,69,69,72,75,75,75,75,75,54,75,80,80,80,66,80,50,74,74,74,74,74,46,52,52,80,0],"gold":15,"neow_bonus":"ONE_RANDOM_RARE_CARD","is_prod":false,"is_daily":false,"chose_seed":false,"campfire_upgraded":5,"win_rate":0,"timestamp":1629914152,"path_taken":["M","?","M","M","M","R","E","R","T","R","E","?","R","M","R","BOSS","M","?","$","?","?","R","E","M","T","?","E","M","$","M","R","BOSS","M","?","?","?","M","E","R","?","T","$","?","E","M","$","R","BOSS"],"build_version":"2020-12-22","purchased_purges":3,"victory":false,"max_hp_per_floor":[75,75,75,75,75,75,75,75,75,75,75,75,75,75,75,75,75,75,75,75,75,75,75,75,75,75,75,75,75,75,75,75,75,80,80,80,80,80,80,80,80,80,80,80,80,80,80,80,80,80],"card_choices":[{"not_picked":["Thunderclap","Body Slam"],"picked":"Reckless Charge","floor":1},{"not_picked":["Havoc","Sword Boomerang"],"picked":"Offering","floor":3},{"not_picked":["Headbutt","Warcry"],"picked":"Clothesline","floor":4},{"not_picked":["Shockwave","Rupture"],"picked":"Uppercut","floor":5},{"not_picked":["Seeing Red","Double Tap","Wild Strike"],"picked":"SKIP","floor":7},{"not_picked":["Pommel Strike","Seeing Red"],"picked":"Pummel","floor":11},{"not_picked":["Blood for Blood","Sever Soul"],"picked":"Iron Wave","floor":14},{"not_picked":["Offering","Limit Break"],"picked":"Reaper","floor":16},{"not_picked":["True Grit","Inflame"],"picked":"Armaments+1","floor":18},{"not_picked":["Whirlwind","Clash"],"picked":"Reaper","floor":24},{"not_picked":["Warcry","Pummel"],"picked":"True Grit+1","floor":25},{"not_picked":["Clothesline","Blood for Blood"],"picked":"Headbutt","floor":27},{"not_picked":["Armaments","Havoc","Perfected Strike"],"picked":"SKIP","floor":28},{"not_picked":["Anger","Dropkick"],"picked":"Iron Wave","floor":29},{"not_picked":["Clash","Clothesline"],"picked":"Shrug It Off","floor":31},{"not_picked":["Immolate","Double Tap"],"picked":"Exhume","floor":33},{"not_picked":["Clothesline","Headbutt","Combust"],"picked":"SKIP","floor":35},{"not_picked":["Feed","Heavy Blade"],"picked":"Battle Trance","floor":37},{"not_picked":["Entrench","Seeing Red+1","Armaments"],"picked":"SKIP","floor":38},{"not_picked":["Thunderclap","Wild Strike","Shrug It Off"],"picked":"SKIP","floor":39},{"not_picked":["Blood for Blood","Wild Strike"],"picked":"Pommel Strike+1","floor":40},{"not_picked":["Clothesline","Whirlwind"],"picked":"Iron Wave","floor":46},{"not_picked":["Warcry","Intimidate","Clothesline"],"picked":"SKIP","floor":47}],"player_experience":739585,"relics_obtained":[{"floor":2,"key":"Pen Nib"},{"floor":7,"key":"Magic Flower"},{"floor":9,"key":"Ancient Tea Set"},{"floor":11,"key":"Du-Vu Doll"},{"floor":12,"key":"Bag of Marbles"},{"floor":24,"key":"Centennial Puzzle"},{"floor":26,"key":"HornCleat"},{"floor":28,"key":"Orichalcum"},{"floor":40,"key":"Calipers"},{"floor":46,"key":"Regal Pillow"}],"event_choices":[{"damage_healed":0,"gold_gain":0,"player_choice":"Relic","damage_taken":0,"max_hp_gain":0,"max_hp_loss":0,"event_name":"Wheel of Change","floor":12,"gold_loss":0},{"damage_healed":0,"gold_gain":0,"cards_transformed":["Strike_R","Strike_R"],"player_choice":"Became Test Subject","damage_taken":0,"max_hp_gain":0,"max_hp_loss":0,"event_name":"Drug Dealer","floor":19,"gold_loss":0,"cards_obtained":["Power Through","Berserk"]},{"damage_healed":0,"gold_gain":0,"player_choice":"Ignored","damage_taken":0,"max_hp_gain":0,"max_hp_loss":0,"event_name":"The Mausoleum","floor":21,"gold_loss":0},{"damage_healed":0,"gold_gain":50,"player_choice":"Pray","damage_taken":0,"max_hp_gain":0,"max_hp_loss":0,"event_name":"Golden Shrine","floor":22,"gold_loss":0},{"damage_healed":0,"gold_gain":0,"player_choice":"Ignored","damage_taken":0,"max_hp_gain":0,"max_hp_loss":0,"event_name":"SecretPortal","floor":36,"gold_loss":0},{"cards_removed":["Reaper"],"damage_healed":0,"gold_gain":0,"player_choice":"Removed Attack","damage_taken":0,"max_hp_gain":0,"max_hp_loss":0,"event_name":"Falling","floor":42,"gold_loss":0},{"damage_healed":0,"gold_gain":0,"player_choice":"Ignored","damage_taken":0,"max_hp_gain":0,"max_hp_loss":0,"event_name":"Tomb of Lord Red Mask","floor":45,"gold_loss":0}],"is_beta":false,"boss_relics":[{"not_picked":["Mark of Pain","Sozu"],"picked":"Fusion Hammer"},{"not_picked":["Philosopher\u0027s Stone","Cursed Key"],"picked":"Tiny House"}],"items_purged_floors":[20,30,44],"is_endless":false,"potions_floor_spawned":[3,11,16,25,28,31,33,38,39,46],"killed_by":"Awakened One","ascension_level":20}