{"gold_per_floor":[119,138,156,156,231,231,266,191,191,191,63,79,50,76,76,150,150,170,186,186,186,197,197,213,213,239,249,280,296,26,61,61,139,139,157,173,185,185],"floor_reached":38,"playtime":1817,"items_purged":["Strike_R","Bite"],"score":927,"play_id":"44576c2e-4a14-4017-990d-5b108063dca4","local_time":"20210822162020","is_ascension_mode":true,"campfire_choices":[{"data":"Blood for Blood","floor":6,"key":"SMITH"},{"floor":15,"key":"REST"},{"data":"Fiend Fire","floor":23,"key":"SMITH"},{"floor":25,"key":"REST"},{"floor":32,"key":"REST"}],"neow_cost":"NONE","seed_source_timestamp":1000696976600300,"circlet_count":0,"master_deck":["AscendersBane","Defend_R+1","Defend_R+1","Defend_R+1","Defend_R+1","Bash","Blood for Blood+1","Reckless Charge","Second Wind","Armaments","Clothesline","Headbutt","Fiend Fire+1","Ghostly Armor","Intimidate+1","Bite","Bite","Bite","Bite","Dark Embrace+1","Power Through","Feel No Pain","Body Slam","Corruption","Power Through","Fire Breathing+1"],"relics":["Burning Blood","NeowsBlessing","Strawberry","Gremlin Horn","Sundial","Dead Branch","Sozu","Omamori","HornCleat","Potion Belt","Philosopher\u0027s Stone"],"potions_floor_usage":[7,18,28],"damage_taken":[{"damage":0,"enemies":"2 Louse","floor":1,"turns":1},{"damage":0,"enemies":"Jaw Worm","floor":2,"turns":1},{"damage":0,"enemies":"Small Slimes","floor":3,"turns":1},{"damage":32,"enemies":"Gremlin Nob","floor":7,"turns":4},{"damage":10,"enemies":"Looter","floor":12,"turns":4},{"damage":20,"enemies":"Lagavulin","floor":14,"turns":7},{"damage":31,"enemies":"Hexaghost","floor":16,"turns":8},{"damage":23,"enemies":"3 Byrds","floor":18,"turns":5},{"damage":27,"enemies":"Shell Parasite","floor":19,"turns":4},{"damage":25,"enemies":"Centurion and Healer","floor":22,"turns":14},{"damage":31,"enemies":"Snecko","floor":24,"turns":6},{"damage":16,"enemies":"Sentry and Sphere","floor":27,"turns":7},{"damage":7,"enemies":"Slavers","floor":28,"turns":7},{"damage":23,"enemies":"Shelled Parasite and Fungi","floor":29,"turns":8},{"damage":39,"enemies":"Gremlin Leader","floor":31,"turns":5},{"damage":15,"enemies":"Automaton","floor":33,"turns":6},{"damage":17,"enemies":"3 Darklings","floor":35,"turns":5},{"damage":17,"enemies":"Orb Walker","floor":36,"turns":5},{"damage":26,"enemies":"Spire Growth","floor":37,"turns":5},{"damage":37,"enemies":"2 Orb Walkers","floor":38,"turns":2}],"seed_played":"4576027677008904058","potions_obtained":[{"floor":2,"key":"SteroidPotion"},{"floor":14,"key":"Fire Potion"},{"floor":16,"key":"SteroidPotion"}],"is_trial":false,"path_per_floor":["M","M","M","?","?","R","E","?","T","?","$","M","$","E","R","B",null,"M","M","?","?","M","R","M","R","T","M","E","M","$","E","R","B",null,"M","M","M","?"],"character_chosen":"IRONCLAD","items_purchased":["Fire Potion","Clothesline","Power Through","Feel No Pain"],"campfire_rested":3,"item_purchase_floors":[11,13,30,30],"current_hp_per_floor":[74,75,75,75,64,64,45,45,45,27,27,23,23,9,33,8,64,47,26,26,26,43,43,30,47,47,53,57,52,52,24,41,36,52,47,44,31,0],"gold":185,"neow_bonus":"THREE_ENEMY_KILL","is_prod":false,"is_daily":false,"chose_seed":false,"campfire_upgraded":2,"win_rate":0,"timestamp":1629663620,"path_taken":["M","M","M","?","?","R","E","?","T","?","$","M","?","E","R","BOSS","M","M","?","?","M","R","M","R","T","M","E","M","$","E","R","BOSS","M","M","M","?"],"build_version":"2020-12-22","purchased_purges":2,"victory":false,"max_hp_per_floor":[75,75,75,75,75,75,82,82,82,82,82,82,82,82,82,82,82,82,82,82,57,57,57,57,57,57,57,57,57,57,57,57,57,57,57,57,57,57],"card_choices":[{"not_picked":["Thunderclap","Warcry"],"picked":"Blood for Blood","floor":1},{"not_picked":["Body Slam","Bloodletting"],"picked":"Reckless Charge","floor":2},{"not_picked":["Sentinel","Whirlwind"],"picked":"Second Wind","floor":3},{"not_picked":["Intimidate","Infernal Blade"],"picked":"Armaments","floor":7},{"not_picked":["Warcry","Flex","Clash"],"picked":"SKIP","floor":12},{"not_picked":["Power Through","Twin Strike"],"picked":"Headbutt","floor":14},{"not_picked":["Feed","Demon Form"],"picked":"Fiend Fire","floor":16},{"not_picked":["Twin Strike","Perfected Strike"],"picked":"Ghostly Armor","floor":18},{"not_picked":["Shrug It Off","Rupture+1"],"picked":"Intimidate+1","floor":19},{"not_picked":["Heavy Blade","Sever Soul","Headbutt"],"picked":"SKIP","floor":22},{"not_picked":["Rampage","Flame Barrier"],"picked":"Dark Embrace+1","floor":24},{"not_picked":["Armaments","Headbutt+1","Clothesline"],"picked":"SKIP","floor":27},{"not_picked":["Perfected Strike","Clothesline","Thunderclap"],"picked":"SKIP","floor":28},{"not_picked":["Twin Strike","Heavy Blade","Sword Boomerang+1"],"picked":"SKIP","floor":29},{"not_picked":["Disarm","Armaments"],"picked":"Body Slam","floor":31},{"not_picked":["Berserk","Juggernaut"],"picked":"Corruption","floor":33},{"not_picked":["Cleave","Clothesline"],"picked":"Power Through","floor":35},{"not_picked":["Wild Strike","Sever Soul","Dual Wield"],"picked":"SKIP","floor":36},{"not_picked":["Clash+1","Heavy Blade"],"picked":"Fire Breathing+1","floor":37}],"player_experience":707386,"relics_obtained":[{"floor":7,"key":"Strawberry"},{"floor":9,"key":"Gremlin Horn"},{"floor":14,"key":"Dead Branch"},{"floor":26,"key":"Omamori"},{"floor":28,"key":"HornCleat"},{"floor":31,"key":"Potion Belt"}],"event_choices":[{"damage_healed":0,"gold_gain":0,"player_choice":"Ignored","damage_taken":0,"max_hp_gain":0,"max_hp_loss":0,"event_name":"Liars Game","floor":4,"gold_loss":0},{"damage_healed":0,"gold_gain":75,"player_choice":"Gather Gold","damage_taken":11,"max_hp_gain":0,"max_hp_loss":0,"event_name":"World of Goop","floor":5,"gold_loss":0},{"cards_removed":["Strike_R"],"damage_healed":0,"gold_gain":0,"player_choice":"Card Removal","damage_taken":0,"max_hp_gain":0,"max_hp_loss":0,"event_name":"The Cleric","floor":8,"gold_loss":75},{"damage_healed":0,"gold_gain":0,"player_choice":"Success","damage_taken":18,"relics_obtained":["Sundial"],"max_hp_gain":0,"max_hp_loss":0,"event_name":"Scrap Ooze","floor":10,"gold_loss":0},{"damage_healed":0,"gold_gain":0,"player_choice":"Simplicity","damage_taken":0,"max_hp_gain":0,"max_hp_loss":0,"event_name":"Back to Basics","floor":20,"gold_loss":0,"cards_upgraded":["Strike_R","Strike_R","Strike_R","Defend_R","Defend_R","Defend_R","Defend_R"]},{"damage_healed":0,"gold_gain":0,"player_choice":"Became a vampire","damage_taken":0,"max_hp_gain":0,"max_hp_loss":25,"event_name":"Vampires","floor":21,"gold_loss":0,"cards_obtained":["Bite","Bite","Bite","Bite","Bite"]},{"damage_healed":0,"gold_gain":0,"player_choice":"Fight","damage_taken":0,"max_hp_gain":0,"max_hp_loss":0,"event_name":"Mysterious Sphere","floor":38,"gold_loss":0}],"is_beta":false,"boss_relics":[{"not_picked":["SlaversCollar","Velvet Choker"],"picked":"Sozu"},{"not_picked":["Runic Dome","Runic Pyramid"],"picked":"Philosopher\u0027s Stone"}],"items_purged_floors":[11,30],"is_endless":false,"potions_floor_spawned":[2,14,16,22,24,28,33,37],"killed_by":"2 Orb Walkers","ascension_level":20}