{"gold_per_floor":[118,129,144,160,178,178,208,208,208,228,239,271,346,358,358,436,436,455,4,19,31,0,0],"floor_reached":23,"playtime":1254,"items_purged":["Strike_R"],"score":414,"play_id":"d7d400e3-1f2f-436c-98cb-a70053028bd7","local_time":"20210825214249","is_ascension_mode":true,"campfire_choices":[{"data":"True Grit","floor":6.0,"key":"SMITH"},{"floor":8.0,"key":"REST"},{"data":"Clothesline","floor":15.0,"key":"SMITH"}],"neow_cost":"NONE","seed_source_timestamp":37643477858000,"circlet_count":0,"master_deck":["AscendersBane","Strike_R+1","Strike_R+1","Strike_R","Strike_R","Defend_R","Defend_R","Defend_R","Defend_R","Bash","Battle Trance","True Grit+1","Thunderclap","Metallicize","Fiend Fire","Clothesline+1","Hemokinesis","Sword Boomerang","Feed","Dual Wield","True Grit","Uppercut+1"],"special_seed":0,"relics":["Burning Blood","Whetstone","Gremlin Horn","Bottled Tornado","Red Skull","Cursed Key","Blue Candle"],"potions_floor_usage":[21],"damage_taken":[{"damage":10.0,"enemies":"Small Slimes","floor":1.0,"turns":5.0},{"damage":0.0,"enemies":"2 Louse","floor":2.0,"turns":2.0},{"damage":0.0,"enemies":"Jaw Worm","floor":3.0,"turns":5.0},{"damage":2.0,"enemies":"Exordium Wildlife","floor":4.0,"turns":3.0},{"damage":27.0,"enemies":"Exordium Thugs","floor":5.0,"turns":7.0},{"damage":45.0,"enemies":"Gremlin Nob","floor":7.0,"turns":5.0},{"damage":12.0,"enemies":"3 Louse","floor":10.0,"turns":4.0},{"damage":0.0,"enemies":"2 Fungi Beasts","floor":11.0,"turns":3.0},{"damage":17.0,"enemies":"Lagavulin","floor":12.0,"turns":6.0},{"damage":0.0,"enemies":"Looter","floor":14.0,"turns":1.0},{"damage":9.0,"enemies":"Hexaghost","floor":16.0,"turns":8.0},{"damage":22.0,"enemies":"Shell Parasite","floor":18.0,"turns":6.0},{"damage":21,"enemies":"3 Byrds","floor":20,"turns":6},{"damage":20,"enemies":"Centurion and Healer","floor":21,"turns":5},{"damage":38,"enemies":"Book of Stabbing","floor":23,"turns":5}],"seed_played":"6704189327528590523","potions_obtained":[{"floor":4.0,"key":"SteroidPotion"},{"floor":5.0,"key":"EntropicBrew"},{"floor":14.0,"key":"Energy Potion"},{"floor":16.0,"key":"EssenceOfSteel"},{"floor":20,"key":"Dexterity Potion"},{"floor":21,"key":"Strength Potion"}],"is_trial":false,"path_per_floor":["M","M","M","M","M","R","E","R","T","M","M","E","?","M","R","B",null,"M","$","M","M","?","E"],"character_chosen":"IRONCLAD","items_purchased":["BloodPotion","True Grit","Blue Candle"],"campfire_rested":1,"item_purchase_floors":[19,19,19],"current_hp_per_floor":[64,70,75,75,54,54,15,37,37,31,37,26,15,21,21,18,61,48,63,51,37,37,0],"gold":0,"neow_bonus":"RANDOM_COMMON_RELIC","is_prod":false,"is_daily":false,"chose_seed":false,"campfire_upgraded":2,"win_rate":0,"timestamp":1629942169,"path_taken":["M","M","M","M","M","R","E","R","T","M","M","E","?","M","R","BOSS","M","$","M","M","?","E"],"build_version":"2020-12-22","purchased_purges":1,"victory":false,"max_hp_per_floor":[75,75,75,75,75,75,75,75,75,75,75,75,75,75,75,75,75,78,78,81,81,81,81],"card_choices":[{"not_picked":["True Grit","Iron Wave"],"picked":"Battle Trance","floor":1.0},{"not_picked":["Power Through","Heavy Blade"],"picked":"True Grit","floor":2.0},{"not_picked":["Body Slam","True Grit","Heavy Blade"],"picked":"SKIP","floor":3.0},{"not_picked":["Searing Blow","Clash"],"picked":"Thunderclap","floor":4.0},{"not_picked":["Evolve","Battle Trance"],"picked":"Metallicize","floor":5.0},{"not_picked":["Dropkick","Shrug It Off"],"picked":"Fiend Fire","floor":7.0},{"not_picked":["Sever Soul","Rupture"],"picked":"Clothesline","floor":10.0},{"not_picked":["Wild Strike","Clash"],"picked":"Hemokinesis","floor":11.0},{"not_picked":["Clash","Clothesline"],"picked":"Sword Boomerang","floor":12.0},{"not_picked":["Sever Soul","Headbutt","Heavy Blade"],"picked":"SKIP","floor":14.0},{"not_picked":["Barricade","Juggernaut"],"picked":"Feed","floor":16.0},{"not_picked":["Cleave","Hemokinesis"],"picked":"Dual Wield","floor":18.0},{"not_picked":["Rampage+1","Pummel"],"picked":"Uppercut+1","floor":20},{"not_picked":["Clothesline","Seeing Red","Thunderclap"],"picked":"SKIP","floor":21}],"player_experience":742433,"relics_obtained":[{"floor":7.0,"key":"Gremlin Horn"},{"floor":9.0,"key":"Bottled Tornado"},{"floor":12.0,"key":"Red Skull"}],"event_choices":[{"damage_healed":0.0,"max_hp_gain":0.0,"max_hp_loss":0.0,"gold_gain":75.0,"event_name":"World of Goop","player_choice":"Gather Gold","floor":13.0,"gold_loss":0.0,"damage_taken":11.0},{"damage_healed":0,"gold_gain":0,"player_choice":"Paid Fearfully","damage_taken":0,"max_hp_gain":0,"max_hp_loss":0,"event_name":"Masked Bandits","floor":22,"gold_loss":31}],"is_beta":false,"boss_relics":[{"not_picked":["Empty Cage","Busted Crown"],"picked":"Cursed Key"}],"items_purged_floors":[19],"is_endless":false,"potions_floor_spawned":[4,5,7,14,16,20,21],"killed_by":"Book of Stabbing","ascension_level":20}