{"gold_per_floor":[115,135,147,147,161,161,196,196,196,196,213,213,227,227,227,304,304,318,6,6,25,39,39,66,66,66,98,109,109,140,150,150,150],"floor_reached":33,"playtime":1165,"items_purged":["Strike_R"],"score":614,"play_id":"f89a0c20-870e-41fb-825d-aceb2152d460","local_time":"20210823235234","is_ascension_mode":true,"campfire_choices":[{"data":"Uppercut","floor":6,"key":"SMITH"},{"data":"Clothesline","floor":8,"key":"SMITH"},{"data":"Battle Trance","floor":12,"key":"SMITH"},{"data":"Spot Weakness","floor":15,"key":"SMITH"},{"data":"Immolate","floor":23,"key":"SMITH"},{"data":"Power Through","floor":25,"key":"SMITH"},{"data":"Pummel","floor":29,"key":"SMITH"},{"data":"Shrug It Off","floor":32,"key":"SMITH"}],"neow_cost":"PERCENT_DAMAGE","seed_source_timestamp":1114883731852500,"circlet_count":0,"master_deck":["AscendersBane","Strike_R+1","Strike_R+1","Strike_R+1","Defend_R+1","Defend_R+1","Defend_R+1","Defend_R+1","Bash+1","Corruption+1","Anger","Uppercut+1","Power Through+1","Clothesline+1","Battle Trance+1","Bloodletting","Spot Weakness+1","Reaper","Shrug It Off+1","Reaper","Immolate+1","Pummel+1","Pain"],"relics":["Burning Blood","StrikeDummy","HornCleat","Cursed Key","Bronze Scales","Singing Bowl","Toy Ornithopter","Question Card","Akabeko"],"potions_floor_usage":[7,30,33,33],"damage_taken":[{"damage":5,"enemies":"2 Louse","floor":1,"turns":5},{"damage":2,"enemies":"Cultist","floor":2,"turns":4},{"damage":6,"enemies":"Jaw Worm","floor":3,"turns":3},{"damage":4,"enemies":"Blue Slaver","floor":5,"turns":4},{"damage":12,"enemies":"Gremlin Nob","floor":7,"turns":4},{"damage":0,"enemies":"2 Fungi Beasts","floor":11,"turns":3},{"damage":3,"enemies":"3 Louse","floor":13,"turns":3},{"damage":19,"enemies":"The Guardian","floor":16,"turns":11},{"damage":15,"enemies":"2 Thieves","floor":18,"turns":4},{"damage":0,"enemies":"3 Byrds","floor":21,"turns":3},{"damage":22,"enemies":"Centurion and Healer","floor":22,"turns":5},{"damage":33,"enemies":"Book of Stabbing","floor":24,"turns":5},{"damage":31,"enemies":"Slavers","floor":27,"turns":4},{"damage":13,"enemies":"Shelled Parasite and Fungi","floor":28,"turns":3},{"damage":31,"enemies":"Book of Stabbing","floor":30,"turns":6},{"damage":34,"enemies":"Cultist and Chosen","floor":31,"turns":5},{"damage":126,"enemies":"Collector","floor":33,"turns":12}],"seed_played":"-3391562654693683976","potions_obtained":[{"floor":1,"key":"Weak Potion"},{"floor":5,"key":"Swift Potion"},{"floor":7,"key":"Fire Potion"},{"floor":31,"key":"LiquidMemories"}],"is_trial":false,"path_per_floor":["M","M","M","?","M","R","E","R","T","?","M","R","M","?","R","B",null,"M","$","?","M","M","R","E","R","T","E","M","R","E","M","R","B"],"character_chosen":"IRONCLAD","items_purchased":["Reaper","Bronze Scales"],"campfire_rested":0,"item_purchase_floors":[19,19],"current_hp_per_floor":[51,55,55,55,57,57,51,51,51,28,34,34,37,37,37,24,62,69,69,69,75,71,71,57,57,57,54,77,77,81,66,66,0],"gold":150,"neow_bonus":"THREE_RARE_CARDS","is_prod":false,"is_daily":false,"chose_seed":false,"campfire_upgraded":8,"win_rate":0,"timestamp":1629777154,"path_taken":["M","M","M","?","?","R","E","R","T","?","M","R","M","?","R","BOSS","M","$","?","M","M","R","E","R","T","E","M","R","E","M","R","BOSS"],"build_version":"2020-12-22","purchased_purges":1,"victory":false,"max_hp_per_floor":[75,75,75,75,75,75,75,75,75,75,75,75,75,75,75,75,75,75,75,75,75,75,75,75,75,75,77,79,79,81,83,83,83],"card_choices":[{"not_picked":["Impervious","Bludgeon"],"picked":"Corruption","floor":0},{"not_picked":["Shockwave","Heavy Blade"],"picked":"Anger","floor":1},{"not_picked":["Cleave","Seeing Red"],"picked":"Uppercut","floor":2},{"not_picked":["Uppercut","True Grit"],"picked":"Power Through","floor":3},{"not_picked":["Fire Breathing","Armaments"],"picked":"Clothesline","floor":5},{"not_picked":["Wild Strike","Blood for Blood"],"picked":"Battle Trance","floor":7},{"not_picked":["Infernal Blade","Clothesline"],"picked":"Bloodletting","floor":11},{"not_picked":["Anger","Inflame"],"picked":"Spot Weakness","floor":13},{"not_picked":["Brutality","Juggernaut"],"picked":"Reaper","floor":16},{"not_picked":["Combust","Anger"],"picked":"Shrug It Off","floor":18},{"not_picked":["Warcry","Infernal Blade","Heavy Blade"],"picked":"SKIP","floor":21},{"not_picked":["Anger","Clothesline"],"picked":"Immolate","floor":22},{"not_picked":["True Grit","Heavy Blade"],"picked":"Pummel","floor":24},{"not_picked":["Rampage","Seeing Red","Shrug It Off"],"picked":"Singing Bowl","floor":27},{"not_picked":["Flex","Heavy Blade","Juggernaut","Rupture+1"],"picked":"Singing Bowl","floor":28},{"not_picked":["Clothesline","Headbutt","Berserk","Pommel Strike"],"picked":"Singing Bowl","floor":30},{"not_picked":["Anger","Havoc","Thunderclap","Body Slam"],"picked":"Singing Bowl","floor":31}],"player_experience":713271,"relics_obtained":[{"floor":7,"key":"StrikeDummy"},{"floor":9,"key":"HornCleat"},{"floor":24,"key":"Singing Bowl"},{"floor":26,"key":"Toy Ornithopter"},{"floor":27,"key":"Question Card"},{"floor":30,"key":"Akabeko"}],"event_choices":[{"cards_removed":["Strike_R"],"damage_healed":0,"gold_gain":0,"player_choice":"Purged","damage_taken":0,"max_hp_gain":0,"max_hp_loss":0,"event_name":"Purifier","floor":4,"gold_loss":0},{"damage_healed":0,"gold_gain":0,"player_choice":"Entered Light","damage_taken":23,"max_hp_gain":0,"max_hp_loss":0,"event_name":"Shining Light","floor":10,"gold_loss":0,"cards_upgraded":["Bash","Strike_R"]},{"damage_healed":0,"gold_gain":0,"player_choice":"Grow","damage_taken":0,"max_hp_gain":0,"max_hp_loss":0,"event_name":"Living Wall","floor":14,"gold_loss":0,"cards_upgraded":["Corruption"]},{"damage_healed":0,"gold_gain":0,"player_choice":"Simplicity","damage_taken":0,"max_hp_gain":0,"max_hp_loss":0,"event_name":"Back to Basics","floor":20,"gold_loss":0,"cards_upgraded":["Strike_R","Strike_R","Defend_R","Defend_R","Defend_R","Defend_R"]}],"is_beta":false,"boss_relics":[{"not_picked":["Calling Bell","SlaversCollar"],"picked":"Cursed Key"}],"items_purged_floors":[19],"is_endless":false,"potions_floor_spawned":[1,5,7,16,24,27,28,31],"killed_by":"Collector","ascension_level":20}