{"gold_per_floor":[114,72,89,102,115,115,145,158,158,171,190,190,202,232,232,311,311,322,281,281,292,68,68],"floor_reached":23,"playtime":1411,"items_purged":["Strike_R"],"score":514,"play_id":"a4fdb5e9-a428-4e48-8a27-bc28ad1df0a9","local_time":"20210906160615","is_ascension_mode":true,"campfire_choices":[{"data":"Clothesline","floor":6,"key":"SMITH"},{"data":"Burning Pact","floor":12,"key":"SMITH"},{"data":"Feel No Pain","floor":15,"key":"SMITH"}],"neow_cost":"PERCENT_DAMAGE","seed_source_timestamp":346414749792600,"circlet_count":0,"master_deck":["AscendersBane","Strike_R","Strike_R","Defend_R","Defend_R","Defend_R","Defend_R","Bash","Clothesline+1","Feel No Pain+1","Reckless Charge","Anger","Pommel Strike","Burning Pact+1","Cleave","Fire Breathing","Infernal Blade","Combust","Feed","True Grit","Ghostly Armor","Disarm"],"relics":["Burning Blood","Centennial Puzzle","Bottled Lightning","White Beast Statue","Coffee Dripper","MutagenicStrength"],"potions_floor_usage":[7,10,16,16,19,23,23],"damage_taken":[{"damage":13,"enemies":"Cultist","floor":1,"turns":5},{"damage":2,"enemies":"2 Louse","floor":3,"turns":4},{"damage":0,"enemies":"Small Slimes","floor":4,"turns":3},{"damage":7,"enemies":"Red Slaver","floor":5,"turns":5},{"damage":18,"enemies":"Gremlin Nob","floor":7,"turns":4},{"damage":8,"enemies":"Looter","floor":8,"turns":4},{"damage":6,"enemies":"Lots of Slimes","floor":10,"turns":4},{"damage":3,"enemies":"2 Fungi Beasts","floor":11,"turns":3},{"damage":6,"enemies":"3 Louse","floor":13,"turns":3},{"damage":19,"enemies":"Lagavulin","floor":14,"turns":7},{"damage":3,"enemies":"Slime Boss","floor":16,"turns":5},{"damage":5,"enemies":"Chosen","floor":18,"turns":4},{"damage":10,"enemies":"2 Thieves","floor":19,"turns":5},{"damage":16,"enemies":"Snake Plant","floor":21,"turns":5},{"damage":60,"enemies":"Slavers","floor":23,"turns":4}],"seed_played":"-8128874456698694675","potions_obtained":[{"floor":3,"key":"ElixirPotion"},{"floor":7,"key":"AttackPotion"},{"floor":8,"key":"DuplicationPotion"},{"floor":10,"key":"Energy Potion"},{"floor":16,"key":"SkillPotion"},{"floor":18,"key":"Weak Potion"},{"floor":19,"key":"BlessingOfTheForge"},{"floor":21,"key":"Ancient Potion"}],"is_trial":false,"path_per_floor":["M","$","M","M","M","R","E","M","T","M","M","R","M","E","R","B",null,"M","M","?","M","$","E"],"character_chosen":"IRONCLAD","items_purchased":["Feel No Pain","Ghostly Armor","Disarm"],"campfire_rested":0,"item_purchase_floors":[2,22,22],"current_hp_per_floor":[43,43,47,53,52,52,40,38,38,38,41,41,41,28,28,31,64,65,61,61,54,54,0],"gold":68,"neow_bonus":"REMOVE_TWO","is_prod":false,"is_daily":false,"chose_seed":false,"campfire_upgraded":3,"win_rate":0,"timestamp":1630958775,"path_taken":["M","$","M","M","M","R","E","M","T","M","M","R","M","E","R","BOSS","M","?","?","M","$","E"],"build_version":"2020-12-22","purchased_purges":1,"victory":false,"max_hp_per_floor":[75,75,75,75,75,75,75,75,75,75,75,75,75,75,75,75,75,75,75,75,78,78,81],"card_choices":[{"not_picked":["Thunderclap","Havoc"],"picked":"Clothesline","floor":1},{"not_picked":["Clothesline","Shrug It Off"],"picked":"Reckless Charge","floor":3},{"not_picked":["Sword Boomerang","Body Slam"],"picked":"Anger","floor":4},{"not_picked":["Whirlwind","Rage"],"picked":"Pommel Strike","floor":5},{"not_picked":["Shockwave","Limit Break"],"picked":"Burning Pact","floor":7},{"not_picked":["Havoc","Armaments","Whirlwind"],"picked":"SKIP","floor":8},{"not_picked":["Pommel Strike","Perfected Strike"],"picked":"Cleave","floor":10},{"not_picked":["Havoc","Infernal Blade"],"picked":"Fire Breathing","floor":11},{"not_picked":["Cleave","Power Through"],"picked":"Infernal Blade","floor":13},{"not_picked":["Shrug It Off","Sword Boomerang"],"picked":"Combust","floor":14},{"not_picked":["Demon Form","Offering"],"picked":"Feed","floor":16},{"not_picked":["Twin Strike","Flex"],"picked":"True Grit","floor":18},{"not_picked":["Bloodletting","Cleave","Headbutt"],"picked":"SKIP","floor":19},{"not_picked":["Rupture","Pommel Strike","Infernal Blade"],"picked":"SKIP","floor":21}],"player_experience":819905,"relics_obtained":[{"floor":7,"key":"Centennial Puzzle"},{"floor":9,"key":"Bottled Lightning"},{"floor":14,"key":"White Beast Statue"}],"event_choices":[{"damage_healed":0,"gold_gain":0,"player_choice":"Inject Mutagens","damage_taken":0,"relics_obtained":["MutagenicStrength"],"max_hp_gain":0,"max_hp_loss":0,"event_name":"Drug Dealer","floor":20,"gold_loss":0}],"is_beta":false,"boss_relics":[{"not_picked":["Black Star","Empty Cage"],"picked":"Coffee Dripper"}],"items_purged_floors":[22],"is_endless":false,"potions_floor_spawned":[3,7,8,10,11,16,18,19,21],"killed_by":"Slavers","ascension_level":20}