{"gold_per_floor":[116,126,138,8,23,23,69,108,120,162,192,223,235,278,290,379,391,416,439,451,42,60,93,93,119,169,184,203,20,20,49,49,49],"floor_reached":33,"playtime":2514,"items_purged":["Strike_R","Strike_R"],"score":704,"play_id":"fe773ebd-313c-49c7-9905-5270fabfb814","local_time":"20210826163614","is_ascension_mode":true,"campfire_choices":[{"data":"Uppercut","floor":6,"key":"SMITH"},{"floor":13,"key":"REST"},{"data":"Battle Trance","floor":15,"key":"SMITH"},{"data":"Dark Embrace","floor":24,"key":"SMITH"},{"floor":32,"key":"REST"}],"neow_cost":"NONE","seed_source_timestamp":104472169323200,"circlet_count":0,"master_deck":["AscendersBane","Strike_R","Strike_R","Defend_R","Defend_R","Defend_R","Defend_R","Bash","Feed","Feel No Pain","Uppercut+1","Iron Wave","Battle Trance+1","Power Through+1","Infernal Blade+1","Offering+1","Offering+1","Spot Weakness+1","Burning Pact+1","Shrug It Off+1","Dark Embrace+1","Warcry+1","Shrug It Off+1","Warcry+1","Warcry+1","RitualDagger","Flame Barrier+1"],"relics":["Burning Blood","MawBank","Potion Belt","Toxic Egg 2","Vajra","Juzu Bracelet","Runic Dome","Nunchaku","Du-Vu Doll","MealTicket","Toolbox","Happy Flower"],"potions_floor_usage":[8,10,16,23,25,28,33,33,33],"damage_taken":[{"damage":6,"enemies":"Cultist","floor":1,"turns":3},{"damage":7,"enemies":"Jaw Worm","floor":2,"turns":4},{"damage":9,"enemies":"2 Louse","floor":3,"turns":5},{"damage":9,"enemies":"Looter","floor":5,"turns":5},{"damage":23,"enemies":"Gremlin Nob","floor":8,"turns":4},{"damage":34,"enemies":"Lagavulin","floor":10,"turns":6},{"damage":5,"enemies":"Red Slaver","floor":11,"turns":3},{"damage":12,"enemies":"Lots of Slimes","floor":12,"turns":6},{"damage":14,"enemies":"3 Sentries","floor":14,"turns":9},{"damage":16,"enemies":"Slime Boss","floor":16,"turns":12},{"damage":6,"enemies":"Chosen","floor":18,"turns":4},{"damage":21,"enemies":"3 Byrds","floor":19,"turns":4},{"damage":9,"enemies":"Centurion and Healer","floor":22,"turns":4},{"damage":24,"enemies":"Book of Stabbing","floor":23,"turns":4},{"damage":29,"enemies":"Gremlin Leader","floor":25,"turns":5},{"damage":14,"enemies":"Snake Plant","floor":27,"turns":3},{"damage":9,"enemies":"Snecko","floor":28,"turns":5},{"damage":18,"enemies":"Book of Stabbing","floor":31,"turns":5},{"damage":60,"enemies":"Champ","floor":33,"turns":14}],"seed_played":"6377457080886564412","potions_obtained":[{"floor":2,"key":"Energy Potion"},{"floor":3,"key":"EssenceOfSteel"},{"floor":5,"key":"DuplicationPotion"},{"floor":11,"key":"Swift Potion"},{"floor":12,"key":"LiquidMemories"},{"floor":22,"key":"Strength Potion"},{"floor":23,"key":"DistilledChaos"},{"floor":25,"key":"FearPotion"},{"floor":31,"key":"ColorlessPotion"}],"is_trial":false,"path_per_floor":["M","M","M","$","M","R","T","E","T","E","M","M","R","E","R","B",null,"M","M","?","$","M","E","R","E","T","M","M","$","?","E","R","B"],"character_chosen":"IRONCLAD","items_purchased":["FearPotion","Burning Pact+1","Shrug It Off+1","Dark Embrace","Energy Potion","DuplicationPotion","Toolbox","Warcry+1"],"campfire_rested":2,"item_purchase_floors":[4,21,21,21,21,21,29,29],"current_hp_per_floor":[68,70,70,70,70,70,70,56,56,28,32,29,56,51,51,44,85,85,73,73,73,73,55,55,32,32,27,27,42,36,24,57,0],"gold":49,"neow_bonus":"ONE_RANDOM_RARE_CARD","is_prod":false,"is_daily":false,"chose_seed":false,"campfire_upgraded":3,"win_rate":0,"timestamp":1630010174,"path_taken":["M","M","M","$","M","R","?","E","T","E","M","M","R","E","R","BOSS","M","M","?","$","M","E","R","E","T","M","M","?","?","E","R","BOSS"],"build_version":"2020-12-22","purchased_purges":2,"victory":false,"max_hp_per_floor":[75,78,81,81,84,84,84,87,87,87,90,93,93,96,96,99,99,99,102,102,102,105,105,105,105,105,108,111,111,111,111,111,111],"card_choices":[{"not_picked":["Clash","Headbutt"],"picked":"Feel No Pain","floor":1},{"not_picked":["Perfected Strike","Searing Blow"],"picked":"Uppercut","floor":2},{"not_picked":["Body Slam","Armaments"],"picked":"Iron Wave","floor":3},{"not_picked":["Flex","Disarm","Clash"],"picked":"SKIP","floor":5},{"not_picked":["Second Wind","Clothesline"],"picked":"Battle Trance","floor":8},{"not_picked":["Havoc+1","Dropkick","Heavy Blade"],"picked":"SKIP","floor":10},{"not_picked":["Clothesline","Reaper"],"picked":"Power Through+1","floor":11},{"not_picked":["Entrench+1","Searing Blow"],"picked":"Infernal Blade+1","floor":12},{"not_picked":["Anger","Armaments+1"],"picked":"Offering+1","floor":14},{"not_picked":["Bludgeon","Demon Form"],"picked":"Offering+1","floor":16},{"not_picked":["Twin Strike+1","Warcry+1"],"picked":"Spot Weakness+1","floor":18},{"not_picked":["Sword Boomerang","Wild Strike","Iron Wave"],"picked":"SKIP","floor":19},{"not_picked":["Dark Embrace+1","Body Slam"],"picked":"Warcry+1","floor":22},{"not_picked":["Pommel Strike","Anger","Blood for Blood"],"picked":"SKIP","floor":23},{"not_picked":["Hemokinesis","Armaments+1","Berserk"],"picked":"SKIP","floor":25},{"not_picked":["Sever Soul","Headbutt"],"picked":"Shrug It Off+1","floor":27},{"not_picked":["Thunderclap","Clash"],"picked":"Warcry+1","floor":28},{"not_picked":["Armaments+1","Iron Wave"],"picked":"Flame Barrier+1","floor":31}],"player_experience":746431,"relics_obtained":[{"floor":7,"key":"MawBank"},{"floor":8,"key":"Potion Belt"},{"floor":9,"key":"Toxic Egg 2"},{"floor":10,"key":"Vajra"},{"floor":14,"key":"Juzu Bracelet"},{"floor":23,"key":"Nunchaku"},{"floor":25,"key":"Du-Vu Doll"},{"floor":26,"key":"MealTicket"},{"floor":31,"key":"Happy Flower"}],"event_choices":[{"cards_removed":["Strike_R"],"damage_healed":0,"gold_gain":0,"player_choice":"Purged","damage_taken":0,"max_hp_gain":0,"max_hp_loss":0,"event_name":"Purifier","floor":20,"gold_loss":0},{"damage_healed":0,"gold_gain":0,"player_choice":"Joined the Cult","damage_taken":6,"max_hp_gain":0,"max_hp_loss":0,"event_name":"Nest","floor":30,"gold_loss":0,"cards_obtained":["RitualDagger"]}],"is_beta":false,"boss_relics":[{"not_picked":["Velvet Choker","Busted Crown"],"picked":"Runic Dome"}],"items_purged_floors":[4,21],"is_endless":false,"potions_floor_spawned":[2,3,5,11,12,22,23,25,27,31],"killed_by":"Champ","ascension_level":20}