{"gold_per_floor":[14,24,35,85,105,105,137,155,179,198,248,260,260,294,294,294],"floor_reached":16,"playtime":716,"items_purged":[],"score":228,"play_id":"8687b61c-b266-4fa0-a215-a8b1f11900ea","local_time":"20210826193538","is_ascension_mode":true,"campfire_choices":[{"data":"Uppercut","floor":6,"key":"SMITH"},{"data":"Rampage","floor":13,"key":"SMITH"},{"data":"Burning Pact","floor":15,"key":"SMITH"}],"neow_cost":"NO_GOLD","seed_source_timestamp":117034415790200,"circlet_count":0,"master_deck":["AscendersBane","Strike_R","Strike_R","Strike_R","Strike_R","Strike_R","Defend_R","Defend_R","Defend_R","Defend_R","Bash","Offering+1","Uppercut+1","Burning Pact+1","Headbutt","Pommel Strike","Impervious+1","Flame Barrier","Rampage+1"],"relics":["Burning Blood","Bag of Marbles","Lantern","War Paint"],"potions_floor_usage":[5,16],"damage_taken":[{"damage":9,"enemies":"Jaw Worm","floor":1,"turns":5},{"damage":4,"enemies":"Cultist","floor":2,"turns":3},{"damage":8,"enemies":"2 Louse","floor":3,"turns":3},{"damage":5,"enemies":"Gremlin Gang","floor":5,"turns":3},{"damage":33,"enemies":"Gremlin Nob","floor":7,"turns":4},{"damage":1,"enemies":"2 Fungi Beasts","floor":8,"turns":4},{"damage":6,"enemies":"Looter","floor":10,"turns":2},{"damage":1,"enemies":"3 Louse","floor":12,"turns":4},{"damage":14,"enemies":"Lagavulin","floor":14,"turns":5},{"damage":36,"enemies":"The Guardian","floor":16,"turns":10}],"seed_played":"-5594873323469202212","potions_obtained":[{"floor":3,"key":"Explosive Potion"},{"floor":7,"key":"EssenceOfSteel"},{"floor":8,"key":"FearPotion"}],"is_trial":false,"path_per_floor":["M","M","M","?","M","R","E","M","T","M","?","M","R","E","R","B"],"character_chosen":"IRONCLAD","items_purchased":[],"campfire_rested":0,"item_purchase_floors":[],"current_hp_per_floor":[65,67,65,65,66,66,39,44,44,44,37,42,42,34,34,0],"gold":294,"neow_bonus":"THREE_RARE_CARDS","is_prod":false,"is_daily":false,"chose_seed":false,"campfire_upgraded":3,"win_rate":0,"timestamp":1630020938,"path_taken":["M","M","M","?","?","R","E","M","T","M","?","?","R","E","R","BOSS"],"build_version":"2020-12-22","purchased_purges":0,"victory":false,"max_hp_per_floor":[75,75,75,75,75,75,75,75,75,75,75,75,75,75,75,75],"card_choices":[{"not_picked":["Berserk","Corruption"],"picked":"Offering","floor":0},{"not_picked":["Anger","Thunderclap"],"picked":"Uppercut","floor":1},{"not_picked":["Thunderclap","Wild Strike"],"picked":"Burning Pact","floor":2},{"not_picked":["Armaments","Thunderclap"],"picked":"Headbutt","floor":3},{"not_picked":["Armaments","Warcry","Sword Boomerang"],"picked":"SKIP","floor":5},{"not_picked":["Evolve","Thunderclap"],"picked":"Pommel Strike","floor":7},{"not_picked":["Cleave","Shrug It Off"],"picked":"Impervious","floor":8},{"not_picked":["Dual Wield","Sword Boomerang"],"picked":"Flame Barrier","floor":10},{"not_picked":["Heavy Blade","Clash"],"picked":"Rampage","floor":12},{"not_picked":["Heavy Blade","Sever Soul","Flex"],"picked":"SKIP","floor":14}],"player_experience":753195,"relics_obtained":[{"floor":7,"key":"Bag of Marbles"},{"floor":9,"key":"Lantern"},{"floor":14,"key":"War Paint"}],"event_choices":[{"damage_healed":0,"gold_gain":50,"player_choice":"Pray","damage_taken":0,"max_hp_gain":0,"max_hp_loss":0,"event_name":"Golden Shrine","floor":4,"gold_loss":0},{"damage_healed":0,"gold_gain":50,"player_choice":"Touch","damage_taken":7,"max_hp_gain":0,"max_hp_loss":0,"event_name":"FaceTrader","floor":11,"gold_loss":0}],"is_beta":false,"boss_relics":[],"items_purged_floors":[],"is_endless":false,"potions_floor_spawned":[3,7,8,12],"killed_by":"The Guardian","ascension_level":20}