{"gold_per_floor":[20,35,48,58,74,102,102,136,136,136,147,147,190,190,190,289,289,314,330,345,148,148,189,189,203,203,17,17,42,65,83,83,83],"floor_reached":33,"playtime":1502,"items_purged":["Strike_R","Strike_R"],"score":582,"play_id":"9986970f-8072-4aea-ab56-3ad1459bb9bd","local_time":"20210906173618","is_ascension_mode":true,"campfire_choices":[{"data":"Perfected Strike","floor":7,"key":"SMITH"},{"data":"Fire Breathing","floor":10,"key":"SMITH"},{"data":"Battle Trance","floor":15,"key":"SMITH"},{"data":"Dual Wield","floor":28,"key":"SMITH"},{"data":"Ghostly","floor":32,"key":"SMITH"}],"neow_cost":"NO_GOLD","seed_source_timestamp":351727940415000,"circlet_count":0,"master_deck":["AscendersBane","Strike_R","Strike_R","Strike_R","Defend_R","Defend_R","Defend_R","Defend_R","Bash","Fire Breathing+1","Clothesline","Ghostly Armor","Dropkick","Perfected Strike+1","Spot Weakness","Battle Trance+1","True Grit","Feed","Metallicize","Whirlwind","Dual Wield+1","Metallicize","Ghostly+1","Ghostly","Ghostly","True Grit","Battle Trance","Fiend Fire","Bloodletting"],"relics":["Burning Blood","TungstenRod","HornCleat","Blue Candle","Pear","Golden Idol","Paper Frog","Coffee Dripper","Meat on the Bone","Centennial Puzzle"],"potions_floor_usage":[4,4,6,16,18,25,31,33],"damage_taken":[{"damage":15,"enemies":"Cultist","floor":1,"turns":6},{"damage":9,"enemies":"Small Slimes","floor":2,"turns":5},{"damage":4,"enemies":"2 Louse","floor":3,"turns":3},{"damage":3,"enemies":"Red Slaver","floor":4,"turns":5},{"damage":9,"enemies":"3 Louse","floor":5,"turns":6},{"damage":11,"enemies":"3 Sentries","floor":6,"turns":5},{"damage":23,"enemies":"Gremlin Nob","floor":8,"turns":4},{"damage":5,"enemies":"2 Fungi Beasts","floor":11,"turns":3},{"damage":4,"enemies":"3 Sentries","floor":13,"turns":4},{"damage":22,"enemies":"Slime Boss","floor":16,"turns":6},{"damage":15,"enemies":"Spheric Guardian","floor":18,"turns":5},{"damage":8,"enemies":"2 Thieves","floor":19,"turns":4},{"damage":21,"enemies":"Centurion and Healer","floor":20,"turns":4},{"damage":14,"enemies":"Slavers","floor":23,"turns":6},{"damage":22,"enemies":"Cultist and Chosen","floor":25,"turns":6},{"damage":11,"enemies":"Snecko","floor":29,"turns":8},{"damage":14,"enemies":"Snake Plant","floor":30,"turns":7},{"damage":10,"enemies":"Sentry and Sphere","floor":31,"turns":9},{"damage":32,"enemies":"Collector","floor":33,"turns":3}],"seed_played":"-5632432983025056327","potions_obtained":[{"floor":1,"key":"EntropicBrew"},{"floor":5,"key":"Dexterity Potion"},{"floor":13,"key":"Strength Potion"},{"floor":16,"key":"AttackPotion"},{"floor":19,"key":"Strength Potion"},{"floor":20,"key":"SmokeBomb"},{"floor":23,"key":"Dexterity Potion"},{"floor":29,"key":"ColorlessPotion"}],"is_trial":false,"path_per_floor":["M","M","M","M","M","E","R","E","T","R","M","?","E","?","R","B",null,"M","M","M","$","?","E","?","M","T","$","R","M","M","M","R","B"],"character_chosen":"IRONCLAD","items_purchased":["Dual Wield","Metallicize","Battle Trance"],"campfire_rested":0,"item_purchase_floors":[21,21,27],"current_hp_per_floor":[59,56,58,61,58,53,53,36,46,46,47,47,49,54,54,38,71,62,60,48,48,42,37,37,33,33,33,33,31,35,31,31,0],"gold":83,"neow_bonus":"ONE_RARE_RELIC","is_prod":false,"is_daily":false,"chose_seed":false,"campfire_upgraded":5,"win_rate":0,"timestamp":1630964178,"path_taken":["M","M","M","M","M","E","R","E","T","R","M","?","E","?","R","BOSS","M","M","M","$","?","E","?","?","T","?","R","?","M","M","R","BOSS"],"build_version":"2020-12-22","purchased_purges":2,"victory":false,"max_hp_per_floor":[75,75,75,75,75,75,75,75,85,85,85,77,77,82,82,82,82,82,82,85,85,42,45,45,45,45,45,45,48,48,48,48,48],"card_choices":[{"not_picked":["Anger","Twin Strike"],"picked":"Fire Breathing","floor":1},{"not_picked":["Wild Strike","Sword Boomerang"],"picked":"Clothesline","floor":2},{"not_picked":["Flex","Clash"],"picked":"Ghostly Armor","floor":3},{"not_picked":["Clash","True Grit"],"picked":"Dropkick","floor":4},{"not_picked":["Second Wind","Body Slam","Dropkick"],"picked":"SKIP","floor":5},{"not_picked":["Headbutt","Impervious"],"picked":"Perfected Strike","floor":6},{"not_picked":["Shockwave","Disarm"],"picked":"Spot Weakness","floor":8},{"not_picked":["Dropkick","Dark Embrace"],"picked":"Battle Trance","floor":11},{"not_picked":["Armaments","Warcry"],"picked":"True Grit","floor":13},{"not_picked":["Brutality","Double Tap"],"picked":"Feed","floor":16},{"not_picked":["Hemokinesis+1","True Grit"],"picked":"Metallicize","floor":18},{"not_picked":["Sword Boomerang","Heavy Blade"],"picked":"Whirlwind","floor":19},{"not_picked":["Wild Strike","Pommel Strike","Iron Wave"],"picked":"SKIP","floor":20},{"not_picked":["Iron Wave","Carnage+1","Headbutt"],"picked":"SKIP","floor":23},{"not_picked":["Iron Wave","Carnage+1","Headbutt"],"picked":"SKIP","floor":23},{"not_picked":["Rage+1","Disarm"],"picked":"True Grit","floor":25},{"not_picked":["Thunderclap","Sword Boomerang"],"picked":"Fiend Fire","floor":29},{"not_picked":["Sentinel","Sever Soul","Wild Strike"],"picked":"SKIP","floor":30},{"not_picked":["Pommel Strike","Ghostly Armor"],"picked":"Bloodletting","floor":31}],"player_experience":825032,"relics_obtained":[{"floor":6,"key":"HornCleat"},{"floor":8,"key":"Blue Candle"},{"floor":9,"key":"Pear"},{"floor":13,"key":"Paper Frog"},{"floor":23,"key":"Meat on the Bone"},{"floor":26,"key":"Centennial Puzzle"}],"event_choices":[{"damage_healed":0,"gold_gain":0,"player_choice":"Lose Max HP","damage_taken":0,"relics_obtained":["Golden Idol"],"max_hp_gain":0,"max_hp_loss":8,"event_name":"Golden Idol","floor":12,"gold_loss":0},{"damage_healed":0,"gold_gain":0,"player_choice":"Donut","damage_taken":0,"max_hp_gain":5,"max_hp_loss":0,"event_name":"Big Fish","floor":14,"gold_loss":0},{"damage_healed":0,"gold_gain":0,"player_choice":"Became a Ghost","damage_taken":0,"max_hp_gain":0,"max_hp_loss":43,"event_name":"Ghosts","floor":22,"gold_loss":0,"cards_obtained":["Ghostly","Ghostly","Ghostly"]},{"damage_healed":0,"gold_gain":0,"player_choice":"Ignored","damage_taken":0,"max_hp_gain":0,"max_hp_loss":0,"event_name":"N\u0027loth","floor":24,"gold_loss":0}],"is_beta":false,"boss_relics":[{"not_picked":["Astrolabe","SlaversCollar"],"picked":"Coffee Dripper"}],"items_purged_floors":[21,27],"is_endless":false,"potions_floor_spawned":[1,5,13,16,19,20,23,29,30],"killed_by":"Collector","ascension_level":20}