{"gold_per_floor":[14,25,41,53,66,66,66,101,153,153,179,179,104,134,134,211,211,222,242,167,167,167,167,200,200,223,255,273,307,307,325,325,325],"floor_reached":33,"playtime":1639,"items_purged":["Strike_R"],"score":671,"play_id":"1e36fdef-5244-42c4-8a47-54e72643ac3c","local_time":"20210906181030","is_ascension_mode":true,"campfire_choices":[{"data":"Uppercut","floor":6,"key":"SMITH"},{"floor":15,"key":"REST"},{"floor":23,"key":"REST"},{"floor":25,"key":"REST"},{"floor":32,"key":"REST"}],"neow_cost":"NO_GOLD","seed_source_timestamp":353641647012800,"circlet_count":0,"master_deck":["AscendersBane","Strike_R+1","Defend_R","Defend_R+1","Defend_R","Defend_R","Bash","Cleave","Uppercut+1","Battle Trance","Pommel Strike","Feed","Metallicize+1","Immolate","Corruption+1","Pommel Strike","Fire Breathing+1","Battle Trance","Limit Break","Limit Break"],"relics":["Burning Blood","Frozen Egg 2","Strawberry","White Beast Statue","Blood Vial","Philosopher\u0027s Stone","Nilry\u0027s Codex","Thread and Needle","Art of War","Lantern","Pantograph"],"potions_floor_usage":[4,11,14,16,18,24,27,28,29,33,33],"damage_taken":[{"damage":12,"enemies":"2 Louse","floor":1,"turns":5},{"damage":9,"enemies":"Jaw Worm","floor":2,"turns":6},{"damage":0,"enemies":"Small Slimes","floor":3,"turns":2},{"damage":7,"enemies":"2 Fungi Beasts","floor":4,"turns":3},{"damage":4,"enemies":"3 Louse","floor":5,"turns":3},{"damage":36,"enemies":"Lagavulin","floor":8,"turns":7},{"damage":6,"enemies":"Gremlin Nob","floor":11,"turns":3},{"damage":12,"enemies":"Lagavulin","floor":14,"turns":8},{"damage":31,"enemies":"The Guardian","floor":16,"turns":11},{"damage":17,"enemies":"3 Byrds","floor":18,"turns":5},{"damage":30,"enemies":"2 Thieves","floor":19,"turns":3},{"damage":85,"enemies":"Book of Stabbing","floor":24,"turns":6},{"damage":6,"enemies":"Gremlin Leader","floor":27,"turns":4},{"damage":7,"enemies":"Centurion and Healer","floor":28,"turns":4},{"damage":20,"enemies":"Book of Stabbing","floor":29,"turns":6},{"damage":31,"enemies":"Shelled Parasite and Fungi","floor":31,"turns":6},{"damage":82,"enemies":"Collector","floor":33,"turns":5}],"seed_played":"8757711166999784473","potions_obtained":[{"floor":2,"key":"SkillPotion"},{"floor":3,"key":"AttackPotion"},{"floor":4,"key":"FairyPotion"},{"floor":11,"key":"Energy Potion"},{"floor":14,"key":"Fire Potion"},{"floor":16,"key":"AttackPotion"},{"floor":18,"key":"Strength Potion"},{"floor":24,"key":"LiquidMemories"},{"floor":27,"key":"DuplicationPotion"},{"floor":28,"key":"EssenceOfSteel"},{"floor":29,"key":"BlessingOfTheForge"},{"floor":31,"key":"Dexterity Potion"}],"is_trial":false,"path_per_floor":["M","M","M","M","M","R","?","E","T","?","E","?","?","E","R","B",null,"M","M","$","?","?","R","E","R","T","E","M","E","?","M","R","B"],"character_chosen":"IRONCLAD","items_purchased":[],"campfire_rested":4,"item_purchase_floors":[],"current_hp_per_floor":[62,59,65,64,66,66,66,39,46,20,23,23,23,17,43,20,71,65,46,46,25,25,53,7,35,35,40,44,32,32,12,42,0],"gold":325,"neow_bonus":"REMOVE_TWO","is_prod":false,"is_daily":false,"chose_seed":false,"campfire_upgraded":1,"win_rate":0,"timestamp":1630966230,"path_taken":["M","M","M","M","M","R","?","E","T","?","E","?","?","E","R","BOSS","M","M","$","?","?","R","E","R","T","E","M","E","?","M","R","BOSS"],"build_version":"2020-12-22","purchased_purges":1,"victory":false,"max_hp_per_floor":[75,75,75,75,75,75,75,78,85,85,88,88,88,88,88,88,88,91,94,94,94,94,94,94,94,94,97,100,100,100,103,103,103],"card_choices":[{"not_picked":["Shrug It Off","Dropkick"],"picked":"Cleave","floor":1},{"not_picked":["Anger","Heavy Blade"],"picked":"Uppercut","floor":2},{"not_picked":["Havoc","Sword Boomerang"],"picked":"Battle Trance","floor":3},{"not_picked":["Sever Soul","Thunderclap"],"picked":"Pommel Strike","floor":4},{"not_picked":["Clothesline","Power Through"],"picked":"Feed","floor":5},{"not_picked":["Intimidate","Wild Strike","Iron Wave"],"picked":"SKIP","floor":8},{"not_picked":["Iron Wave","Entrench"],"picked":"Metallicize+1","floor":11},{"not_picked":["Rupture+1","Havoc"],"picked":"Immolate","floor":14},{"not_picked":["Limit Break","Berserk+1"],"picked":"Corruption+1","floor":16},{"not_picked":["Clothesline","Body Slam"],"picked":"Pommel Strike","floor":18},{"not_picked":["Blood for Blood","Sword Boomerang"],"picked":"Fire Breathing+1","floor":19},{"not_picked":["Clothesline","Rage","Reckless Charge"],"picked":"SKIP","floor":24},{"not_picked":["Perfected Strike","Clothesline","Heavy Blade"],"picked":"SKIP","floor":27},{"not_picked":["Disarm","Dropkick"],"picked":"Battle Trance","floor":28},{"not_picked":["Second Wind","Twin Strike"],"picked":"Limit Break","floor":29},{"not_picked":["Blood for Blood","Headbutt","Uppercut"],"picked":"SKIP","floor":31}],"player_experience":826534,"relics_obtained":[{"floor":8,"key":"Frozen Egg 2"},{"floor":9,"key":"Strawberry"},{"floor":11,"key":"White Beast Statue"},{"floor":14,"key":"Blood Vial"},{"floor":21,"key":"Nilry\u0027s Codex"},{"floor":24,"key":"Thread and Needle"},{"floor":26,"key":"Art of War"},{"floor":27,"key":"Lantern"},{"floor":29,"key":"Pantograph"}],"event_choices":[{"damage_healed":0,"gold_gain":0,"player_choice":"Ignored","damage_taken":0,"max_hp_gain":0,"max_hp_loss":0,"event_name":"Liars Game","floor":7,"gold_loss":0},{"damage_healed":0,"gold_gain":0,"player_choice":"Entered Light","damage_taken":26,"max_hp_gain":0,"max_hp_loss":0,"event_name":"Shining Light","floor":10,"gold_loss":0,"cards_upgraded":["Defend_R","Strike_R"]},{"damage_healed":0,"gold_gain":0,"player_choice":"Fled","damage_taken":0,"max_hp_gain":0,"max_hp_loss":0,"event_name":"Scrap Ooze","floor":12,"gold_loss":0},{"cards_removed":["Strike_R"],"damage_healed":0,"gold_gain":0,"player_choice":"Card Removal","damage_taken":0,"max_hp_gain":0,"max_hp_loss":0,"event_name":"The Cleric","floor":13,"gold_loss":75},{"damage_healed":0,"gold_gain":0,"player_choice":"Obtained Book","damage_taken":21,"max_hp_gain":0,"max_hp_loss":0,"event_name":"Cursed Tome","floor":21,"gold_loss":0},{"damage_healed":0,"gold_gain":0,"player_choice":"Ignored","damage_taken":0,"max_hp_gain":0,"max_hp_loss":0,"event_name":"The Mausoleum","floor":22,"gold_loss":0},{"damage_healed":0,"gold_gain":0,"player_choice":"Copied","damage_taken":0,"max_hp_gain":0,"max_hp_loss":0,"event_name":"Duplicator","floor":30,"gold_loss":0,"cards_obtained":["Limit Break"]}],"is_beta":false,"boss_relics":[{"not_picked":["Calling Bell","SlaversCollar"],"picked":"Philosopher\u0027s Stone"}],"items_purged_floors":[20],"is_endless":false,"potions_floor_spawned":[2,3,4,5,11,14,16,18,19,24,27,28,29,31],"killed_by":"Collector","ascension_level":20}