{"gold_per_floor":[18,18,30,40,40,40,54,104,151,179,179,213,228,98,98,172,172,185,185,195,207,207,207,237,250,297,331,346,360,371,386,386,386],"floor_reached":33,"playtime":1352,"items_purged":["Strike_R"],"score":602,"play_id":"76b04e80-30b0-4b7a-aa8b-dd0b6c011d91","local_time":"20210901163706","is_ascension_mode":true,"campfire_choices":[{"data":"Bash","floor":6,"key":"SMITH"},{"data":"Anger","floor":11,"key":"SMITH"},{"data":"Metallicize","floor":15,"key":"SMITH"},{"floor":23,"key":"REST"},{"floor":32,"key":"REST"}],"neow_cost":"NO_GOLD","seed_source_timestamp":624075107901500,"circlet_count":0,"master_deck":["AscendersBane","Strike_R+1","Strike_R+1","Defend_R+1","Defend_R+1","Defend_R+1","Defend_R+1","Bash+1","Metallicize+1","Flame Barrier","Anger+1","Twin Strike","Hemokinesis","Feed","Shockwave","Metallicize+1","Evolve+1","Headbutt","Clothesline","Rupture","Limit Break","Twin Strike+1"],"relics":["Burning Blood","Bag of Preparation","Lantern","Darkstone Periapt","Fusion Hammer","Lizard Tail","Oddly Smooth Stone","Pen Nib"],"potions_floor_usage":[10,12,16,25,27,28,28],"damage_taken":[{"damage":3,"enemies":"2 Louse","floor":1,"turns":4},{"damage":6,"enemies":"Cultist","floor":3,"turns":3},{"damage":7,"enemies":"Small Slimes","floor":4,"turns":5},{"damage":11,"enemies":"Looter","floor":7,"turns":3},{"damage":24,"enemies":"3 Sentries","floor":10,"turns":7},{"damage":21,"enemies":"Lagavulin","floor":12,"turns":5},{"damage":0,"enemies":"2 Fungi Beasts","floor":13,"turns":3},{"damage":37,"enemies":"The Guardian","floor":16,"turns":11},{"damage":14,"enemies":"2 Thieves","floor":18,"turns":4},{"damage":13,"enemies":"Shell Parasite","floor":20,"turns":4},{"damage":5,"enemies":"Snake Plant","floor":21,"turns":5},{"damage":22,"enemies":"Book of Stabbing","floor":24,"turns":7},{"damage":12,"enemies":"3 Cultists","floor":25,"turns":5},{"damage":51,"enemies":"Gremlin Leader","floor":27,"turns":9},{"damage":28,"enemies":"Cultist and Chosen","floor":28,"turns":7},{"damage":26,"enemies":"Snake Plant","floor":29,"turns":6},{"damage":2,"enemies":"Centurion and Healer","floor":30,"turns":9},{"damage":16,"enemies":"Sentry and Sphere","floor":31,"turns":6},{"damage":55,"enemies":"Automaton","floor":33,"turns":8}],"seed_played":"2668188189628798708","potions_obtained":[{"floor":3,"key":"Block Potion"},{"floor":7,"key":"PowerPotion"},{"floor":12,"key":"Energy Potion"},{"floor":13,"key":"Energy Potion"},{"floor":18,"key":"Swift Potion"},{"floor":25,"key":"Fire Potion"},{"floor":27,"key":"BloodPotion"},{"floor":28,"key":"Ancient Potion"}],"is_trial":false,"path_per_floor":["M","$","M","M","?","R","M","?","T","E","R","E","M","$","R","B",null,"M","?","M","M","?","R","E","M","T","E","M","M","M","M","R","B"],"character_chosen":"IRONCLAD","items_purchased":["AttackPotion"],"campfire_rested":2,"item_purchase_floors":[14],"current_hp_per_floor":[71,71,71,70,70,70,65,65,65,47,47,32,38,38,38,7,58,53,53,46,47,47,70,54,51,51,49,43,26,33,26,53,0],"gold":386,"neow_bonus":"REMOVE_TWO","is_prod":false,"is_daily":false,"chose_seed":false,"campfire_upgraded":3,"win_rate":0,"timestamp":1630528626,"path_taken":["M","$","M","M","?","R","M","?","T","E","R","E","?","?","R","BOSS","M","?","M","M","?","R","E","M","T","E","M","?","M","M","R","BOSS"],"build_version":"2020-12-22","purchased_purges":1,"victory":false,"max_hp_per_floor":[75,75,75,75,75,75,75,75,75,75,75,75,75,75,75,75,75,78,78,78,78,78,78,78,81,81,84,84,87,90,93,93,93],"card_choices":[{"not_picked":["True Grit","Armaments","Havoc"],"picked":"SKIP","floor":1},{"not_picked":["Power Through","Intimidate"],"picked":"Metallicize","floor":3},{"not_picked":["Disarm","Fire Breathing"],"picked":"Flame Barrier","floor":4},{"not_picked":["Shockwave","Sword Boomerang"],"picked":"Anger","floor":7},{"not_picked":["Metallicize","Limit Break","Bloodletting"],"picked":"SKIP","floor":10},{"not_picked":["Warcry","Bloodletting"],"picked":"Twin Strike","floor":12},{"not_picked":["Wild Strike","Armaments"],"picked":"Hemokinesis","floor":13},{"not_picked":["Barricade","Exhume"],"picked":"Feed","floor":16},{"not_picked":["Perfected Strike","Havoc"],"picked":"Shockwave","floor":18},{"not_picked":["Wild Strike","Flex"],"picked":"Metallicize","floor":20},{"not_picked":["Clothesline","Wild Strike+1"],"picked":"Evolve+1","floor":21},{"not_picked":["Second Wind","Clash"],"picked":"Headbutt","floor":24},{"not_picked":["Thunderclap","Perfected Strike","Sever Soul"],"picked":"SKIP","floor":25},{"not_picked":["Havoc","Entrench"],"picked":"Clothesline","floor":27},{"not_picked":["Rampage+1","Wild Strike"],"picked":"Rupture","floor":28},{"not_picked":["Sword Boomerang","Sentinel","Pommel Strike"],"picked":"SKIP","floor":29},{"not_picked":["Rupture","Sword Boomerang"],"picked":"Limit Break","floor":30},{"not_picked":["Bloodletting","Anger"],"picked":"Twin Strike+1","floor":31}],"player_experience":789534,"relics_obtained":[{"floor":9,"key":"Bag of Preparation"},{"floor":10,"key":"Lantern"},{"floor":12,"key":"Darkstone Periapt"},{"floor":24,"key":"Lizard Tail"},{"floor":26,"key":"Oddly Smooth Stone"},{"floor":27,"key":"Pen Nib"}],"event_choices":[{"damage_healed":0,"gold_gain":0,"player_choice":"Ignored","damage_taken":0,"max_hp_gain":0,"max_hp_loss":0,"event_name":"Liars Game","floor":5,"gold_loss":0},{"damage_healed":0,"gold_gain":50,"player_choice":"Pray","damage_taken":0,"max_hp_gain":0,"max_hp_loss":0,"event_name":"Golden Shrine","floor":8,"gold_loss":0},{"damage_healed":0,"gold_gain":0,"player_choice":"Simplicity","damage_taken":0,"max_hp_gain":0,"max_hp_loss":0,"event_name":"Back to Basics","floor":19,"gold_loss":0,"cards_upgraded":["Strike_R","Strike_R","Defend_R","Defend_R","Defend_R","Defend_R"]},{"damage_healed":0,"gold_gain":0,"player_choice":"Upgraded","damage_taken":0,"max_hp_gain":0,"max_hp_loss":0,"event_name":"Upgrade Shrine","floor":22,"gold_loss":0,"cards_upgraded":["Metallicize"]}],"is_beta":false,"boss_relics":[{"not_picked":["Cursed Key","Calling Bell"],"picked":"Fusion Hammer"}],"items_purged_floors":[14],"is_endless":false,"potions_floor_spawned":[3,7,12,13,18,20,25,27,28],"killed_by":"Automaton","ascension_level":20}