{"gold_per_floor":[115,125,125,125,141,141,157,195,195,218,252,275,275,296,296,385,385,405,449,468,468,481,481,481,506,529,549,549],"floor_reached":28,"playtime":1202,"items_purged":[],"score":508,"play_id":"273e840c-860d-43cf-bb6d-1e8f77be94b4","local_time":"20210905101703","is_ascension_mode":true,"campfire_choices":[{"data":"Bash","floor":6.0,"key":"SMITH"},{"floor":13.0,"key":"REST"},{"data":"Disarm","floor":15.0,"key":"SMITH"},{"floor":24,"key":"REST"}],"neow_cost":"PERCENT_DAMAGE","seed_source_timestamp":239252264302000,"circlet_count":0,"master_deck":["AscendersBane","Strike_R","Strike_R","Strike_R","Strike_R","Strike_R+1","Defend_R","Defend_R","Defend_R+1","Defend_R","Bash+1","Twin Strike","Shrug It Off","Pommel Strike","Whirlwind","Spot Weakness","Ghostly Armor","Disarm+1","Immolate","True Grit","Reaper","True Grit","Headbutt","Thunderclap","Warcry"],"special_seed":0,"relics":["Burning Blood","Champion Belt","Golden Idol","Pear","StoneCalendar","Unceasing Top","Fusion Hammer","Red Mask"],"potions_floor_usage":[22,23],"damage_taken":[{"damage":1.0,"enemies":"Cultist","floor":1.0,"turns":3.0},{"damage":4.0,"enemies":"Small Slimes","floor":2.0,"turns":3.0},{"damage":2.0,"enemies":"Jaw Worm","floor":5.0,"turns":3.0},{"damage":7.0,"enemies":"3 Louse","floor":7.0,"turns":6.0},{"damage":22.0,"enemies":"3 Sentries","floor":8.0,"turns":5.0},{"damage":10.0,"enemies":"Red Slaver","floor":10.0,"turns":3.0},{"damage":24.0,"enemies":"Gremlin Nob","floor":11.0,"turns":4.0},{"damage":6.0,"enemies":"Exordium Wildlife","floor":12.0,"turns":5.0},{"damage":0.0,"enemies":"Exordium Thugs","floor":14.0,"turns":3.0},{"damage":16.0,"enemies":"The Guardian","floor":16.0,"turns":14.0},{"damage":16.0,"enemies":"Spheric Guardian","floor":18.0,"turns":5.0},{"damage":29.0,"enemies":"Masked Bandits","floor":19.0,"turns":5.0},{"damage":14.0,"enemies":"Shell Parasite","floor":20.0,"turns":5.0},{"damage":15,"enemies":"3 Cultists","floor":22,"turns":4},{"damage":33,"enemies":"Slavers","floor":23,"turns":3},{"damage":28,"enemies":"Snake Plant","floor":25,"turns":5},{"damage":18,"enemies":"Centurion and Healer","floor":27,"turns":7},{"damage":35,"enemies":"Book of Stabbing","floor":28,"turns":5}],"seed_played":"-471681522709684954","potions_obtained":[{"floor":5.0,"key":"SteroidPotion"},{"floor":11.0,"key":"Explosive Potion"},{"floor":14.0,"key":"Weak Potion"},{"floor":16.0,"key":"SpeedPotion"},{"floor":18.0,"key":"Fire Potion"},{"floor":20,"key":"BlessingOfTheForge"},{"floor":22,"key":"SmokeBomb"}],"is_trial":false,"path_per_floor":["M","M","?","?","M","R","M","E","T","M","E","M","R","M","R","B",null,"M","?","M","?","M","E","R","M","T","M","E"],"character_chosen":"IRONCLAD","items_purchased":[],"campfire_rested":2,"item_purchase_floors":[],"current_hp_per_floor":[55,57,34,34,38,38,37,31,31,27,9,9,32,38,38,28,66,56,43,35,35,36,19,42,20,20,25,0],"gold":549,"neow_bonus":"ONE_RARE_RELIC","is_prod":false,"is_daily":false,"chose_seed":false,"campfire_upgraded":2,"win_rate":0,"timestamp":1630851423,"path_taken":["M","M","?","?","M","R","M","E","T","M","E","M","R","M","R","BOSS","M","?","M","?","?","E","R","M","T","M","E"],"build_version":"2020-12-22","purchased_purges":0,"victory":false,"max_hp_per_floor":[75,75,75,68,68,68,68,78,78,78,78,78,78,78,78,78,78,78,78,78,78,78,78,78,78,78,78,78],"card_choices":[{"not_picked":["Rage","Warcry"],"picked":"Twin Strike","floor":1.0},{"not_picked":["Sword Boomerang","Body Slam"],"picked":"Shrug It Off","floor":2.0},{"not_picked":["Reckless Charge","Flex"],"picked":"Pommel Strike","floor":5.0},{"not_picked":["Rupture","Thunderclap"],"picked":"Whirlwind","floor":7.0},{"not_picked":["Metallicize","Burning Pact"],"picked":"Spot Weakness","floor":8.0},{"not_picked":["Armaments","Flex"],"picked":"Ghostly Armor","floor":10.0},{"not_picked":["Whirlwind","True Grit"],"picked":"Disarm","floor":11.0},{"not_picked":["Whirlwind","Reckless Charge"],"picked":"Immolate","floor":12.0},{"not_picked":["Warcry","Whirlwind"],"picked":"True Grit","floor":14.0},{"not_picked":["Corruption","Limit Break"],"picked":"Reaper","floor":16.0},{"not_picked":["Infernal Blade","Havoc","Heavy Blade"],"picked":"SKIP","floor":18.0},{"not_picked":["Clash","Wild Strike"],"picked":"True Grit","floor":19.0},{"not_picked":["Wild Strike+1","Heavy Blade"],"picked":"Headbutt","floor":20},{"not_picked":["Thunderclap","Clothesline","Armaments"],"picked":"SKIP","floor":22},{"not_picked":["Clothesline","Armaments"],"picked":"Thunderclap","floor":22},{"not_picked":["Armaments","Heavy Blade"],"picked":"Warcry","floor":25},{"not_picked":["Cleave","Warcry","Thunderclap"],"picked":"SKIP","floor":27}],"player_experience":817199,"relics_obtained":[{"floor":8.0,"key":"Pear"},{"floor":9.0,"key":"StoneCalendar"},{"floor":11.0,"key":"Unceasing Top"},{"floor":19.0,"key":"Red Mask"}],"event_choices":[{"damage_healed":0.0,"max_hp_gain":0.0,"max_hp_loss":0.0,"gold_gain":0.0,"event_name":"Shining Light","player_choice":"Entered Light","floor":3.0,"gold_loss":0.0,"damage_taken":23.0,"cards_upgraded":["Strike_R","Defend_R"]},{"damage_healed":0.0,"max_hp_gain":0.0,"max_hp_loss":7.0,"gold_gain":0.0,"event_name":"Golden Idol","player_choice":"Lose Max HP","floor":4.0,"gold_loss":0.0,"damage_taken":0.0,"relics_obtained":["Golden Idol"]},{"damage_healed":0.0,"max_hp_gain":0.0,"max_hp_loss":0.0,"gold_gain":0.0,"event_name":"Masked Bandits","player_choice":"Fought Bandits","floor":19.0,"gold_loss":0.0,"damage_taken":0.0},{"damage_healed":0,"gold_gain":0,"player_choice":"0 cards matched","damage_taken":0,"max_hp_gain":0,"max_hp_loss":0,"event_name":"Match and Keep!","floor":21,"gold_loss":0,"cards_obtained":[]}],"is_beta":false,"boss_relics":[{"not_picked":["Pandora\u0027s Box","Runic Cube"],"picked":"Fusion Hammer"}],"items_purged_floors":[],"is_endless":false,"potions_floor_spawned":[5,11,14,16,18,20,22],"killed_by":"Book of Stabbing","ascension_level":20}