{"gold_per_floor":[218,232,246,521,129,129,85,117,142,142,176,191,207,217,217,294,294,310,182,201,201],"floor_reached":21,"playtime":1188,"items_purged":["Strike_R","Strike_R"],"score":382,"play_id":"aa12ad9e-80c3-4e30-a52c-549ae71cfc8b","local_time":"20210826185241","is_ascension_mode":true,"campfire_choices":[{"data":"Rupture","floor":6,"key":"SMITH"},{"data":"Uppercut","floor":10,"key":"SMITH"},{"data":"True Grit","floor":15,"key":"SMITH"}],"neow_cost":"NONE","seed_source_timestamp":113941764479600,"circlet_count":0,"master_deck":["AscendersBane","Defend_R","Defend_R","Defend_R","Defend_R","Bash","Spot Weakness","Battle Trance","Twin Strike","Regret","Rupture+1","Clothesline","Uppercut+1","Second Wind","Armaments","True Grit+1","Fire Breathing","Reaper","Thunderclap+1","Intimidate+1","Dark Embrace+1","True Grit"],"special_seed":0,"relics":["Burning Blood","Potion Belt","PreservedInsect","Toy Ornithopter","Paper Frog","Astrolabe"],"potions_floor_usage":[8,13,16,18,20,20],"damage_taken":[{"damage":14.0,"enemies":"Jaw Worm","floor":1.0,"turns":4.0},{"damage":6.0,"enemies":"Cultist","floor":2.0,"turns":3.0},{"damage":8.0,"enemies":"2 Louse","floor":3.0,"turns":4.0},{"damage":34,"enemies":"Gremlin Nob","floor":8,"turns":4},{"damage":25,"enemies":"Lagavulin","floor":11,"turns":4},{"damage":6,"enemies":"Looter","floor":12,"turns":4},{"damage":4,"enemies":"Exordium Thugs","floor":13,"turns":4},{"damage":3,"enemies":"2 Fungi Beasts","floor":14,"turns":4},{"damage":17,"enemies":"Hexaghost","floor":16,"turns":11},{"damage":35,"enemies":"Spheric Guardian","floor":18,"turns":7},{"damage":37,"enemies":"Shell Parasite","floor":20,"turns":11},{"damage":37,"enemies":"Snake Plant","floor":21,"turns":3}],"seed_played":"111287332608595374","potions_obtained":[{"floor":8,"key":"PowerPotion"},{"floor":11,"key":"LiquidMemories"},{"floor":12,"key":"ElixirPotion"},{"floor":16,"key":"ElixirPotion"},{"floor":18,"key":"EssenceOfSteel"}],"is_trial":false,"path_per_floor":["M","M","M","?","$","R","$","E","T","R","E","M","M","M","R","B",null,"M","$","M","M"],"character_chosen":"IRONCLAD","items_purchased":["Rupture","Clothesline","Potion Belt","AttackPotion","Uppercut","True Grit"],"campfire_rested":0,"item_purchase_floors":[5,5,5,5,7,19],"current_hp_per_floor":[60,60,58,58,58,58,58,30,30,30,11,11,18,21,21,15,60,36,36,32,0],"gold":201,"neow_bonus":"HUNDRED_GOLD","is_prod":false,"is_daily":false,"chose_seed":false,"campfire_upgraded":3,"win_rate":0,"timestamp":1630018361,"path_taken":["M","M","M","?","$","R","?","E","T","R","E","M","?","M","R","BOSS","M","?","M","?"],"build_version":"2020-12-22","purchased_purges":2,"victory":false,"max_hp_per_floor":[75,75,75,75,75,75,75,75,75,75,75,75,75,75,75,75,75,75,75,75,75],"card_choices":[{"not_picked":["Sword Boomerang","Warcry"],"picked":"Spot Weakness","floor":1.0},{"not_picked":["Combust","Shockwave"],"picked":"Battle Trance","floor":2.0},{"not_picked":["Iron Wave","Inflame"],"picked":"Twin Strike","floor":3.0},{"not_picked":["Heavy Blade","Anger"],"picked":"Second Wind","floor":8},{"not_picked":["Body Slam","Pommel Strike"],"picked":"Armaments","floor":11},{"not_picked":["Headbutt","Havoc"],"picked":"True Grit","floor":12},{"not_picked":["Perfected Strike","Flex","Rampage"],"picked":"SKIP","floor":13},{"not_picked":["Anger","Body Slam"],"picked":"Fire Breathing","floor":14},{"not_picked":["Brutality","Fiend Fire"],"picked":"Reaper","floor":16},{"not_picked":["Thunderclap","Intimidate","Rupture"],"picked":"SKIP","floor":18},{"not_picked":["Intimidate","Shrug It Off","Clothesline+1"],"picked":"SKIP","floor":20}],"player_experience":750178,"relics_obtained":[{"floor":8,"key":"PreservedInsect"},{"floor":9,"key":"Toy Ornithopter"},{"floor":11,"key":"Paper Frog"}],"event_choices":[{"damage_healed":0.0,"max_hp_gain":0.0,"max_hp_loss":0.0,"gold_gain":275.0,"event_name":"Golden Shrine","player_choice":"Desecrate","floor":4.0,"gold_loss":0.0,"damage_taken":0.0,"cards_obtained":["Regret"]}],"is_beta":false,"boss_relics":[{"not_picked":["Calling Bell","Black Star"],"picked":"Astrolabe"}],"items_purged_floors":[5,19],"is_endless":false,"potions_floor_spawned":[8,11,12,16,18],"killed_by":"Snake Plant","ascension_level":20}