{"gold_per_floor":[119,133,151,162,162,193,29,54,80,97,114,2,36,48,48,125,125,144,144,59,59,16,16,35,45,45,61,91,91,105,136,136,213,213,227,252,6,6,6,41,41,76,76,100,143,163,190,210,210,210,210,210,210,11,49,49],"floor_reached":56,"playtime":3716,"items_purged":["Strike_R","Strike_R"],"score":2173,"play_id":"ca30a74a-6e8d-40e6-8543-f8c92c71887f","local_time":"20210906171103","is_ascension_mode":true,"campfire_choices":[{"data":"True Grit","floor":15.0,"key":"SMITH"},{"data":"Corruption","floor":23.0,"key":"SMITH"},{"data":"Body Slam","floor":29,"key":"SMITH"},{"data":"Feel No Pain","floor":32,"key":"SMITH"},{"data":"Feel No Pain","floor":41,"key":"SMITH"},{"floor":49,"key":"RECALL"},{"data":"Dual Wield","floor":53,"key":"SMITH"}],"neow_cost":"NONE","seed_source_timestamp":347837344747600,"circlet_count":0,"master_deck":["AscendersBane","Strike_R","Strike_R","Strike_R","Defend_R+1","Defend_R","Defend_R","Defend_R","Bash","Thunderclap","Wild Strike","Hemokinesis","Clothesline","Ghostly Armor+1","Feel No Pain+1","Fiend Fire","Flame Barrier","True Grit+1","Shrug It Off","Corruption+1","Warcry","Feel No Pain+1","Inflame+1","Havoc+1","Body Slam+1","Shrug It Off+1","Body Slam+1","Barricade","Body Slam+1","Pommel Strike+1","Sentinel","Headbutt+1","Flame Barrier","Seeing Red","True Grit+1","Warcry","Dual Wield+1","Dark Embrace","Armaments","Evolve"],"special_seed":0,"relics":["Black Blood","Tiny Chest","Pen Nib","Art of War","War Paint","Runic Pyramid","Enchiridion","Lantern","Eternal Feather","InkBottle","Molten Egg 2","Self Forming Clay","Mango","Orichalcum","CeramicFish","FossilizedHelix","Centennial Puzzle","Nunchaku"],"potions_floor_usage":[28,30,33,51,56,56],"damage_taken":[{"damage":9.0,"enemies":"Small Slimes","floor":1.0,"turns":5.0},{"damage":0.0,"enemies":"Cultist","floor":2.0,"turns":3.0},{"damage":14.0,"enemies":"Jaw Worm","floor":3.0,"turns":5.0},{"damage":7.0,"enemies":"Looter","floor":4.0,"turns":4.0},{"damage":21.0,"enemies":"Lagavulin","floor":6.0,"turns":7.0},{"damage":15.0,"enemies":"3 Sentries","floor":8.0,"turns":14.0},{"damage":4.0,"enemies":"2 Fungi Beasts","floor":10.0,"turns":3.0},{"damage":7.0,"enemies":"Red Slaver","floor":11.0,"turns":2.0},{"damage":29.0,"enemies":"Lagavulin","floor":13.0,"turns":5.0},{"damage":10.0,"enemies":"Lots of Slimes","floor":14.0,"turns":5.0},{"damage":20.0,"enemies":"Hexaghost","floor":16.0,"turns":11.0},{"damage":3.0,"enemies":"Spheric Guardian","floor":18.0,"turns":4.0},{"damage":6.0,"enemies":"3 Byrds","floor":24.0,"turns":4.0},{"damage":7.0,"enemies":"Centurion and Healer","floor":25.0,"turns":7.0},{"damage":17.0,"enemies":"Snake Plant","floor":27.0,"turns":3.0},{"damage":15,"enemies":"Book of Stabbing","floor":28,"turns":5},{"damage":0,"enemies":"Snecko","floor":30,"turns":4},{"damage":7,"enemies":"Gremlin Leader","floor":31,"turns":5},{"damage":61,"enemies":"Champ","floor":33,"turns":9},{"damage":0,"enemies":"Orb Walker","floor":35,"turns":3},{"damage":0,"enemies":"Mind Bloom Boss Battle","floor":36,"turns":5},{"damage":100,"enemies":"Reptomancer","floor":40,"turns":8},{"damage":0,"enemies":"Giant Head","floor":42,"turns":5},{"damage":11,"enemies":"3 Darklings","floor":44,"turns":5},{"damage":39,"enemies":"Nemesis","floor":45,"turns":7},{"damage":0,"enemies":"Jaw Worm Horde","floor":46,"turns":4},{"damage":0,"enemies":"Writhing Mass","floor":47,"turns":5},{"damage":0,"enemies":"4 Shapes","floor":48,"turns":4},{"damage":2,"enemies":"Donu and Deca","floor":50,"turns":6},{"damage":15,"enemies":"Time Eater","floor":51,"turns":8},{"damage":35,"enemies":"Shield and Spear","floor":55,"turns":6},{"damage":86,"enemies":"The Heart","floor":56,"turns":6}],"seed_played":"-1263248548538807753","potions_obtained":[{"floor":4.0,"key":"SneckoOil"},{"floor":6.0,"key":"Swift Potion"},{"floor":11.0,"key":"ColorlessPotion"},{"floor":18.0,"key":"GamblersBrew"},{"floor":25.0,"key":"BlessingOfTheForge"},{"floor":30,"key":"SteroidPotion"},{"floor":33,"key":"GamblersBrew"},{"floor":35,"key":"FairyPotion"},{"floor":46,"key":"BloodPotion"}],"is_trial":false,"path_per_floor":["M","M","M","M","?","E","$","E","T","M","M","$","E","M","R","B",null,"M","?","?","T","$","R","M","M","T","M","E","R","M","E","R","B",null,"M","?","$","T","$","E","R","E","T","M","E","M","M","M","R","B","B",null,"R","$","E","B"],"character_chosen":"IRONCLAD","items_purchased":["Feel No Pain","CultistPotion","Feel No Pain","Sentinel","PowerPotion","Dark Embrace","Ancient Potion","Armaments"],"campfire_rested":0,"item_purchase_floors":[7,12,22,37,37,54,54,54],"current_hp_per_floor":[65,71,63,62,75,60,60,51,51,53,52,52,29,25,25,11,59,62,41,41,41,41,53,53,52,52,41,32,47,53,52,67,12,59,71,89,89,89,89,38,56,68,68,69,42,54,66,78,89,89,86,88,89,89,66,0],"gold":49,"neow_bonus":"THREE_CARDS","is_prod":false,"is_daily":false,"chose_seed":false,"campfire_upgraded":6,"win_rate":0,"timestamp":1630962663,"path_taken":["M","M","M","M","?","E","$","E","T","M","M","$","E","?","R","BOSS","M","?","?","?","$","R","M","M","T","?","E","R","?","E","R","BOSS","M","?","$","?","?","E","R","E","T","M","E","M","M","M","R","BOSS","BOSS","R","$","E","BOSS"],"build_version":"2020-12-22","purchased_purges":2,"victory":false,"max_hp_per_floor":[75,75,75,75,75,75,75,75,75,75,75,75,75,75,75,75,75,75,75,75,75,75,75,75,75,75,75,75,75,75,75,75,75,75,75,89,89,89,89,89,89,89,89,89,89,89,89,89,89,89,89,89,89,89,89,89],"card_choices":[{"not_picked":["Sentinel","Warcry"],"picked":"Thunderclap","floor":0.0},{"not_picked":["Perfected Strike","Shrug It Off"],"picked":"Wild Strike","floor":1.0},{"not_picked":["Warcry","Bloodletting"],"picked":"Hemokinesis","floor":2.0},{"not_picked":["Heavy Blade","Body Slam"],"picked":"Clothesline","floor":3.0},{"not_picked":["Heavy Blade","Pommel Strike"],"picked":"Ghostly Armor","floor":4.0},{"not_picked":["Juggernaut","Thunderclap","Flex"],"picked":"SKIP","floor":6.0},{"not_picked":["Juggernaut","Thunderclap","Flex"],"picked":"SKIP","floor":6.0},{"not_picked":["Searing Blow","Body Slam"],"picked":"Fiend Fire","floor":8.0},{"not_picked":["Clash","Whirlwind","Twin Strike"],"picked":"SKIP","floor":10.0},{"not_picked":["Armaments","Dark Embrace"],"picked":"Flame Barrier","floor":11.0},{"not_picked":["Rampage","Carnage"],"picked":"True Grit","floor":13.0},{"not_picked":["Sever Soul","Pommel Strike"],"picked":"Shrug It Off","floor":14.0},{"not_picked":["Juggernaut","Barricade"],"picked":"Corruption","floor":16.0},{"not_picked":["Clash","Sword Boomerang"],"picked":"Warcry","floor":18.0},{"not_picked":["Sword Boomerang","Clash"],"picked":"Inflame+1","floor":24.0},{"not_picked":["Warcry","Iron Wave"],"picked":"Havoc+1","floor":25.0},{"not_picked":["Warcry","Reaper"],"picked":"Body Slam","floor":27.0},{"not_picked":["Iron Wave+1","Flame Barrier"],"picked":"Shrug It Off+1","floor":28},{"not_picked":["Heavy Blade+1","Sever Soul+1","Clash+1"],"picked":"SKIP","floor":30},{"not_picked":["Shrug It Off+1","Rage"],"picked":"Body Slam+1","floor":31},{"not_picked":["Limit Break","Feed+1"],"picked":"Barricade","floor":33},{"not_picked":["Perfected Strike+1","Reckless Charge+1"],"picked":"Body Slam+1","floor":35},{"not_picked":["Thunderclap+1","Intimidate"],"picked":"Pommel Strike+1","floor":36},{"not_picked":["Whirlwind+1","Iron Wave+1"],"picked":"Headbutt+1","floor":40},{"not_picked":["Wild Strike+1","Pommel Strike+1"],"picked":"Flame Barrier","floor":42},{"not_picked":["Iron Wave+1","Sword Boomerang+1"],"picked":"Seeing Red","floor":44},{"not_picked":["Inflame","Dropkick+1"],"picked":"True Grit+1","floor":45},{"not_picked":["Rage","Corruption"],"picked":"Warcry","floor":46},{"not_picked":["Perfected Strike+1","Anger+1"],"picked":"Dual Wield","floor":47},{"not_picked":["Armaments","Carnage+1","Cleave+1"],"picked":"SKIP","floor":48},{"not_picked":["Twin Strike+1","Pommel Strike+1"],"picked":"Evolve","floor":55}],"player_experience":821316,"relics_obtained":[{"floor":6.0,"key":"Tiny Chest"},{"floor":8.0,"key":"Pen Nib"},{"floor":9.0,"key":"Art of War"},{"floor":13.0,"key":"War Paint"},{"floor":19.0,"key":"Enchiridion"},{"floor":21.0,"key":"Eternal Feather"},{"floor":26.0,"key":"InkBottle"},{"floor":28,"key":"Molten Egg 2"},{"floor":31,"key":"Self Forming Clay"},{"floor":36,"key":"Mango"},{"floor":40,"key":"Orichalcum"},{"floor":42,"key":"CeramicFish"},{"floor":43,"key":"FossilizedHelix"},{"floor":45,"key":"Centennial Puzzle"},{"floor":55,"key":"Nunchaku"}],"event_choices":[{"damage_healed":13.0,"max_hp_gain":0.0,"max_hp_loss":0.0,"gold_gain":0.0,"event_name":"Wheel of Change","player_choice":"Full Heal","floor":5.0,"gold_loss":0.0,"damage_taken":0.0},{"damage_healed":0.0,"max_hp_gain":0.0,"max_hp_loss":0.0,"gold_gain":0.0,"event_name":"Cursed Tome","player_choice":"Obtained Book","floor":19.0,"gold_loss":0.0,"damage_taken":21.0},{"damage_healed":0.0,"max_hp_gain":0.0,"max_hp_loss":0.0,"gold_gain":0.0,"event_name":"Addict","player_choice":"Obtained Relic","floor":20.0,"gold_loss":85.0,"damage_taken":0.0,"relics_obtained":["Lantern"]},{"damage_healed":0,"gold_gain":0,"player_choice":"Fight","damage_taken":0,"max_hp_gain":0,"max_hp_loss":0,"event_name":"MindBloom","floor":36,"gold_loss":0}],"is_beta":false,"boss_relics":[{"not_picked":["Empty Cage","Philosopher\u0027s Stone"],"picked":"Runic Pyramid"},{"not_picked":["Mark of Pain","SacredBark"],"picked":"Black Blood"}],"items_purged_floors":[7,37],"is_endless":false,"potions_floor_spawned":[4,6,11,13,18,25,30,33,35,46,48,55],"killed_by":"The Heart","ascension_level":20}