{"gold_per_floor":[112,37,61,73,92,123,123,135,135,149,162,18,18,52,52,123,123,141,141,66,12,22,22,40,40,64,76,76],"floor_reached":28,"playtime":1817,"items_purged":["Strike_R","Strike_R"],"score":460,"play_id":"66361e08-5cde-4b1a-9272-3bf8f0fc1400","local_time":"20210827085335","is_ascension_mode":true,"campfire_choices":[{"data":"Clothesline","floor":7,"key":"SMITH"},{"data":"Combust","floor":13,"key":"SMITH"},{"data":"Demon Form","floor":15,"key":"SMITH"},{"data":"Metallicize","floor":23,"key":"SMITH"},{"data":"Ghostly Armor","floor":25,"key":"SMITH"}],"neow_cost":"NONE","seed_source_timestamp":163809617640500,"circlet_count":0,"master_deck":["AscendersBane","Strike_R","Strike_R","Defend_R","Defend_R","Defend_R","Defend_R","Bash","Clothesline+1","Ghostly Armor+1","Metallicize+1","Burning Pact","Headbutt","Battle Trance","Shrug It Off","Battle Trance","Combust+1","Demon Form+1","Immolate","Feel No Pain","Anger","Warcry"],"relics":["Burning Blood","Bag of Marbles","Gremlin Horn","Incense Burner","Bottled Tornado","Philosopher\u0027s Stone","Bronze Scales"],"potions_floor_usage":[10,16,22,28],"damage_taken":[{"damage":8,"enemies":"Cultist","floor":1,"turns":4},{"damage":2,"enemies":"Jaw Worm","floor":4,"turns":3},{"damage":7,"enemies":"Small Slimes","floor":5,"turns":3},{"damage":35,"enemies":"Gremlin Nob","floor":6,"turns":5},{"damage":1,"enemies":"Looter","floor":8,"turns":4},{"damage":8,"enemies":"Large Slime","floor":10,"turns":7},{"damage":3,"enemies":"Red Slaver","floor":11,"turns":6},{"damage":13,"enemies":"Lagavulin","floor":14,"turns":8},{"damage":18,"enemies":"The Guardian","floor":16,"turns":11},{"damage":11,"enemies":"Chosen","floor":18,"turns":5},{"damage":8,"enemies":"3 Byrds","floor":22,"turns":2},{"damage":34,"enemies":"Snake Plant","floor":24,"turns":6},{"damage":3,"enemies":"Centurion and Healer","floor":27,"turns":12},{"damage":49,"enemies":"Gremlin Leader","floor":28,"turns":2}],"seed_played":"-4918507504316374487","potions_obtained":[{"floor":4,"key":"Regen Potion"},{"floor":5,"key":"PowerPotion"},{"floor":10,"key":"SneckoOil"},{"floor":14,"key":"Block Potion"},{"floor":22,"key":"Fruit Juice"},{"floor":24,"key":"Strength Potion"}],"is_trial":false,"path_per_floor":["M","$","T","M","M","E","R","M","T","M","M","$","R","E","R","B",null,"M","?","?","$","M","R","M","R","T","M","E"],"character_chosen":"IRONCLAD","items_purchased":["Combust","PowerPotion"],"campfire_rested":0,"item_purchase_floors":[12,21],"current_hp_per_floor":[66,66,66,70,69,40,40,45,45,58,61,61,61,54,54,42,67,62,62,62,62,65,65,37,37,37,40,0],"gold":76,"neow_bonus":"THREE_CARDS","is_prod":false,"is_daily":false,"chose_seed":false,"campfire_upgraded":5,"win_rate":0,"timestamp":1630068815,"path_taken":["M","$","?","M","M","E","R","M","T","M","M","$","R","E","R","BOSS","M","?","?","?","M","R","M","R","T","M","E"],"build_version":"2020-12-22","purchased_purges":2,"victory":false,"max_hp_per_floor":[75,75,75,75,75,75,75,75,75,75,75,75,75,75,75,75,75,75,75,75,75,80,80,80,80,80,80,80],"card_choices":[{"not_picked":["Anger","Twin Strike"],"picked":"Clothesline","floor":0},{"not_picked":["Armaments","Thunderclap"],"picked":"Ghostly Armor","floor":1},{"not_picked":["Iron Wave","Armaments"],"picked":"Metallicize","floor":4},{"not_picked":["Havoc","Wild Strike"],"picked":"Burning Pact","floor":5},{"not_picked":["Evolve","Sword Boomerang"],"picked":"Headbutt","floor":6},{"not_picked":["Body Slam","Pommel Strike"],"picked":"Battle Trance","floor":8},{"not_picked":["Sentinel","Dual Wield"],"picked":"Shrug It Off","floor":10},{"not_picked":["Armaments","Twin Strike"],"picked":"Battle Trance","floor":11},{"not_picked":["Battle Trance","True Grit"],"picked":"Demon Form","floor":14},{"not_picked":["Berserk","Corruption"],"picked":"Immolate","floor":16},{"not_picked":["Warcry","Entrench","Clothesline"],"picked":"SKIP","floor":18},{"not_picked":["Headbutt","Carnage","Feel No Pain"],"picked":"SKIP","floor":22},{"not_picked":["Entrench","Clothesline+1"],"picked":"Anger","floor":24},{"not_picked":["Uppercut","Iron Wave"],"picked":"Warcry","floor":27}],"player_experience":753911,"relics_obtained":[{"floor":3,"key":"Bag of Marbles"},{"floor":6,"key":"Gremlin Horn"},{"floor":9,"key":"Incense Burner"},{"floor":14,"key":"Bottled Tornado"},{"floor":26,"key":"Bronze Scales"}],"event_choices":[{"damage_healed":0,"gold_gain":0,"player_choice":"Read","damage_taken":0,"max_hp_gain":0,"max_hp_loss":0,"event_name":"The Library","floor":19,"gold_loss":0,"cards_obtained":["Feel No Pain"]},{"cards_removed":["Strike_R"],"damage_healed":0,"gold_gain":0,"player_choice":"Gave Gold","damage_taken":0,"max_hp_gain":0,"max_hp_loss":0,"event_name":"Beggar","floor":20,"gold_loss":75}],"is_beta":false,"boss_relics":[{"not_picked":["Sozu","Velvet Choker"],"picked":"Philosopher\u0027s Stone"}],"items_purged_floors":[2,12],"is_endless":false,"potions_floor_spawned":[4,5,10,14,22,24,27],"killed_by":"Gremlin Leader","ascension_level":20}