{"gold_per_floor":[114,132,144,219,219,219,548,563,640,640,670,291,306,337,337,337],"floor_reached":16,"playtime":618,"items_purged":["Strike_R"],"score":220,"play_id":"c2e0ba25-65c3-4647-afcc-9b2bbbee0751","local_time":"20210826164641","is_ascension_mode":true,"campfire_choices":[{"data":"Carnage","floor":6,"key":"SMITH"},{"data":"True Grit","floor":15,"key":"SMITH"}],"neow_cost":"TEN_PERCENT_HP_LOSS","seed_source_timestamp":106995054990000,"circlet_count":0,"master_deck":["AscendersBane","Strike_R","Strike_R","Strike_R","Defend_R","Defend_R","Defend_R","Defend_R","Bash","Corruption","Shrug It Off","Pommel Strike","Carnage+1","Hemokinesis","Uppercut","Combust+1","Impervious","True Grit+1","Metallicize+1"],"relics":["Burning Blood","Old Coin","Frozen Egg 2","Omamori"],"potions_floor_usage":[8,14,16],"damage_taken":[{"damage":9,"enemies":"Jaw Worm","floor":1,"turns":4},{"damage":10,"enemies":"Small Slimes","floor":2,"turns":4},{"damage":1,"enemies":"Cultist","floor":3,"turns":3},{"damage":27,"enemies":"3 Sentries","floor":7,"turns":12},{"damage":12,"enemies":"Exordium Wildlife","floor":8,"turns":3},{"damage":3,"enemies":"2 Fungi Beasts","floor":13,"turns":4},{"damage":12,"enemies":"Gremlin Nob","floor":14,"turns":3},{"damage":28,"enemies":"Slime Boss","floor":16,"turns":7}],"seed_played":"4160590994774359157","potions_obtained":[{"floor":7,"key":"Explosive Potion"},{"floor":8,"key":"SneckoOil"}],"is_trial":false,"path_per_floor":["M","M","M","?","?","R","E","M","T","?","?","$","M","E","R","B"],"character_chosen":"IRONCLAD","items_purchased":["Combust+1","Impervious","PowerPotion"],"campfire_rested":0,"item_purchase_floors":[12,12,12],"current_hp_per_floor":[65,61,66,55,55,55,34,28,28,28,28,28,31,25,25,0],"gold":337,"neow_bonus":"THREE_RARE_CARDS","is_prod":false,"is_daily":false,"chose_seed":false,"campfire_upgraded":2,"win_rate":0,"timestamp":1630010801,"path_taken":["M","M","M","?","?","R","E","?","T","?","?","$","M","E","R","BOSS"],"build_version":"2020-12-22","purchased_purges":1,"victory":false,"max_hp_per_floor":[68,68,68,68,68,68,68,68,68,68,68,68,68,68,68,68],"card_choices":[{"not_picked":["Limit Break","Juggernaut"],"picked":"Corruption","floor":0},{"not_picked":["Body Slam","Intimidate"],"picked":"Shrug It Off","floor":1},{"not_picked":["Thunderclap","Twin Strike"],"picked":"Pommel Strike","floor":2},{"not_picked":["Body Slam","Bludgeon"],"picked":"Carnage","floor":3},{"not_picked":["Flex","Warcry"],"picked":"Hemokinesis","floor":7},{"not_picked":["Wild Strike","Inflame"],"picked":"Uppercut","floor":8},{"not_picked":["Bludgeon","Whirlwind"],"picked":"True Grit","floor":13},{"not_picked":["Evolve+1","Flame Barrier"],"picked":"Metallicize+1","floor":14}],"player_experience":748945,"relics_obtained":[{"floor":7,"key":"Old Coin"},{"floor":9,"key":"Frozen Egg 2"},{"floor":14,"key":"Omamori"}],"event_choices":[{"damage_healed":0,"gold_gain":75,"player_choice":"Gather Gold","damage_taken":11,"max_hp_gain":0,"max_hp_loss":0,"event_name":"World of Goop","floor":4,"gold_loss":0},{"cards_removed":["Strike_R"],"damage_healed":0,"gold_gain":0,"player_choice":"Purged","damage_taken":0,"max_hp_gain":0,"max_hp_loss":0,"event_name":"Purifier","floor":5,"gold_loss":0},{"damage_healed":0,"gold_gain":0,"player_choice":"Ignored","damage_taken":0,"max_hp_gain":0,"max_hp_loss":0,"event_name":"Liars Game","floor":10,"gold_loss":0},{"damage_healed":0,"gold_gain":30,"player_choice":"Searched \u00271\u0027 times","damage_taken":0,"max_hp_gain":0,"max_hp_loss":0,"event_name":"Dead Adventurer","floor":11,"gold_loss":0}],"is_beta":false,"boss_relics":[],"items_purged_floors":[12],"is_endless":false,"potions_floor_spawned":[7,8],"killed_by":"Slime Boss","ascension_level":20}