{"gold_per_floor":[12,29,44,63,81,109,125,154,154,154,180,200,231,243,243,320,320,336,351,351,351,144,175,90,118,130,142,188,218,255,23,23,23],"floor_reached":33,"playtime":1641,"items_purged":["Strike_R"],"score":714,"play_id":"90974ce3-0f0f-4cd0-a848-26b728f177b2","local_time":"20210901210603","is_ascension_mode":true,"campfire_choices":[{"data":"Cleave","floor":10,"key":"SMITH"},{"data":"Inflame","floor":15,"key":"SMITH"},{"data":"True Grit","floor":27,"key":"SMITH"},{"floor":32,"key":"REST"}],"neow_cost":"NO_GOLD","seed_source_timestamp":639922143428700,"circlet_count":0,"master_deck":["AscendersBane","Strike_R","Strike_R","Defend_R","Defend_R","Defend_R","Defend_R","Bash","Shockwave","Shrug It Off","Twin Strike","Power Through","Sword Boomerang","Pommel Strike","Inflame+1","Burning Pact","Cleave+1","Second Wind","True Grit+1","Battle Trance","Exhume","Spot Weakness","Battle Trance","Pummel","Dropkick","Dual Wield+1","Burning Pact"],"relics":["Burning Blood","PreservedInsect","Blue Candle","Vajra","Anchor","SlaversCollar","Sundial","Bag of Marbles","MawBank","The Courier","Akabeko","Prayer Wheel","TheAbacus"],"potions_floor_usage":[6,16,23,23,25,33,33],"damage_taken":[{"damage":8,"enemies":"Small Slimes","floor":1,"turns":4},{"damage":8,"enemies":"Jaw Worm","floor":2,"turns":5},{"damage":0,"enemies":"Cultist","floor":3,"turns":5},{"damage":5,"enemies":"Blue Slaver","floor":4,"turns":5},{"damage":15,"enemies":"Large Slime","floor":5,"turns":6},{"damage":15,"enemies":"Lagavulin","floor":6,"turns":7},{"damage":2,"enemies":"Exordium Wildlife","floor":7,"turns":6},{"damage":8,"enemies":"Gremlin Nob","floor":8,"turns":3},{"damage":11,"enemies":"Lagavulin","floor":11,"turns":4},{"damage":0,"enemies":"Blue Slaver","floor":12,"turns":3},{"damage":6,"enemies":"Gremlin Nob","floor":13,"turns":3},{"damage":0,"enemies":"2 Fungi Beasts","floor":14,"turns":2},{"damage":20,"enemies":"Slime Boss","floor":16,"turns":6},{"damage":13,"enemies":"Shell Parasite","floor":18,"turns":5},{"damage":18,"enemies":"2 Thieves","floor":19,"turns":3},{"damage":12,"enemies":"Gremlin Leader","floor":23,"turns":4},{"damage":11,"enemies":"Book of Stabbing","floor":25,"turns":5},{"damage":35,"enemies":"Slavers","floor":28,"turns":6},{"damage":0,"enemies":"Centurion and Healer","floor":29,"turns":2},{"damage":4,"enemies":"Book of Stabbing","floor":30,"turns":3},{"damage":49,"enemies":"Automaton","floor":33,"turns":6}],"seed_played":"4179262783493859835","potions_obtained":[{"floor":2,"key":"Regen Potion"},{"floor":5,"key":"BlessingOfTheForge"},{"floor":6,"key":"SpeedPotion"},{"floor":13,"key":"Regen Potion"},{"floor":18,"key":"EssenceOfSteel"},{"floor":23,"key":"Fruit Juice"},{"floor":28,"key":"SkillPotion"}],"is_trial":false,"path_per_floor":["M","M","M","M","M","E","M","E","T","R","E","M","E","M","R","B",null,"M","M","?","?","$","E","?","E","T","R","E","M","E","$","R","B"],"character_chosen":"IRONCLAD","items_purchased":["Pummel","Dropkick","Block Potion","Burning Pact","TheAbacus"],"campfire_rested":1,"item_purchase_floors":[22,22,31,31,31],"current_hp_per_floor":[66,64,70,71,62,65,69,67,67,67,62,68,68,74,74,60,71,64,52,31,31,31,37,37,37,37,37,8,14,16,16,41,0],"gold":23,"neow_bonus":"TRANSFORM_TWO_CARDS","is_prod":false,"is_daily":false,"chose_seed":false,"campfire_upgraded":3,"win_rate":0,"timestamp":1630544763,"path_taken":["M","M","M","M","M","E","M","E","T","R","E","M","E","M","R","BOSS","M","M","?","?","$","E","?","E","T","R","E","?","E","?","R","BOSS"],"build_version":"2020-12-22","purchased_purges":1,"victory":false,"max_hp_per_floor":[75,75,75,75,75,75,75,75,75,75,75,75,75,75,75,75,75,75,75,80,80,80,80,80,85,85,85,85,85,85,85,85,85],"card_choices":[{"not_picked":["Havoc","Warcry"],"picked":"Twin Strike","floor":1},{"not_picked":["Warcry","Flex"],"picked":"Power Through","floor":2},{"not_picked":["Heavy Blade","Shrug It Off"],"picked":"Sword Boomerang","floor":3},{"not_picked":["Thunderclap","Rage"],"picked":"Pommel Strike","floor":4},{"not_picked":["Iron Wave","Armaments"],"picked":"Inflame","floor":5},{"not_picked":["Power Through","Armaments"],"picked":"Burning Pact","floor":6},{"not_picked":["Reckless Charge","True Grit"],"picked":"Cleave","floor":7},{"not_picked":["Shrug It Off","Havoc","Entrench"],"picked":"SKIP","floor":8},{"not_picked":["Clothesline","Seeing Red"],"picked":"Second Wind","floor":11},{"not_picked":["Bludgeon","Flex","Cleave"],"picked":"SKIP","floor":12},{"not_picked":["Heavy Blade","Wild Strike"],"picked":"True Grit","floor":13},{"not_picked":["Reckless Charge","Whirlwind"],"picked":"Battle Trance","floor":14},{"not_picked":["Double Tap","Berserk"],"picked":"Exhume","floor":16},{"not_picked":["Iron Wave","Thunderclap"],"picked":"Spot Weakness","floor":18},{"not_picked":["Headbutt+1","Sword Boomerang"],"picked":"Battle Trance","floor":19},{"not_picked":["Blood for Blood+1","Iron Wave","Body Slam"],"picked":"SKIP","floor":23},{"not_picked":["Iron Wave","Fire Breathing","Combust"],"picked":"SKIP","floor":25},{"not_picked":["Iron Wave","Immolate"],"picked":"Dual Wield+1","floor":28},{"not_picked":["Sever Soul","Clothesline","Rupture"],"picked":"SKIP","floor":29},{"not_picked":["Rage","Warcry","Sever Soul"],"picked":"SKIP","floor":30}],"player_experience":790886,"relics_obtained":[{"floor":6,"key":"PreservedInsect"},{"floor":8,"key":"Blue Candle"},{"floor":9,"key":"Vajra"},{"floor":11,"key":"Anchor"},{"floor":23,"key":"Sundial"},{"floor":25,"key":"MawBank"},{"floor":26,"key":"The Courier"},{"floor":28,"key":"Akabeko"},{"floor":30,"key":"Prayer Wheel"}],"event_choices":[{"damage_healed":0,"gold_gain":0,"player_choice":"Shed Blood","damage_taken":26,"max_hp_gain":5,"max_hp_loss":0,"event_name":"Forgotten Altar","floor":20,"gold_loss":0},{"damage_healed":0,"gold_gain":0,"player_choice":"Ignored","damage_taken":0,"max_hp_gain":0,"max_hp_loss":0,"event_name":"The Mausoleum","floor":21,"gold_loss":0},{"damage_healed":0,"gold_gain":0,"player_choice":"Obtained Relic","damage_taken":0,"relics_obtained":["Bag of Marbles"],"max_hp_gain":0,"max_hp_loss":0,"event_name":"Addict","floor":24,"gold_loss":85}],"is_beta":false,"boss_relics":[{"not_picked":["Pandora\u0027s Box","Calling Bell"],"picked":"SlaversCollar"}],"items_purged_floors":[22],"is_endless":false,"potions_floor_spawned":[2,5,6,8,13,18,19,23,28],"killed_by":"Automaton","ascension_level":20}