{"gold_per_floor":[116,136,286,302,4,36,36,64,90,90,103,103,132,145,145,145],"floor_reached":16,"playtime":567,"items_purged":["Doubt"],"score":240,"play_id":"9f7c7933-27bb-4598-ab7c-b85b321f26ac","local_time":"20210826190629","is_ascension_mode":true,"campfire_choices":[{"data":"Wild Strike","floor":7,"key":"SMITH"},{"data":"Clothesline","floor":12,"key":"SMITH"},{"data":"True Grit","floor":15,"key":"SMITH"}],"neow_cost":"NONE","seed_source_timestamp":115433993525500,"circlet_count":0,"master_deck":["AscendersBane","Strike_R","Strike_R","Strike_R","Strike_R","Strike_R","Defend_R","Defend_R","Defend_R","Defend_R","Bash","Wild Strike+1","Clothesline+1","Anger","Wild Strike+1","Corruption","Combust","True Grit+1"],"relics":["Burning Blood","Medical Kit","Lantern","PreservedInsect"],"potions_floor_usage":[6,8,16],"damage_taken":[{"damage":10,"enemies":"Small Slimes","floor":1,"turns":5},{"damage":2,"enemies":"2 Louse","floor":2,"turns":3},{"damage":7,"enemies":"Cultist","floor":4,"turns":4},{"damage":8,"enemies":"Gremlin Nob","floor":6,"turns":3},{"damage":26,"enemies":"Lagavulin","floor":8,"turns":6},{"damage":0,"enemies":"Large Slime","floor":11,"turns":2},{"damage":26,"enemies":"3 Sentries","floor":13,"turns":5},{"damage":7,"enemies":"Red Slaver","floor":14,"turns":2},{"damage":37,"enemies":"Hexaghost","floor":16,"turns":9}],"seed_played":"1600419465621889365","potions_obtained":[{"floor":2,"key":"Fire Potion"},{"floor":4,"key":"Dexterity Potion"},{"floor":11,"key":"HeartOfIron"}],"is_trial":false,"path_per_floor":["M","M","?","M","$","E","R","E","T","?","M","R","E","M","R","B"],"character_chosen":"IRONCLAD","items_purchased":["Medical Kit","Wild Strike"],"campfire_rested":0,"item_purchase_floors":[5,5],"current_hp_per_floor":[71,75,75,74,74,72,72,52,52,52,58,58,38,37,37,0],"gold":145,"neow_bonus":"TEN_PERCENT_HP_BONUS","is_prod":false,"is_daily":false,"chose_seed":false,"campfire_upgraded":3,"win_rate":0,"timestamp":1630019189,"path_taken":["M","M","?","M","$","E","R","E","T","?","M","R","E","?","R","BOSS"],"build_version":"2020-12-22","purchased_purges":1,"victory":false,"max_hp_per_floor":[82,82,82,82,82,82,82,82,82,82,82,82,82,82,82,82],"card_choices":[{"not_picked":["Havoc","Twin Strike"],"picked":"Wild Strike","floor":1},{"not_picked":["Body Slam","Inflame"],"picked":"Clothesline","floor":2},{"not_picked":["Spot Weakness","Dropkick"],"picked":"Anger","floor":4},{"not_picked":["Headbutt","Wild Strike"],"picked":"Corruption","floor":6},{"not_picked":["Brutality","Heavy Blade","Infernal Blade"],"picked":"SKIP","floor":8},{"not_picked":["Havoc","Pummel"],"picked":"Combust","floor":11},{"not_picked":["Seeing Red","Heavy Blade"],"picked":"True Grit","floor":13},{"not_picked":["Sword Boomerang","Immolate","Wild Strike"],"picked":"SKIP","floor":14}],"player_experience":751611,"relics_obtained":[{"floor":6,"key":"Lantern"},{"floor":8,"key":"PreservedInsect"}],"event_choices":[{"damage_healed":0,"gold_gain":150,"player_choice":"AGREE","damage_taken":0,"max_hp_gain":0,"max_hp_loss":0,"event_name":"Liars Game","floor":3,"gold_loss":0,"cards_obtained":["Doubt"]},{"damage_healed":0,"gold_gain":0,"player_choice":"Upgraded","damage_taken":0,"max_hp_gain":0,"max_hp_loss":0,"event_name":"Upgrade Shrine","floor":10,"gold_loss":0,"cards_upgraded":["Wild Strike"]}],"is_beta":false,"boss_relics":[],"items_purged_floors":[5],"is_endless":false,"potions_floor_spawned":[2,4,11],"killed_by":"Hexaghost","ascension_level":20}