{"gold_per_floor":[215,232,250,266,29,29,29,29,29,67,67,67,103,122,122,122],"floor_reached":16,"playtime":670,"items_purged":["Strike_R"],"score":220,"play_id":"0658b4f3-8404-4dcb-9fd5-dcc40a74b1ae","local_time":"20210907154603","is_ascension_mode":true,"campfire_choices":[{"data":"Wild Strike","floor":6,"key":"SMITH"},{"data":"Dark Embrace","floor":8,"key":"SMITH"},{"floor":12,"key":"REST"},{"data":"Fiend Fire","floor":15,"key":"SMITH"}],"neow_cost":"NONE","seed_source_timestamp":432345064074100,"circlet_count":0,"master_deck":["AscendersBane","Strike_R","Strike_R","Strike_R","Strike_R","Defend_R","Defend_R","Defend_R","Defend_R","Bash","Wild Strike+1","Dark Embrace+1","Power Through","True Grit","Fiend Fire+1","Headbutt","Armaments"],"relics":["Burning Blood","Bag of Marbles","Golden Idol","TungstenRod","Ornamental Fan","Lantern"],"potions_floor_usage":[4,16],"damage_taken":[{"damage":7,"enemies":"2 Louse","floor":1,"turns":3},{"damage":12,"enemies":"Small Slimes","floor":2,"turns":4},{"damage":6,"enemies":"Cultist","floor":3,"turns":3},{"damage":12,"enemies":"Lots of Slimes","floor":4,"turns":6},{"damage":48,"enemies":"Lagavulin","floor":10,"turns":7},{"damage":21,"enemies":"3 Sentries","floor":13,"turns":9},{"damage":7,"enemies":"Blue Slaver","floor":14,"turns":4},{"damage":19,"enemies":"Slime Boss","floor":16,"turns":4}],"seed_played":"-8344652721183927649","potions_obtained":[{"floor":1,"key":"ColorlessPotion"},{"floor":14,"key":"Weak Potion"}],"is_trial":false,"path_per_floor":["M","M","M","M","$","R","?","R","T","E","?","R","E","M","R","B"],"character_chosen":"IRONCLAD","items_purchased":["Bag of Marbles"],"campfire_rested":1,"item_purchase_floors":[5],"current_hp_per_floor":[67,61,61,55,55,55,55,55,55,13,13,33,18,17,17,0],"gold":122,"neow_bonus":"HUNDRED_GOLD","is_prod":false,"is_daily":false,"chose_seed":false,"campfire_upgraded":3,"win_rate":0,"timestamp":1631043963,"path_taken":["M","M","M","M","$","R","?","R","T","E","?","R","E","M","R","BOSS"],"build_version":"2020-12-22","purchased_purges":1,"victory":false,"max_hp_per_floor":[75,75,75,75,75,75,68,68,68,68,68,68,68,68,68,68],"card_choices":[{"not_picked":["Rupture","Intimidate"],"picked":"Wild Strike","floor":1},{"not_picked":["Headbutt","Second Wind"],"picked":"Dark Embrace","floor":2},{"not_picked":["Second Wind","Pommel Strike"],"picked":"Power Through","floor":3},{"not_picked":["Sword Boomerang","Armaments"],"picked":"True Grit","floor":4},{"not_picked":["Hemokinesis","True Grit"],"picked":"Fiend Fire","floor":10},{"not_picked":["Twin Strike","Rage"],"picked":"Headbutt","floor":13},{"not_picked":["Warcry","Headbutt"],"picked":"Armaments","floor":14}],"player_experience":829209,"relics_obtained":[{"floor":9,"key":"TungstenRod"},{"floor":10,"key":"Ornamental Fan"},{"floor":13,"key":"Lantern"}],"event_choices":[{"damage_healed":0,"gold_gain":0,"player_choice":"Lose Max HP","damage_taken":0,"relics_obtained":["Golden Idol"],"max_hp_gain":0,"max_hp_loss":7,"event_name":"Golden Idol","floor":7,"gold_loss":0},{"damage_healed":0,"gold_gain":0,"player_choice":"Ignored","damage_taken":0,"max_hp_gain":0,"max_hp_loss":0,"event_name":"Shining Light","floor":11,"gold_loss":0}],"is_beta":false,"boss_relics":[],"items_purged_floors":[5],"is_endless":false,"potions_floor_spawned":[1,14],"killed_by":"Slime Boss","ascension_level":20}