{"gold_per_floor":[115,126,126,51,61,61,92,92,118,118,138,138,148,178,178,249,249,249,249,149,149,149,149,149,149,149,149,149,149,149,24,24,24],"floor_reached":33,"playtime":1229,"items_purged":["Strike_R","Strike_R","Decay"],"score":514,"play_id":"a67470c9-d929-49a6-ba2e-4fd1dc05ee40","local_time":"20210918154241","is_ascension_mode":true,"campfire_choices":[{"data":"Wild Strike","floor":6,"key":"SMITH"},{"data":"Bash","floor":8,"key":"SMITH"},{"data":"Anger","floor":10,"key":"SMITH"},{"data":"Thunderclap","floor":12,"key":"SMITH"},{"data":"Infernal Blade","floor":15,"key":"SMITH"},{"floor":23,"key":"REST"},{"data":"Corruption","floor":25,"key":"SMITH"},{"data":"Dark Embrace","floor":27,"key":"SMITH"},{"floor":30,"key":"REST"},{"data":"Battle Trance","floor":32,"key":"SMITH"}],"neow_cost":"NONE","seed_source_timestamp":136437949977599,"circlet_count":0,"master_deck":["AscendersBane","Strike_R","Strike_R+1","Strike_R","Defend_R","Defend_R+1","Defend_R","Defend_R+1","Bash+1","Headbutt+1","Anger+1","Wild Strike+1","Thunderclap+1","Infernal Blade+1","Corruption+1","Dark Embrace+1","Shrug It Off","Battle Trance+1","Burning Pact","True Grit","Dual Wield"],"relics":["Burning Blood","War Paint","Whetstone","Ectoplasm","Sundial"],"potions_floor_usage":[5,14,16,21,24,24,33],"damage_taken":[{"damage":1,"enemies":"Small Slimes","floor":1,"turns":3},{"damage":6,"enemies":"Cultist","floor":2,"turns":3},{"damage":7,"enemies":"Jaw Worm","floor":5,"turns":3},{"damage":32,"enemies":"Gremlin Nob","floor":7,"turns":4},{"damage":4,"enemies":"Exordium Thugs","floor":11,"turns":4},{"damage":6,"enemies":"Lots of Slimes","floor":13,"turns":3},{"damage":29,"enemies":"3 Sentries","floor":14,"turns":8},{"damage":52,"enemies":"Hexaghost","floor":16,"turns":9},{"damage":32,"enemies":"Shell Parasite","floor":18,"turns":4},{"damage":27,"enemies":"Spheric Guardian","floor":19,"turns":5},{"damage":15,"enemies":"Snecko","floor":21,"turns":5},{"damage":9,"enemies":"Centurion and Healer","floor":22,"turns":6},{"damage":19,"enemies":"Shelled Parasite and Fungi","floor":24,"turns":3},{"damage":11,"enemies":"Snecko","floor":28,"turns":4},{"damage":54,"enemies":"Collector","floor":33,"turns":6}],"seed_played":"6975806601607334224","potions_obtained":[{"floor":3,"key":"BloodPotion"},{"floor":3,"key":"Fruit Juice"},{"floor":5,"key":"DuplicationPotion"},{"floor":14,"key":"ColorlessPotion"},{"floor":16,"key":"LiquidMemories"},{"floor":21,"key":"Swift Potion"},{"floor":24,"key":"AttackPotion"}],"is_trial":false,"path_per_floor":["M","M","?","$","M","R","E","R","T","R","M","R","M","E","R","B",null,"M","M","$","M","M","R","M","R","T","R","M","?","R","$","R","B"],"character_chosen":"IRONCLAD","items_purchased":[],"campfire_rested":2,"item_purchase_floors":[],"current_hp_per_floor":[80,80,80,80,84,84,58,58,58,58,60,60,60,54,54,8,67,41,20,20,11,8,34,21,21,21,21,16,16,42,42,42,0],"gold":24,"neow_bonus":"TEN_PERCENT_HP_BONUS","is_prod":false,"is_daily":false,"chose_seed":false,"campfire_upgraded":8,"win_rate":0,"timestamp":1631994161,"path_taken":["M","M","?","$","M","R","E","R","T","R","M","R","M","E","R","BOSS","M","M","$","?","M","R","M","R","T","R","M","?","R","$","R","BOSS"],"build_version":"2020-12-22","purchased_purges":3,"victory":false,"max_hp_per_floor":[82,82,82,82,87,87,87,87,87,87,87,87,87,87,87,87,87,87,87,87,87,87,87,87,87,87,87,87,87,87,87,87,87],"card_choices":[{"not_picked":["Sword Boomerang","Thunderclap"],"picked":"Headbutt","floor":1},{"not_picked":["Twin Strike","Ghostly Armor"],"picked":"Anger","floor":2},{"not_picked":["Thunderclap","Infernal Blade"],"picked":"Wild Strike","floor":5},{"not_picked":["Clothesline","Pommel Strike","Headbutt"],"picked":"SKIP","floor":7},{"not_picked":["Intimidate","Clash"],"picked":"Thunderclap","floor":11},{"not_picked":["Headbutt","Clothesline","Flex"],"picked":"SKIP","floor":13},{"not_picked":["Fire Breathing","Wild Strike"],"picked":"Infernal Blade","floor":14},{"not_picked":["Offering","Feed"],"picked":"Corruption","floor":16},{"not_picked":["Seeing Red","Perfected Strike"],"picked":"Dark Embrace","floor":18},{"not_picked":["Evolve","Flex"],"picked":"Shrug It Off","floor":19},{"not_picked":["Clash","Clothesline"],"picked":"Battle Trance","floor":21},{"not_picked":["Perfected Strike","Twin Strike"],"picked":"Burning Pact","floor":22},{"not_picked":["Evolve","Pummel"],"picked":"True Grit","floor":24},{"not_picked":["Headbutt","True Grit"],"picked":"Dual Wield","floor":28}],"player_experience":861701,"relics_obtained":[{"floor":7,"key":"War Paint"},{"floor":9,"key":"Whetstone"},{"floor":26,"key":"Sundial"}],"event_choices":[{"damage_healed":0,"gold_gain":0,"player_choice":"Got Potions","damage_taken":0,"max_hp_gain":0,"max_hp_loss":0,"event_name":"Lab","floor":3,"gold_loss":0},{"damage_healed":0,"gold_gain":0,"player_choice":"Smashed Altar","damage_taken":0,"max_hp_gain":0,"max_hp_loss":0,"event_name":"Forgotten Altar","floor":29,"gold_loss":0,"cards_obtained":["Decay"]}],"is_beta":false,"boss_relics":[{"not_picked":["SacredBark","Velvet Choker"],"picked":"Ectoplasm"}],"items_purged_floors":[4,20,31],"is_endless":false,"potions_floor_spawned":[5,11,14,16,21,24],"killed_by":"Collector","ascension_level":20}