{"gold_per_floor":[112,130,147,167,179,213,213,241,266,266,294,65,81,81,81,158,158,175,175,225,31,46,46],"floor_reached":23,"playtime":1072,"items_purged":["Strike_R","Strike_R"],"score":447,"play_id":"0b019653-ad59-436c-aebe-71ac69c9ee54","local_time":"20210910211341","is_ascension_mode":true,"campfire_choices":[{"floor":7.0,"key":"REST"},{"data":"Feed","floor":10.0,"key":"SMITH"},{"floor":15,"key":"REST"}],"neow_cost":"NONE","seed_source_timestamp":710686015161900,"circlet_count":0,"master_deck":["AscendersBane","Strike_R","Strike_R","Strike_R","Defend_R","Defend_R","Defend_R","Defend_R","Bash","Fire Breathing","Pommel Strike","Anger","Headbutt","Cleave","Feed+1","Feel No Pain+1","Demon Form","Feel No Pain","Limit Break","Havoc","Finesse"],"special_seed":0,"relics":["Burning Blood","Pear","Anchor","Happy Flower","Sozu"],"potions_floor_usage":[13,16],"damage_taken":[{"damage":12.0,"enemies":"2 Louse","floor":1.0,"turns":3.0},{"damage":8.0,"enemies":"Small Slimes","floor":2.0,"turns":5.0},{"damage":6.0,"enemies":"Cultist","floor":3.0,"turns":3.0},{"damage":24.0,"enemies":"Blue Slaver","floor":4.0,"turns":4.0},{"damage":12.0,"enemies":"Looter","floor":5.0,"turns":3.0},{"damage":30.0,"enemies":"3 Sentries","floor":6.0,"turns":5.0},{"damage":32.0,"enemies":"Gremlin Nob","floor":8.0,"turns":4.0},{"damage":29.0,"enemies":"Lagavulin","floor":11.0,"turns":8.0},{"damage":7,"enemies":"2 Fungi Beasts","floor":13,"turns":3},{"damage":38,"enemies":"Slime Boss","floor":16,"turns":6},{"damage":12,"enemies":"Chosen","floor":18,"turns":5},{"damage":24,"enemies":"3 Byrds","floor":22,"turns":8},{"damage":70,"enemies":"Gremlin Leader","floor":23,"turns":6}],"seed_played":"-7447115205191763999","potions_obtained":[{"floor":1.0,"key":"LiquidBronze"},{"floor":4.0,"key":"Dexterity Potion"},{"floor":16,"key":"GamblersBrew"}],"is_trial":false,"path_per_floor":["M","M","M","M","M","E","R","E","T","R","E","$","M","?","R","B",null,"M","?","?","$","M","E"],"character_chosen":"IRONCLAD","items_purchased":["Feel No Pain","EntropicBrew","Finesse"],"campfire_rested":2,"item_purchase_floors":[12,12,21],"current_hp_per_floor":[69,67,67,49,43,29,56,33,33,33,14,14,17,17,47,15,81,75,75,75,75,61,0],"gold":46,"neow_bonus":"TEN_PERCENT_HP_BONUS","is_prod":false,"is_daily":false,"chose_seed":false,"campfire_upgraded":1,"win_rate":0,"timestamp":1631322821,"path_taken":["M","M","M","M","M","E","R","E","T","R","E","$","M","?","R","BOSS","M","?","?","$","M","E"],"build_version":"2020-12-22","purchased_purges":2,"victory":false,"max_hp_per_floor":[82,82,82,82,82,92,92,95,95,95,99,99,103,103,103,103,103,103,103,103,103,107,107],"card_choices":[{"not_picked":["Warcry","Twin Strike"],"picked":"Fire Breathing","floor":1.0},{"not_picked":["Headbutt","Flex"],"picked":"Pommel Strike","floor":2.0},{"not_picked":["Twin Strike","Warcry"],"picked":"Anger","floor":3.0},{"not_picked":["Heavy Blade","Thunderclap"],"picked":"Headbutt","floor":4.0},{"not_picked":["Flex","Rupture"],"picked":"Cleave","floor":5.0},{"not_picked":["Shrug It Off","Dual Wield"],"picked":"Feed","floor":6.0},{"not_picked":["Cleave","Impervious"],"picked":"Feel No Pain","floor":8.0},{"not_picked":["Armaments","Clothesline"],"picked":"Demon Form","floor":11.0},{"not_picked":["Twin Strike","Fire Breathing","Iron Wave"],"picked":"SKIP","floor":13},{"not_picked":["Double Tap","Brutality"],"picked":"Limit Break","floor":16},{"not_picked":["Warcry","Iron Wave"],"picked":"Havoc","floor":18},{"not_picked":["Armaments","Sever Soul","Thunderclap"],"picked":"SKIP","floor":22}],"player_experience":836853,"relics_obtained":[{"floor":6.0,"key":"Pear"},{"floor":8.0,"key":"Anchor"},{"floor":9.0,"key":"Happy Flower"}],"event_choices":[{"damage_healed":0,"gold_gain":0,"player_choice":"Grow","damage_taken":0,"max_hp_gain":0,"max_hp_loss":0,"event_name":"Living Wall","floor":14,"gold_loss":0,"cards_upgraded":["Feel No Pain"]},{"damage_healed":0,"gold_gain":0,"player_choice":"Ignored","damage_taken":0,"max_hp_gain":0,"max_hp_loss":0,"event_name":"Ghosts","floor":19,"gold_loss":0},{"damage_healed":0,"gold_gain":100,"player_choice":"Bet on Murderer","damage_taken":0,"max_hp_gain":0,"max_hp_loss":0,"event_name":"The Joust","floor":20,"gold_loss":50}],"is_beta":false,"boss_relics":[{"not_picked":["Runic Pyramid","Black Star"],"picked":"Sozu"}],"items_purged_floors":[12,21],"is_endless":false,"potions_floor_spawned":[1,4,5,16,22],"killed_by":"Gremlin Leader","ascension_level":20}