{"gold_per_floor":[117,192,203,217,229,255,255,290,344,344,369,369,397,411,411,485,485,496,496,411,428,428,428],"floor_reached":23,"playtime":986,"items_purged":[],"score":418,"play_id":"ce1ef326-c690-4d0b-a50b-9da3c044facf","local_time":"20210912225418","is_ascension_mode":true,"campfire_choices":[{"data":"Cleave","floor":7,"key":"SMITH"},{"floor":10,"key":"REST"},{"floor":15,"key":"REST"}],"neow_cost":"NONE","seed_source_timestamp":889719889776400,"circlet_count":0,"master_deck":["AscendersBane","Strike_R","Strike_R","Strike_R","Strike_R","Defend_R","Defend_R","Defend_R","Defend_R","Bash+1","Combust","Cleave+1","Pommel Strike","Reaper","Feel No Pain","Blood for Blood","Flame Barrier","Clothesline","Fiend Fire","Second Wind+1"],"relics":["Burning Blood","NeowsBlessing","Pocketwatch","Paper Frog","Juzu Bracelet","MealTicket","Odd Mushroom","Mark of Pain","Ornamental Fan"],"potions_floor_usage":[6,13,16,16,21,23],"damage_taken":[{"damage":0,"enemies":"2 Louse","floor":1,"turns":1},{"damage":0,"enemies":"Small Slimes","floor":3,"turns":1},{"damage":0,"enemies":"Jaw Worm","floor":4,"turns":1},{"damage":30,"enemies":"Large Slime","floor":5,"turns":5},{"damage":31,"enemies":"Lagavulin","floor":6,"turns":7},{"damage":28,"enemies":"3 Sentries","floor":8,"turns":5},{"damage":34,"enemies":"Gremlin Nob","floor":11,"turns":4},{"damage":12,"enemies":"The Mushroom Lair","floor":13,"turns":3},{"damage":2,"enemies":"Looter","floor":14,"turns":4},{"damage":37,"enemies":"Slime Boss","floor":16,"turns":8},{"damage":7,"enemies":"Chosen","floor":18,"turns":5},{"damage":17,"enemies":"2 Thieves","floor":21,"turns":4},{"damage":46,"enemies":"Slavers","floor":23,"turns":4}],"seed_played":"8459744736197794273","potions_obtained":[{"floor":3,"key":"AttackPotion"},{"floor":6,"key":"ElixirPotion"},{"floor":11,"key":"Dexterity Potion"},{"floor":13,"key":"SkillPotion"},{"floor":18,"key":"AttackPotion"},{"floor":21,"key":"PowerPotion"}],"is_trial":false,"path_per_floor":["M","?","M","M","M","E","R","E","T","R","E","?","?","M","R","B",null,"M","?","?","M","?","E"],"character_chosen":"IRONCLAD","items_purchased":[],"campfire_rested":2,"item_purchase_floors":[],"current_hp_per_floor":[74,63,69,75,51,26,26,12,12,34,10,10,16,20,42,23,62,61,40,40,29,29,0],"gold":428,"neow_bonus":"THREE_ENEMY_KILL","is_prod":false,"is_daily":false,"chose_seed":false,"campfire_upgraded":1,"win_rate":0,"timestamp":1631501658,"path_taken":["M","?","M","M","M","E","R","E","T","R","E","?","?","M","R","BOSS","M","?","?","M","?","E"],"build_version":"2020-12-22","purchased_purges":0,"victory":false,"max_hp_per_floor":[75,75,75,75,75,75,75,75,75,75,75,75,75,75,75,75,75,75,80,80,80,80,80],"card_choices":[{"not_picked":["Armaments","True Grit"],"picked":"Combust","floor":1},{"not_picked":["Second Wind","Flex"],"picked":"Cleave","floor":3},{"not_picked":["Dropkick","Intimidate"],"picked":"Pommel Strike","floor":4},{"not_picked":["Sever Soul","Limit Break","Body Slam"],"picked":"SKIP","floor":5},{"not_picked":["Dark Embrace","Burning Pact"],"picked":"Reaper","floor":6},{"not_picked":["Combust","Second Wind"],"picked":"Feel No Pain","floor":8},{"not_picked":["Bloodletting","Rage"],"picked":"Blood for Blood","floor":11},{"not_picked":["Ghostly Armor","Warcry"],"picked":"Flame Barrier","floor":13},{"not_picked":["Disarm","Sword Boomerang"],"picked":"Clothesline","floor":14},{"not_picked":["Bludgeon","Juggernaut"],"picked":"Fiend Fire","floor":16},{"not_picked":["Perfected Strike","Infernal Blade","Wild Strike"],"picked":"SKIP","floor":18},{"not_picked":["Iron Wave","Infernal Blade"],"picked":"Second Wind+1","floor":21}],"player_experience":844019,"relics_obtained":[{"floor":6,"key":"Pocketwatch"},{"floor":8,"key":"Paper Frog"},{"floor":9,"key":"Juzu Bracelet"},{"floor":11,"key":"MealTicket"},{"floor":13,"key":"Odd Mushroom"}],"event_choices":[{"damage_healed":0,"gold_gain":75,"player_choice":"Gather Gold","damage_taken":11,"max_hp_gain":0,"max_hp_loss":0,"event_name":"World of Goop","floor":2,"gold_loss":0},{"damage_healed":0,"gold_gain":0,"player_choice":"Grow","damage_taken":0,"max_hp_gain":0,"max_hp_loss":0,"event_name":"Living Wall","floor":12,"gold_loss":0,"cards_upgraded":["Bash"]},{"damage_healed":0,"gold_gain":0,"player_choice":"Fought Mushrooms","damage_taken":0,"max_hp_gain":0,"max_hp_loss":0,"event_name":"Mushrooms","floor":13,"gold_loss":0},{"damage_healed":0,"gold_gain":0,"player_choice":"Shed Blood","damage_taken":26,"max_hp_gain":5,"max_hp_loss":0,"event_name":"Forgotten Altar","floor":19,"gold_loss":0},{"damage_healed":0,"gold_gain":0,"player_choice":"Obtained Relic","damage_taken":0,"relics_obtained":["Ornamental Fan"],"max_hp_gain":0,"max_hp_loss":0,"event_name":"Addict","floor":20,"gold_loss":85},{"cards_removed":["Strike_R"],"damage_healed":0,"gold_gain":0,"player_choice":"Offered Basic","damage_taken":0,"max_hp_gain":0,"max_hp_loss":0,"event_name":"Bonfire Elementals","floor":22,"gold_loss":0}],"is_beta":false,"boss_relics":[{"not_picked":["Black Star","Empty Cage"],"picked":"Mark of Pain"}],"items_purged_floors":[],"is_endless":false,"potions_floor_spawned":[3,6,11,13,18,21],"killed_by":"Slavers","ascension_level":20}