{"gold_per_floor":[110,123,143,161,173,207,237,272,272,304,304,321,63,80,80,158,158,175,175,175,193,33,64,64,83,83,97,97,125,61,93,93,172,172,184,2,22,42,58,88,88,117,192,192,218,264,4,15,15,15,15],"floor_reached":52,"playtime":3342,"items_purged":["Strike_R"],"score":2044,"play_id":"240eee90-af04-4f7b-8448-203e636f33d5","local_time":"20210918163850","is_ascension_mode":true,"campfire_choices":[{"data":"Fiend Fire","floor":15.0,"key":"SMITH"},{"data":"Immolate","floor":24.0,"key":"SMITH"},{"data":"Evolve","floor":32,"key":"SMITH"},{"data":"Second Wind","floor":41,"key":"SMITH"},{"data":"Battle Trance","floor":49,"key":"SMITH"}],"neow_cost":"NONE","seed_source_timestamp":137675041529400,"circlet_count":0,"master_deck":["AscendersBane","Strike_R","Strike_R","Defend_R","Defend_R","Defend_R","Defend_R","Bash","Fiend Fire+1","Uppercut","Wild Strike","Power Through","Exhume","Immolate+1","Bludgeon","Wild Strike","Battle Trance+1","Seeing Red","Bludgeon","Body Slam","Thunderclap","Inflame","Disarm","Feel No Pain+1","Warcry","Decay","Second Wind+1","Evolve+1","Disarm","Impervious","Evolve","Flash of Steel","Armaments+1","Shrug It Off+1","Limit Break","Burning Pact","Offering"],"special_seed":0,"relics":["Burning Blood","InkBottle","Odd Mushroom","Letter Opener","Pantograph","The Courier","Toolbox","Coffee Dripper","TheAbacus","Potion Belt","Mercury Hourglass","Lantern","Shuriken","Mark of Pain","Toy Ornithopter","Eternal Feather","Self Forming Clay","Art of War","Bottled Lightning"],"potions_floor_usage":[31,33,33,40,42,45,50],"damage_taken":[{"damage":7.0,"enemies":"Cultist","floor":1.0,"turns":4.0},{"damage":7.0,"enemies":"Jaw Worm","floor":2.0,"turns":2.0},{"damage":1.0,"enemies":"2 Louse","floor":3.0,"turns":3.0},{"damage":8.0,"enemies":"Large Slime","floor":4.0,"turns":5.0},{"damage":17.0,"enemies":"Blue Slaver","floor":5.0,"turns":4.0},{"damage":15.0,"enemies":"3 Sentries","floor":6.0,"turns":5.0},{"damage":9.0,"enemies":"The Mushroom Lair","floor":7.0,"turns":4.0},{"damage":31.0,"enemies":"Gremlin Nob","floor":8.0,"turns":5.0},{"damage":5.0,"enemies":"Lagavulin","floor":10.0,"turns":5.0},{"damage":4.0,"enemies":"Red Slaver","floor":12.0,"turns":3.0},{"damage":7.0,"enemies":"Exordium Thugs","floor":14.0,"turns":3.0},{"damage":33.0,"enemies":"Slime Boss","floor":16.0,"turns":5.0},{"damage":6.0,"enemies":"Spheric Guardian","floor":18.0,"turns":3.0},{"damage":16.0,"enemies":"Shell Parasite","floor":21.0,"turns":3.0},{"damage":29.0,"enemies":"Gremlin Leader","floor":23.0,"turns":4.0},{"damage":0,"enemies":"Centurion and Healer","floor":25,"turns":2},{"damage":6,"enemies":"Cultist and Chosen","floor":27,"turns":3},{"damage":12,"enemies":"Book of Stabbing","floor":29,"turns":5},{"damage":8,"enemies":"Gremlin Leader","floor":31,"turns":4},{"damage":40,"enemies":"Champ","floor":33,"turns":12},{"damage":0,"enemies":"3 Shapes","floor":35,"turns":1},{"damage":23,"enemies":"3 Darklings","floor":37,"turns":4},{"damage":15,"enemies":"Transient","floor":38,"turns":6},{"damage":4,"enemies":"Jaw Worm Horde","floor":39,"turns":5},{"damage":18,"enemies":"Reptomancer","floor":40,"turns":4},{"damage":12,"enemies":"Nemesis","floor":42,"turns":7},{"damage":17,"enemies":"Giant Head","floor":45,"turns":6},{"damage":10,"enemies":"4 Shapes","floor":48,"turns":4},{"damage":38,"enemies":"Donu and Deca","floor":50,"turns":9},{"damage":37,"enemies":"Awakened One","floor":51,"turns":15}],"seed_played":"-2078758137216667927","potions_obtained":[{"floor":1.0,"key":"Strength Potion"},{"floor":6.0,"key":"Fire Potion"},{"floor":7.0,"key":"Regen Potion"},{"floor":8.0,"key":"DistilledChaos"},{"floor":10.0,"key":"Weak Potion"},{"floor":16.0,"key":"Regen Potion"},{"floor":23.0,"key":"SneckoOil"},{"floor":27,"key":"ElixirPotion"},{"floor":35,"key":"GamblersBrew"},{"floor":38,"key":"DistilledChaos"},{"floor":39,"key":"GamblersBrew"},{"floor":40,"key":"BlessingOfTheForge"},{"floor":48,"key":"FairyPotion"}],"is_trial":false,"path_per_floor":["M","M","M","M","M","E","?","E","T","E","?","M","$","M","R","B",null,"M","?","?","M","$","E","R","M","T","M","?","E","$","E","R","B",null,"M","$","M","M","M","E","R","E","T","?","E","T","$","M","R","B","B",null],"character_chosen":"IRONCLAD","items_purchased":["Battle Trance","Toolbox","Disarm","TheAbacus","Evolve","Evolve","Flash of Steel","PowerPotion","Bottled Lightning","PowerPotion"],"campfire_rested":0,"item_purchase_floors":[13,13,22,22,30,36,36,36,47,47],"current_hp_per_floor":[67,66,71,69,58,49,46,35,35,36,36,38,38,37,37,35,65,65,65,65,55,55,44,44,50,50,50,50,44,44,42,42,33,65,71,71,54,45,47,35,35,34,34,34,28,28,28,24,45,43,37],"gold":15,"neow_bonus":"ONE_RANDOM_RARE_CARD","is_prod":false,"is_daily":false,"chose_seed":false,"campfire_upgraded":5,"win_rate":0,"timestamp":1631997530,"path_taken":["M","M","?","M","M","E","?","E","T","E","?","M","$","M","R","BOSS","M","?","?","M","$","E","R","M","T","M","?","E","?","E","R","BOSS","M","$","M","M","M","E","R","E","T","?","E","?","$","M","R","BOSS","BOSS"],"build_version":"2020-12-22","purchased_purges":1,"victory":true,"max_hp_per_floor":[75,75,75,75,75,75,75,75,75,75,75,75,75,75,75,75,75,75,75,75,75,75,75,75,75,75,75,75,75,75,75,75,75,75,75,75,75,75,75,75,75,75,75,75,75,75,75,75,75,75,75],"card_choices":[{"not_picked":["Pummel","Thunderclap","Infernal Blade"],"picked":"SKIP","floor":1.0},{"not_picked":["Dropkick","Havoc","Clash"],"picked":"SKIP","floor":2.0},{"not_picked":["Body Slam","Wild Strike"],"picked":"Uppercut","floor":3.0},{"not_picked":["Armaments","Havoc"],"picked":"Wild Strike","floor":4.0},{"not_picked":["Pommel Strike","True Grit"],"picked":"Power Through","floor":5.0},{"not_picked":["Perfected Strike","Anger"],"picked":"Exhume","floor":6.0},{"not_picked":["Heavy Blade","Bloodletting"],"picked":"Immolate","floor":8.0},{"not_picked":["Headbutt","Armaments","Heavy Blade"],"picked":"SKIP","floor":10.0},{"not_picked":["Spot Weakness","Twin Strike"],"picked":"Wild Strike","floor":12.0},{"not_picked":["Armaments","Warcry"],"picked":"Seeing Red","floor":14.0},{"not_picked":["Barricade","Double Tap"],"picked":"Bludgeon","floor":16.0},{"not_picked":["True Grit","Sever Soul","Perfected Strike"],"picked":"SKIP","floor":18.0},{"not_picked":["Sentinel+1","Body Slam"],"picked":"Inflame","floor":21.0},{"not_picked":["Body Slam","Clothesline","Fiend Fire"],"picked":"SKIP","floor":23.0},{"not_picked":["Rage","Clothesline"],"picked":"Feel No Pain+1","floor":25},{"not_picked":["Clash","Sword Boomerang"],"picked":"Warcry","floor":27},{"not_picked":["Clothesline","Perfected Strike+1"],"picked":"Second Wind","floor":29},{"not_picked":["Fiend Fire","Heavy Blade"],"picked":"Disarm","floor":31},{"not_picked":["Brutality","Immolate"],"picked":"Impervious","floor":33},{"not_picked":["Entrench","Disarm","Body Slam"],"picked":"SKIP","floor":35},{"not_picked":["Rupture","Carnage"],"picked":"Armaments+1","floor":37},{"not_picked":["Havoc","Pummel"],"picked":"Shrug It Off+1","floor":38},{"not_picked":["Dropkick","Perfected Strike","Pommel Strike"],"picked":"SKIP","floor":39},{"not_picked":["Pommel Strike","Thunderclap"],"picked":"Limit Break","floor":40},{"not_picked":["Shrug It Off","Bloodletting+1"],"picked":"Burning Pact","floor":42},{"not_picked":["Sentinel","Perfected Strike","Hemokinesis"],"picked":"SKIP","floor":45},{"not_picked":["Heavy Blade","Clothesline+1"],"picked":"Offering","floor":48}],"player_experience":862930,"relics_obtained":[{"floor":6.0,"key":"InkBottle"},{"floor":7.0,"key":"Odd Mushroom"},{"floor":8.0,"key":"Letter Opener"},{"floor":9.0,"key":"Pantograph"},{"floor":10.0,"key":"The Courier"},{"floor":23.0,"key":"Potion Belt"},{"floor":26,"key":"Mercury Hourglass"},{"floor":29,"key":"Lantern"},{"floor":31,"key":"Shuriken"},{"floor":40,"key":"Toy Ornithopter"},{"floor":42,"key":"Eternal Feather"},{"floor":45,"key":"Self Forming Clay"},{"floor":46,"key":"Art of War"}],"event_choices":[{"damage_healed":0.0,"max_hp_gain":0.0,"max_hp_loss":0.0,"gold_gain":0.0,"event_name":"Mushrooms","player_choice":"Fought Mushrooms","floor":7.0,"gold_loss":0.0,"damage_taken":0.0},{"damage_healed":0.0,"max_hp_gain":0.0,"max_hp_loss":0.0,"gold_gain":0.0,"event_name":"Match and Keep!","player_choice":"1 cards matched","floor":11.0,"gold_loss":0.0,"damage_taken":0.0,"cards_obtained":["Bludgeon"]},{"damage_healed":0.0,"max_hp_gain":0.0,"max_hp_loss":0.0,"gold_gain":0.0,"cards_transformed":["Strike_R","Strike_R"],"event_name":"Drug Dealer","player_choice":"Became Test Subject","floor":19.0,"gold_loss":0.0,"damage_taken":0.0,"cards_obtained":["Body Slam","Thunderclap"]},{"damage_healed":0.0,"max_hp_gain":0.0,"max_hp_loss":0.0,"gold_gain":0.0,"event_name":"Vampires","player_choice":"Ignored","floor":20.0,"gold_loss":0.0,"damage_taken":0.0},{"damage_healed":0,"gold_gain":0,"player_choice":"Smashed Altar","damage_taken":0,"max_hp_gain":0,"max_hp_loss":0,"event_name":"Forgotten Altar","floor":28,"gold_loss":0,"cards_obtained":["Decay"]},{"damage_healed":0,"gold_gain":0,"player_choice":"Ignored","damage_taken":0,"max_hp_gain":0,"max_hp_loss":0,"event_name":"Tomb of Lord Red Mask","floor":44,"gold_loss":0}],"is_beta":false,"boss_relics":[{"not_picked":["Velvet Choker","Black Blood"],"picked":"Coffee Dripper"},{"not_picked":["Black Star","Calling Bell"],"picked":"Mark of Pain"}],"items_purged_floors":[13],"is_endless":false,"potions_floor_spawned":[1,6,7,8,10,16,21,23,27,35,38,39,40,48],"ascension_level":20}