{"gold_per_floor":[115,127,141,158,172,172,203,203,203,232,295,330,330,345,345,345],"floor_reached":16,"playtime":771,"items_purged":[],"score":244,"play_id":"3d1bf5d6-2509-4857-9859-7402ff94fe06","local_time":"20210907153442","is_ascension_mode":true,"campfire_choices":[{"data":"Bash","floor":6,"key":"SMITH"},{"data":"Flame Barrier","floor":8,"key":"SMITH"},{"data":"Anger","floor":15,"key":"SMITH"}],"neow_cost":"NONE","seed_source_timestamp":431562732617900,"circlet_count":0,"master_deck":["AscendersBane","Strike_R","Strike_R","Strike_R","Strike_R","Strike_R","Defend_R","Defend_R","Defend_R","Defend_R","Bash+1","Flame Barrier+1","Headbutt","Impervious","Anger+1","Shrug It Off","Twin Strike","Armaments","Dark Embrace"],"relics":["Burning Blood","Anchor","Akabeko","Smiling Mask","Meat on the Bone","Golden Idol"],"potions_floor_usage":[7,10,12],"damage_taken":[{"damage":6,"enemies":"Cultist","floor":1,"turns":3},{"damage":9,"enemies":"Small Slimes","floor":2,"turns":4},{"damage":8,"enemies":"2 Louse","floor":3,"turns":3},{"damage":24,"enemies":"Large Slime","floor":4,"turns":9},{"damage":9,"enemies":"Blue Slaver","floor":5,"turns":5},{"damage":36,"enemies":"Lagavulin","floor":7,"turns":9},{"damage":10,"enemies":"3 Sentries","floor":10,"turns":9},{"damage":11,"enemies":"Lagavulin","floor":12,"turns":10},{"damage":1,"enemies":"Looter","floor":14,"turns":3},{"damage":27,"enemies":"Hexaghost","floor":16,"turns":9}],"seed_played":"-6472482510001098757","potions_obtained":[{"floor":1,"key":"BlessingOfTheForge"},{"floor":3,"key":"AttackPotion"},{"floor":10,"key":"SneckoOil"}],"is_trial":false,"path_per_floor":["M","M","M","M","M","R","E","R","T","E","?","E","?","M","R","B"],"character_chosen":"IRONCLAD","items_purchased":[],"campfire_rested":0,"item_purchase_floors":[],"current_hp_per_floor":[75,72,70,52,49,49,19,19,19,15,15,10,10,27,27,0],"gold":345,"neow_bonus":"TEN_PERCENT_HP_BONUS","is_prod":false,"is_daily":false,"chose_seed":false,"campfire_upgraded":3,"win_rate":0,"timestamp":1631043282,"path_taken":["M","M","M","M","M","R","E","R","T","E","?","E","?","M","R","BOSS"],"build_version":"2020-12-22","purchased_purges":0,"victory":false,"max_hp_per_floor":[82,82,82,82,82,82,82,82,82,82,82,82,74,74,74,74],"card_choices":[{"not_picked":["Second Wind","Flex"],"picked":"Flame Barrier","floor":1},{"not_picked":["Wild Strike","Perfected Strike"],"picked":"Headbutt","floor":2},{"not_picked":["Pommel Strike","Wild Strike"],"picked":"Impervious","floor":3},{"not_picked":["Perfected Strike","Rampage"],"picked":"Anger","floor":4},{"not_picked":["Heavy Blade","Clash"],"picked":"Shrug It Off","floor":5},{"not_picked":["Shrug It Off","Burning Pact"],"picked":"Twin Strike","floor":7},{"not_picked":["Body Slam","Havoc","Bloodletting"],"picked":"SKIP","floor":10},{"not_picked":["Double Tap","Sentinel"],"picked":"Armaments","floor":12},{"not_picked":["Infernal Blade","Shockwave"],"picked":"Dark Embrace","floor":14}],"player_experience":828438,"relics_obtained":[{"floor":7,"key":"Anchor"},{"floor":9,"key":"Akabeko"},{"floor":10,"key":"Smiling Mask"},{"floor":12,"key":"Meat on the Bone"}],"event_choices":[{"damage_healed":0,"gold_gain":63,"player_choice":"Gained Gold","damage_taken":0,"max_hp_gain":0,"max_hp_loss":0,"event_name":"Golden Wing","floor":11,"gold_loss":0},{"damage_healed":0,"gold_gain":0,"player_choice":"Lose Max HP","damage_taken":0,"relics_obtained":["Golden Idol"],"max_hp_gain":0,"max_hp_loss":8,"event_name":"Golden Idol","floor":13,"gold_loss":0}],"is_beta":false,"boss_relics":[],"items_purged_floors":[],"is_endless":false,"potions_floor_spawned":[1,3,10],"killed_by":"Hexaghost","ascension_level":20}