{"gold_per_floor":[113,38,51,51,68,68,103,103,103,103,116,147,160,183,183,183],"floor_reached":16,"playtime":714,"items_purged":["Strike_R"],"score":220,"play_id":"0cd50290-d4d9-42e7-90f6-949f548438a2","local_time":"20210918143734","is_ascension_mode":true,"campfire_choices":[{"data":"Bash","floor":6,"key":"SMITH"},{"data":"Cleave","floor":8,"key":"SMITH"},{"floor":10,"key":"DIG"},{"data":"Blood for Blood","floor":15,"key":"SMITH"}],"neow_cost":"NONE","seed_source_timestamp":133046261598499,"circlet_count":0,"master_deck":["AscendersBane","Strike_R","Strike_R","Strike_R","Strike_R","Defend_R","Defend_R","Defend_R","Defend_R","Bash+1","Bandage Up","Twin Strike","Blood for Blood+1","Cleave+1","Headbutt","Spot Weakness"],"relics":["Burning Blood","Dead Branch","Shovel","Vajra","Pantograph","PreservedInsect"],"potions_floor_usage":[7],"damage_taken":[{"damage":14,"enemies":"2 Louse","floor":1,"turns":3},{"damage":9,"enemies":"Jaw Worm","floor":3,"turns":4},{"damage":6,"enemies":"Cultist","floor":5,"turns":3},{"damage":32,"enemies":"Gremlin Nob","floor":7,"turns":4},{"damage":12,"enemies":"3 Louse","floor":11,"turns":3},{"damage":32,"enemies":"Lagavulin","floor":12,"turns":6},{"damage":12,"enemies":"Gremlin Gang","floor":13,"turns":3},{"damage":63,"enemies":"Hexaghost","floor":16,"turns":9}],"seed_played":"-7194882433932143019","potions_obtained":[{"floor":3,"key":"GamblersBrew"},{"floor":7,"key":"SmokeBomb"}],"is_trial":false,"path_per_floor":["M","$","M","?","M","R","E","R","T","R","M","E","M","T","R","B"],"character_chosen":"IRONCLAD","items_purchased":[],"campfire_rested":0,"item_purchase_floors":[],"current_hp_per_floor":[64,64,65,70,74,74,52,52,52,52,50,28,30,30,30,0],"gold":183,"neow_bonus":"RANDOM_COLORLESS","is_prod":false,"is_daily":false,"chose_seed":false,"campfire_upgraded":3,"win_rate":0,"timestamp":1631990254,"path_taken":["M","$","M","?","M","R","E","R","T","R","M","E","M","?","R","BOSS"],"build_version":"2020-12-22","purchased_purges":1,"victory":false,"max_hp_per_floor":[75,75,75,80,80,80,80,80,80,80,80,80,80,80,80,80],"card_choices":[{"not_picked":["Forethought","Mind Blast"],"picked":"Bandage Up","floor":0},{"not_picked":["Wild Strike","True Grit"],"picked":"Twin Strike","floor":1},{"not_picked":["Headbutt","Clash","Dual Wield"],"picked":"SKIP","floor":3},{"not_picked":["Sword Boomerang","Armaments"],"picked":"Blood for Blood","floor":5},{"not_picked":["Carnage","Headbutt"],"picked":"Cleave","floor":7},{"not_picked":["Thunderclap","Heavy Blade"],"picked":"Headbutt","floor":11},{"not_picked":["Heavy Blade","Armaments","Body Slam"],"picked":"SKIP","floor":12},{"not_picked":["Heavy Blade","Armaments","Body Slam"],"picked":"SKIP","floor":12},{"not_picked":["Flex","Power Through"],"picked":"Spot Weakness","floor":13}],"player_experience":858468,"relics_obtained":[{"floor":7,"key":"Dead Branch"},{"floor":9,"key":"Shovel"},{"floor":10,"key":"Vajra"},{"floor":12,"key":"Pantograph"},{"floor":14,"key":"PreservedInsect"}],"event_choices":[{"damage_healed":0,"gold_gain":0,"player_choice":"Donut","damage_taken":0,"max_hp_gain":5,"max_hp_loss":0,"event_name":"Big Fish","floor":4,"gold_loss":0}],"is_beta":false,"boss_relics":[],"items_purged_floors":[2],"is_endless":false,"potions_floor_spawned":[3,7],"killed_by":"Hexaghost","ascension_level":20}