{"gold_per_floor":[113,113,136,150,166,166,200,220,220,260,276,296,261,130,130,130],"floor_reached":16,"playtime":605,"items_purged":["Strike_R"],"score":228,"play_id":"dc8e0479-d2e8-41d2-8785-4ba471c40dab","local_time":"20210915101122","is_ascension_mode":true,"campfire_choices":[{"data":"Iron Wave","floor":6,"key":"SMITH"},{"data":"Demon Form","floor":15,"key":"SMITH"}],"neow_cost":"NONE","seed_source_timestamp":1103521882784500,"circlet_count":0,"master_deck":["AscendersBane","Strike_R","Strike_R","Strike_R","Defend_R","Defend_R","Defend_R","Defend_R","Bash","Pummel","Combust","Flame Barrier","Iron Wave+1","Flame Barrier","Disarm","Demon Form+1","Anger"],"relics":["Burning Blood","Golden Idol","Ornamental Fan","Mummified Hand","Kunai"],"potions_floor_usage":[7,8,10,16],"damage_taken":[{"damage":9,"enemies":"2 Louse","floor":1,"turns":3},{"damage":16,"enemies":"Jaw Worm","floor":3,"turns":4},{"damage":2,"enemies":"Cultist","floor":4,"turns":4},{"damage":22,"enemies":"3 Louse","floor":5,"turns":2},{"damage":21,"enemies":"Lagavulin","floor":7,"turns":8},{"damage":2,"enemies":"Exordium Thugs","floor":8,"turns":5},{"damage":20,"enemies":"Gremlin Nob","floor":10,"turns":4},{"damage":9,"enemies":"2 Fungi Beasts","floor":11,"turns":5},{"damage":0,"enemies":"Looter","floor":12,"turns":4},{"damage":44,"enemies":"The Guardian","floor":16,"turns":10}],"seed_played":"-8212418541145814244","potions_obtained":[{"floor":1,"key":"EssenceOfSteel"},{"floor":4,"key":"DistilledChaos"},{"floor":7,"key":"BlessingOfTheForge"},{"floor":11,"key":"Fire Potion"}],"is_trial":false,"path_per_floor":["M","?","M","M","M","R","E","M","T","E","M","M","?","$","R","B"],"character_chosen":"IRONCLAD","items_purchased":["AttackPotion"],"campfire_rested":0,"item_purchase_floors":[14],"current_hp_per_floor":[65,65,55,59,43,43,28,32,32,18,15,21,38,38,38,0],"gold":130,"neow_bonus":"REMOVE_CARD","is_prod":false,"is_daily":false,"chose_seed":false,"campfire_upgraded":2,"win_rate":0,"timestamp":1631715082,"path_taken":["M","?","M","M","M","R","E","M","T","E","M","M","?","$","R","BOSS"],"build_version":"2020-12-22","purchased_purges":1,"victory":false,"max_hp_per_floor":[75,68,68,68,68,68,68,68,68,68,68,68,68,68,68,68],"card_choices":[{"not_picked":["Reckless Charge","Entrench"],"picked":"Pummel","floor":1},{"not_picked":["Burning Pact","Sword Boomerang"],"picked":"Combust","floor":3},{"not_picked":["Entrench","Wild Strike"],"picked":"Flame Barrier","floor":4},{"not_picked":["Thunderclap","True Grit"],"picked":"Iron Wave","floor":5},{"not_picked":["Perfected Strike","Combust"],"picked":"Flame Barrier","floor":7},{"not_picked":["Heavy Blade","Wild Strike"],"picked":"Disarm","floor":8},{"not_picked":["Sever Soul","Power Through"],"picked":"Demon Form","floor":10},{"not_picked":["Ghostly Armor","Thunderclap","True Grit"],"picked":"SKIP","floor":11},{"not_picked":["Spot Weakness","Body Slam"],"picked":"Anger","floor":12}],"player_experience":857863,"relics_obtained":[{"floor":7,"key":"Ornamental Fan"},{"floor":9,"key":"Mummified Hand"},{"floor":10,"key":"Kunai"}],"event_choices":[{"damage_healed":0,"gold_gain":0,"player_choice":"Lose Max HP","damage_taken":0,"relics_obtained":["Golden Idol"],"max_hp_gain":0,"max_hp_loss":7,"event_name":"Golden Idol","floor":2,"gold_loss":0},{"damage_healed":17,"gold_gain":0,"player_choice":"Healed","damage_taken":0,"max_hp_gain":0,"max_hp_loss":0,"event_name":"The Cleric","floor":13,"gold_loss":35}],"is_beta":false,"boss_relics":[],"items_purged_floors":[14],"is_endless":false,"potions_floor_spawned":[1,4,7,11],"killed_by":"The Guardian","ascension_level":20}