{"gold_per_floor":[117,130,130,149,199,199,224,224,224,224,236,250,250],"floor_reached":13,"playtime":368,"items_purged":[],"score":170,"play_id":"4349771c-8798-4c4b-965c-1508c4885227","local_time":"20210918151844","is_ascension_mode":true,"campfire_choices":[{"data":"Whirlwind","floor":6,"key":"SMITH"},{"data":"Iron Wave","floor":8,"key":"SMITH"},{"data":"Cleave","floor":10,"key":"SMITH"}],"neow_cost":"NONE","seed_source_timestamp":135863202043000,"circlet_count":0,"master_deck":["AscendersBane","Strike_R","Strike_R","Strike_R","Strike_R","Strike_R","Defend_R","Defend_R","Defend_R","Defend_R","Bash","Cleave+1","Headbutt","Whirlwind+1","Iron Wave+1","Evolve","Ghostly Armor"],"relics":["Burning Blood","Pantograph","Happy Flower","Eternal Feather"],"potions_floor_usage":[7],"damage_taken":[{"damage":13,"enemies":"Small Slimes","floor":1,"turns":4},{"damage":9,"enemies":"Jaw Worm","floor":2,"turns":4},{"damage":6,"enemies":"Cultist","floor":4,"turns":3},{"damage":23,"enemies":"3 Sentries","floor":7,"turns":5},{"damage":0,"enemies":"3 Louse","floor":11,"turns":1},{"damage":30,"enemies":"Exordium Thugs","floor":12,"turns":3},{"damage":54,"enemies":"Gremlin Nob","floor":13,"turns":4}],"seed_played":"-9143923068720473769","potions_obtained":[{"floor":1,"key":"Block Potion"},{"floor":4,"key":"FairyPotion"}],"is_trial":false,"path_per_floor":["M","M","?","M","?","R","E","R","T","R","M","M","E"],"character_chosen":"IRONCLAD","items_purchased":[],"campfire_rested":0,"item_purchase_floors":[],"current_hp_per_floor":[68,65,47,47,47,47,30,30,30,39,45,21,0],"gold":250,"neow_bonus":"TEN_PERCENT_HP_BONUS","is_prod":false,"is_daily":false,"chose_seed":false,"campfire_upgraded":3,"win_rate":0,"timestamp":1631992724,"path_taken":["M","M","?","M","?","R","E","R","T","R","?","M","E"],"build_version":"2020-12-22","purchased_purges":0,"victory":false,"max_hp_per_floor":[82,82,82,82,82,82,82,82,82,82,82,82,82],"card_choices":[{"not_picked":["Spot Weakness","Iron Wave"],"picked":"Cleave","floor":1},{"not_picked":["Flex","Dropkick"],"picked":"Headbutt","floor":2},{"not_picked":["Bloodletting","Sword Boomerang"],"picked":"Whirlwind","floor":4},{"not_picked":["Entrench","Clothesline"],"picked":"Iron Wave","floor":7},{"not_picked":["Wild Strike","Demon Form"],"picked":"Evolve","floor":11},{"not_picked":["Disarm","Headbutt"],"picked":"Ghostly Armor","floor":12}],"player_experience":861142,"relics_obtained":[{"floor":7,"key":"Happy Flower"},{"floor":9,"key":"Eternal Feather"}],"event_choices":[{"damage_healed":0,"gold_gain":0,"player_choice":"Success","damage_taken":18,"relics_obtained":["Pantograph"],"max_hp_gain":0,"max_hp_loss":0,"event_name":"Scrap Ooze","floor":3,"gold_loss":0},{"damage_healed":0,"gold_gain":50,"player_choice":"Pray","damage_taken":0,"max_hp_gain":0,"max_hp_loss":0,"event_name":"Golden Shrine","floor":5,"gold_loss":0}],"is_beta":false,"boss_relics":[],"items_purged_floors":[],"is_endless":false,"potions_floor_spawned":[1,4],"killed_by":"Gremlin Nob","ascension_level":20}