{"gold_per_floor":[111,129,139,139,139,172,172,205,229,254,278,278,302,336,336,435,435,459,33,83,103,117,155,155,186,186,210,53,53,71,71,71,71],"floor_reached":33,"playtime":1499,"items_purged":["Strike_R"],"score":664,"play_id":"291758cc-5433-4eab-90aa-cb6db9e5a68c","local_time":"20210918150316","is_ascension_mode":true,"campfire_choices":[{"data":"Carnage","floor":7.0,"key":"SMITH"},{"floor":15.0,"key":"REST"},{"data":"Battle Trance","floor":24,"key":"SMITH"},{"data":"Armaments","floor":29,"key":"SMITH"},{"floor":32,"key":"REST"}],"neow_cost":"TEN_PERCENT_HP_LOSS","seed_source_timestamp":133783370813399,"circlet_count":0,"master_deck":["AscendersBane","Strike_R","Strike_R","Strike_R","Defend_R","Defend_R","Defend_R","Defend_R","Bash","Demon Form","Carnage+1","Hemokinesis","Pommel Strike","Shrug It Off","Armaments+1","Shockwave","Immolate","Battle Trance+1","Sword Boomerang","Shockwave","True Grit"],"special_seed":0,"relics":["Burning Blood","Golden Idol","Centennial Puzzle","Ancient Tea Set","Bag of Marbles","Busted Crown","Bronze Scales","Red Skull","Oddly Smooth Stone","Blood Vial","Orrery"],"potions_floor_usage":[16,19,23,33],"damage_taken":[{"damage":8.0,"enemies":"2 Louse","floor":1.0,"turns":3.0},{"damage":7.0,"enemies":"Jaw Worm","floor":2.0,"turns":3.0},{"damage":3.0,"enemies":"Cultist","floor":3.0,"turns":3.0},{"damage":12.0,"enemies":"Lagavulin","floor":6.0,"turns":4.0},{"damage":24.0,"enemies":"3 Sentries","floor":8.0,"turns":6.0},{"damage":30.0,"enemies":"Exordium Wildlife","floor":10.0,"turns":6.0},{"damage":3.0,"enemies":"Looter","floor":11.0,"turns":2.0},{"damage":14.0,"enemies":"Lots of Slimes","floor":13.0,"turns":5.0},{"damage":5.0,"enemies":"Gremlin Nob","floor":14.0,"turns":3.0},{"damage":17,"enemies":"The Guardian","floor":16,"turns":9},{"damage":3,"enemies":"Chosen","floor":18,"turns":3},{"damage":13,"enemies":"Shell Parasite","floor":21,"turns":4},{"damage":12,"enemies":"Centurion and Healer","floor":22,"turns":4},{"damage":0,"enemies":"Slavers","floor":23,"turns":1},{"damage":23,"enemies":"Gremlin Leader","floor":25,"turns":5},{"damage":5,"enemies":"Snake Plant","floor":27,"turns":2},{"damage":20,"enemies":"Chosen and Byrds","floor":30,"turns":4},{"damage":39,"enemies":"Automaton","floor":33,"turns":6}],"seed_played":"-8595133819361091032","potions_obtained":[{"floor":1.0,"key":"FearPotion"},{"floor":6.0,"key":"Swift Potion"},{"floor":8.0,"key":"EssenceOfSteel"},{"floor":11.0,"key":"Dexterity Potion"},{"floor":14.0,"key":"EssenceOfSteel"},{"floor":21,"key":"DuplicationPotion"},{"floor":22,"key":"Explosive Potion"},{"floor":30,"key":"CultistPotion"}],"is_trial":false,"path_per_floor":["M","M","M","?","?","E","R","E","T","M","M","?","M","E","R","B",null,"M","$","?","M","M","E","R","E","T","M","$","R","M","?","R","B"],"character_chosen":"IRONCLAD","items_purchased":["Battle Trance","Bronze Scales","Fruit Juice","Orrery"],"campfire_rested":2,"item_purchase_floors":[19,19,19,28],"current_hp_per_floor":[66,65,68,62,62,56,56,38,38,14,17,17,9,10,28,17,51,54,59,53,46,40,46,46,29,29,32,32,32,20,11,31,0],"gold":71,"neow_bonus":"THREE_RARE_CARDS","is_prod":false,"is_daily":false,"chose_seed":false,"campfire_upgraded":3,"win_rate":0,"timestamp":1631991796,"path_taken":["M","M","M","?","?","E","R","E","T","?","M","?","M","E","R","BOSS","M","$","?","?","M","E","R","E","T","M","$","R","M","?","R","BOSS"],"build_version":"2020-12-22","purchased_purges":1,"victory":false,"max_hp_per_floor":[68,68,68,62,62,62,62,62,62,62,62,62,62,62,62,62,62,62,67,67,67,67,67,67,67,67,67,67,67,67,67,67,67],"card_choices":[{"not_picked":["Berserk","Limit Break"],"picked":"Demon Form","floor":0.0},{"not_picked":["Second Wind","Clash"],"picked":"Carnage","floor":1.0},{"not_picked":["Reckless Charge","Flex"],"picked":"Hemokinesis","floor":2.0},{"not_picked":["Cleave","Sever Soul"],"picked":"Pommel Strike","floor":3.0},{"not_picked":["Warcry","Thunderclap"],"picked":"Shrug It Off","floor":6.0},{"not_picked":["Cleave","Headbutt","Demon Form"],"picked":"SKIP","floor":8.0},{"not_picked":["Pommel Strike","Whirlwind"],"picked":"Armaments","floor":10.0},{"not_picked":["Perfected Strike","Anger","Searing Blow"],"picked":"SKIP","floor":11.0},{"not_picked":["Combust","Clothesline","Perfected Strike"],"picked":"SKIP","floor":13.0},{"not_picked":["Exhume","Anger"],"picked":"Shockwave","floor":14.0},{"not_picked":["Demon Form","Impervious"],"picked":"Immolate","floor":16},{"not_picked":["Wild Strike"],"picked":"SKIP","floor":18},{"not_picked":["True Grit"],"picked":"SKIP","floor":21},{"not_picked":["Headbutt"],"picked":"SKIP","floor":22},{"not_picked":["True Grit"],"picked":"SKIP","floor":23},{"not_picked":["Cleave"],"picked":"SKIP","floor":25},{"not_picked":["Twin Strike"],"picked":"SKIP","floor":27},{"not_picked":["Twin Strike"],"picked":"SKIP","floor":27},{"not_picked":[],"picked":"Sword Boomerang","floor":28},{"not_picked":[],"picked":"Shockwave","floor":28},{"not_picked":[],"picked":"True Grit","floor":30}],"player_experience":859182,"relics_obtained":[{"floor":6.0,"key":"Centennial Puzzle"},{"floor":8.0,"key":"Ancient Tea Set"},{"floor":9.0,"key":"Bag of Marbles"},{"floor":23,"key":"Red Skull"},{"floor":25,"key":"Oddly Smooth Stone"},{"floor":26,"key":"Blood Vial"}],"event_choices":[{"damage_healed":0.0,"max_hp_gain":0.0,"max_hp_loss":6.0,"gold_gain":0.0,"event_name":"Golden Idol","player_choice":"Lose Max HP","floor":4.0,"gold_loss":0.0,"damage_taken":0.0,"relics_obtained":["Golden Idol"]},{"cards_removed":["Strike_R"],"damage_healed":0.0,"max_hp_gain":0.0,"max_hp_loss":0.0,"gold_gain":0.0,"event_name":"Purifier","player_choice":"Purged","floor":5.0,"gold_loss":0.0,"damage_taken":0.0},{"damage_healed":0.0,"max_hp_gain":0.0,"max_hp_loss":0.0,"gold_gain":0.0,"event_name":"Scrap Ooze","player_choice":"Fled","floor":12.0,"gold_loss":0.0,"damage_taken":0.0},{"damage_healed":0,"gold_gain":50,"player_choice":"Touch","damage_taken":6,"max_hp_gain":0,"max_hp_loss":0,"event_name":"FaceTrader","floor":20,"gold_loss":0},{"damage_healed":0,"gold_gain":0,"player_choice":"Stopped","damage_taken":9,"max_hp_gain":0,"max_hp_loss":0,"event_name":"Cursed Tome","floor":31,"gold_loss":0}],"is_beta":false,"boss_relics":[{"not_picked":["Black Star","Tiny House"],"picked":"Busted Crown"}],"items_purged_floors":[19],"is_endless":false,"potions_floor_spawned":[1,6,8,11,14,21,22,30],"killed_by":"Automaton","ascension_level":20}