{"gold_per_floor":[110,123,48,123,140,140,168,183,183,183,218,228,228,240,240,311,311,321,321,321,5,17,46,81,81,81,112,128,155,172,207,207,279,279,296,296,309,21,38,65,65,77,77,77,105,105,105],"floor_reached":47,"playtime":2790,"items_purged":["Strike_R","Decay","Cleave"],"score":1196,"play_id":"6a2a7381-a514-4d69-a616-109a84728f9f","local_time":"20210912125933","is_ascension_mode":true,"campfire_choices":[{"data":"Feed","floor":6,"key":"SMITH"},{"data":"Wild Strike","floor":10,"key":"SMITH"},{"data":"Evolve","floor":13,"key":"SMITH"},{"data":"Cleave","floor":15,"key":"SMITH"},{"data":"Immolate","floor":25,"key":"SMITH"},{"data":"Demon Form","floor":32,"key":"SMITH"},{"floor":44,"key":"REST"},{"floor":46,"key":"REST"}],"neow_cost":"NONE","seed_source_timestamp":852227994711200,"circlet_count":0,"master_deck":["AscendersBane","Bash","Feed+1","Flame Barrier","Evolve+1","Reckless Charge","Wild Strike+1","Cleave+1","Shrug It Off","Demon Form+1","RitualDagger","Feel No Pain","Immolate+1","Fire Breathing+1","Power Through+1","Sword Boomerang","Burning Pact","Exhume","Hemokinesis","Seeing Red","True Grit","Immolate","Shrug It Off+1","Evolve","Shrug It Off","Second Wind+1","Fire Breathing","Limit Break+1","Armaments+1"],"relics":["Burning Blood","Self Forming Clay","Singing Bowl","Velvet Choker","Lee\u0027s Waffle","Happy Flower","Red Mask","Bottled Tornado","PreservedInsect","Pantograph","Dream Catcher","Pandora\u0027s Box","Toolbox","Akabeko","War Paint"],"potions_floor_usage":[7,11,16,16,23,23,27,29,31,40],"damage_taken":[{"damage":26,"enemies":"Jaw Worm","floor":1,"turns":6},{"damage":4,"enemies":"2 Louse","floor":2,"turns":3},{"damage":7,"enemies":"Small Slimes","floor":5,"turns":6},{"damage":5,"enemies":"3 Sentries","floor":7,"turns":8},{"damage":3,"enemies":"3 Louse","floor":8,"turns":3},{"damage":39,"enemies":"Lagavulin","floor":11,"turns":9},{"damage":6,"enemies":"Lots of Slimes","floor":12,"turns":3},{"damage":4,"enemies":"Large Slime","floor":14,"turns":5},{"damage":29,"enemies":"Slime Boss","floor":16,"turns":7},{"damage":26,"enemies":"Shell Parasite","floor":18,"turns":6},{"damage":21,"enemies":"2 Thieves","floor":22,"turns":5},{"damage":30,"enemies":"Slavers","floor":23,"turns":7},{"damage":0,"enemies":"Masked Bandits","floor":24,"turns":2},{"damage":25,"enemies":"Gremlin Leader","floor":27,"turns":6},{"damage":0,"enemies":"3 Cultists","floor":28,"turns":3},{"damage":13,"enemies":"Slavers","floor":29,"turns":4},{"damage":32,"enemies":"Shelled Parasite and Fungi","floor":30,"turns":3},{"damage":22,"enemies":"Gremlin Leader","floor":31,"turns":4},{"damage":90,"enemies":"Collector","floor":33,"turns":10},{"damage":3,"enemies":"Orb Walker","floor":35,"turns":4},{"damage":0,"enemies":"3 Shapes","floor":37,"turns":6},{"damage":68,"enemies":"Writhing Mass","floor":39,"turns":7},{"damage":23,"enemies":"Nemesis","floor":40,"turns":5},{"damage":13,"enemies":"Maw","floor":42,"turns":6},{"damage":53,"enemies":"Giant Head","floor":45,"turns":7},{"damage":75,"enemies":"Transient","floor":47,"turns":6}],"seed_played":"-5375726845564053557","potions_obtained":[{"floor":1,"key":"Fire Potion"},{"floor":5,"key":"Strength Potion"},{"floor":11,"key":"Fire Potion"},{"floor":12,"key":"PowerPotion"},{"floor":16,"key":"Fire Potion"},{"floor":22,"key":"SteroidPotion"},{"floor":23,"key":"SpeedPotion"},{"floor":24,"key":"ColorlessPotion"},{"floor":29,"key":"Regen Potion"},{"floor":37,"key":"LiquidBronze"},{"floor":39,"key":"ColorlessPotion"},{"floor":42,"key":"SpeedPotion"}],"is_trial":false,"path_per_floor":["M","M","$","?","M","R","E","M","T","R","E","M","R","M","R","B",null,"M","?","?","$","M","E","?","R","T","E","M","E","M","E","R","B",null,"M","?","M","$","M","E","?","M","T","R","E","R","M"],"character_chosen":"IRONCLAD","items_purchased":["Feel No Pain","Lee\u0027s Waffle","Toolbox"],"campfire_rested":2,"item_purchase_floors":[21,21,38],"current_hp_per_floor":[51,56,56,45,47,47,52,59,59,59,30,36,36,42,42,23,88,74,68,68,123,114,94,102,102,102,85,95,92,66,66,66,7,114,117,95,101,101,41,24,24,19,19,64,19,63,0],"gold":105,"neow_bonus":"ONE_RANDOM_RARE_CARD","is_prod":false,"is_daily":false,"chose_seed":false,"campfire_upgraded":6,"win_rate":0,"timestamp":1631465973,"path_taken":["M","M","$","?","M","R","E","M","T","R","E","M","R","M","R","BOSS","M","?","?","$","M","E","?","R","T","E","M","E","M","E","R","BOSS","M","?","M","$","?","E","?","M","T","R","E","R","M"],"build_version":"2020-12-22","purchased_purges":3,"victory":false,"max_hp_per_floor":[78,81,81,81,84,84,88,92,92,92,96,102,102,106,106,110,110,116,116,116,123,129,133,135,135,135,137,141,145,145,149,149,149,149,149,149,149,149,151,151,143,145,145,147,149,149,149],"card_choices":[{"not_picked":["Anger","Fire Breathing"],"picked":"Flame Barrier","floor":1},{"not_picked":["True Grit","Heavy Blade"],"picked":"Evolve","floor":2},{"not_picked":["Bloodletting","Dropkick"],"picked":"Reckless Charge","floor":5},{"not_picked":["Disarm","Anger"],"picked":"Wild Strike","floor":7},{"not_picked":["Clash","Sentinel","Body Slam"],"picked":"SKIP","floor":8},{"not_picked":["Seeing Red","True Grit"],"picked":"Cleave","floor":11},{"not_picked":["Rupture","Evolve","Anger"],"picked":"Singing Bowl","floor":12},{"not_picked":["Sentinel","Rupture"],"picked":"Shrug It Off","floor":14},{"not_picked":["Impervious","Berserk"],"picked":"Demon Form","floor":16},{"not_picked":["Anger","Flex","Blood for Blood+1"],"picked":"Singing Bowl","floor":18},{"not_picked":["Sentinel","Anger","Sword Boomerang"],"picked":"Singing Bowl","floor":22},{"not_picked":["Battle Trance","Thunderclap"],"picked":"Immolate","floor":23},{"not_picked":["Clash","Heavy Blade","Body Slam"],"picked":"Singing Bowl","floor":24},{"not_picked":["Inflame+1","Armaments","Headbutt"],"picked":"Singing Bowl","floor":27},{"not_picked":["Headbutt","Flame Barrier"],"picked":"Fire Breathing+1","floor":28},{"not_picked":["Pommel Strike","Sword Boomerang+1"],"picked":"Power Through+1","floor":29},{"not_picked":["Anger","Havoc+1"],"picked":"Sword Boomerang","floor":30},{"not_picked":["Iron Wave+1","Carnage"],"picked":"Burning Pact","floor":31},{"not_picked":["Berserk","Immolate"],"picked":"Exhume","floor":33},{"not_picked":["Wild Strike+1","Havoc+1"],"picked":"Second Wind+1","floor":35},{"not_picked":["Armaments+1","Disarm"],"picked":"Fire Breathing","floor":37},{"not_picked":["Evolve","Whirlwind+1","Thunderclap"],"picked":"Singing Bowl","floor":39},{"not_picked":["Heavy Blade","Disarm"],"picked":"Limit Break","floor":40},{"not_picked":["Perfected Strike","Wild Strike","Sword Boomerang"],"picked":"Singing Bowl","floor":42},{"not_picked":["Heavy Blade","Warcry","Cleave"],"picked":"Singing Bowl","floor":44},{"not_picked":["Evolve","Entrench","Perfected Strike"],"picked":"Singing Bowl","floor":45},{"not_picked":["Clothesline","Havoc"],"picked":"Armaments+1","floor":46}],"player_experience":837925,"relics_obtained":[{"floor":9,"key":"Self Forming Clay"},{"floor":11,"key":"Singing Bowl"},{"floor":23,"key":"Happy Flower"},{"floor":24,"key":"Red Mask"},{"floor":26,"key":"Bottled Tornado"},{"floor":27,"key":"PreservedInsect"},{"floor":29,"key":"Pantograph"},{"floor":31,"key":"Dream Catcher"},{"floor":40,"key":"Akabeko"},{"floor":45,"key":"War Paint"}],"event_choices":[{"damage_healed":0,"gold_gain":75,"player_choice":"Gather Gold","damage_taken":11,"max_hp_gain":0,"max_hp_loss":0,"event_name":"World of Goop","floor":4,"gold_loss":0},{"damage_healed":0,"gold_gain":0,"player_choice":"Joined the Cult","damage_taken":6,"max_hp_gain":0,"max_hp_loss":0,"event_name":"Nest","floor":19,"gold_loss":0,"cards_obtained":["RitualDagger"]},{"damage_healed":0,"gold_gain":0,"player_choice":"Smashed Altar","damage_taken":0,"max_hp_gain":0,"max_hp_loss":0,"event_name":"Forgotten Altar","floor":20,"gold_loss":0,"cards_obtained":["Decay"]},{"damage_healed":0,"gold_gain":0,"player_choice":"Fought Bandits","damage_taken":0,"max_hp_gain":0,"max_hp_loss":0,"event_name":"Masked Bandits","floor":24,"gold_loss":0},{"damage_healed":0,"gold_gain":0,"player_choice":"Damaged","damage_taken":22,"max_hp_gain":0,"max_hp_loss":0,"event_name":"Wheel of Change","floor":36,"gold_loss":0},{"damage_healed":0,"gold_gain":0,"player_choice":"Max HP","damage_taken":0,"max_hp_gain":0,"max_hp_loss":8,"event_name":"Winding Halls","floor":41,"gold_loss":0}],"is_beta":false,"boss_relics":[{"not_picked":["Calling Bell","Astrolabe"],"picked":"Velvet Choker"},{"not_picked":["Tiny House","SlaversCollar"],"picked":"Pandora\u0027s Box"}],"items_purged_floors":[3,21,38],"is_endless":false,"potions_floor_spawned":[1,5,11,12,16,22,23,24,29,37,39,42],"killed_by":"Transient","ascension_level":20}