{"gold_per_floor":[124,49,75,41,70,70,111,132,132,165,165],"floor_reached":11,"playtime":461,"items_purged":["Strike_R"],"score":166,"play_id":"8eef004f-2a68-4161-8641-39ebe288c6a2","local_time":"20210918151104","is_ascension_mode":true,"campfire_choices":[{"data":"Hemokinesis","floor":6,"key":"SMITH"}],"neow_cost":"NONE","seed_source_timestamp":135310189300000,"circlet_count":0,"master_deck":["AscendersBane","Strike_R","Strike_R","Strike_R","Strike_R","Defend_R","Defend_R","Defend_R","Defend_R","Bash","Hemokinesis+1","Dropkick","Dropkick","Pommel Strike","Hemokinesis","Uppercut"],"relics":["Burning Blood","CeramicFish","Letter Opener","Paper Frog","Blood Vial"],"potions_floor_usage":[7,11],"damage_taken":[{"damage":6,"enemies":"Cultist","floor":1,"turns":3},{"damage":14,"enemies":"Jaw Worm","floor":3,"turns":4},{"damage":2,"enemies":"2 Louse","floor":5,"turns":3},{"damage":29,"enemies":"3 Sentries","floor":7,"turns":7},{"damage":13,"enemies":"Blue Slaver","floor":8,"turns":3},{"damage":33,"enemies":"Lagavulin","floor":10,"turns":7},{"damage":12,"enemies":"Exordium Wildlife","floor":11,"turns":1}],"seed_played":"1936708090730704818","potions_obtained":[{"floor":1,"key":"Weak Potion"},{"floor":3,"key":"Explosive Potion"},{"floor":5,"key":"SteroidPotion"},{"floor":10,"key":"GamblersBrew"}],"is_trial":false,"path_per_floor":["M","$","M","$","M","R","E","M","T","E","M"],"character_chosen":"IRONCLAD","items_purchased":["Dropkick"],"campfire_rested":0,"item_purchase_floors":[4],"current_hp_per_floor":[68,68,60,60,64,64,41,34,34,7,0],"gold":165,"neow_bonus":"RANDOM_COMMON_RELIC","is_prod":false,"is_daily":false,"chose_seed":false,"campfire_upgraded":1,"win_rate":0,"timestamp":1631992264,"path_taken":["M","?","M","?","M","R","E","M","T","E","?"],"build_version":"2020-12-22","purchased_purges":1,"victory":false,"max_hp_per_floor":[75,75,75,75,75,75,75,75,75,75,75],"card_choices":[{"not_picked":["True Grit","Warcry"],"picked":"Hemokinesis","floor":1},{"not_picked":["True Grit","Thunderclap"],"picked":"Dropkick","floor":3},{"not_picked":["Clash","Demon Form"],"picked":"Pommel Strike","floor":5},{"not_picked":["Shrug It Off","Headbutt"],"picked":"Hemokinesis","floor":7},{"not_picked":["Burning Pact","Evolve"],"picked":"Uppercut","floor":8},{"not_picked":["Heavy Blade","Headbutt","Clothesline"],"picked":"SKIP","floor":10}],"player_experience":860681,"relics_obtained":[{"floor":7,"key":"Letter Opener"},{"floor":9,"key":"Paper Frog"},{"floor":10,"key":"Blood Vial"}],"event_choices":[],"is_beta":false,"boss_relics":[],"items_purged_floors":[2],"is_endless":false,"potions_floor_spawned":[1,3,5,10],"killed_by":"Exordium Wildlife","ascension_level":20}