{"gold_per_floor":[118,136,4,24,34,34,48,83,83,114,131,131,150,182,182,258,258,276,236,252,252,252,252,282,282,282,301,317,317],"floor_reached":29,"playtime":2162,"items_purged":["Defend_R"],"score":534,"play_id":"9db0973c-a7d9-48bd-bbb6-06610c1947d3","local_time":"20210918192519","is_ascension_mode":true,"campfire_choices":[{"data":"Iron Wave","floor":6,"key":"SMITH"},{"floor":12,"key":"REST"},{"data":"Combust","floor":15,"key":"SMITH"},{"data":"Corruption","floor":23,"key":"SMITH"},{"data":"Feel No Pain","floor":25,"key":"SMITH"}],"neow_cost":"TEN_PERCENT_HP_LOSS","seed_source_timestamp":148861847059100,"circlet_count":0,"master_deck":["AscendersBane","Strike_R+1","Strike_R+1","Strike_R+1","Defend_R+1","Defend_R+1","Defend_R+1","Bash","Inflame","Sentinel","Combust+1","Twin Strike","Feel No Pain+1","Iron Wave+1","Pommel Strike","Ghostly Armor","Anger","Twin Strike","Corruption+1","Sentinel","Dual Wield+1","Rage+1","Metallicize"],"relics":["Burning Blood","Self Forming Clay","Shuriken","Vajra","Coffee Dripper","Mercury Hourglass","Toxic Egg 2","Girya"],"potions_floor_usage":[10,10,11,16,24],"damage_taken":[{"damage":12,"enemies":"Cultist","floor":1,"turns":4},{"damage":14,"enemies":"Small Slimes","floor":2,"turns":3},{"damage":6,"enemies":"2 Louse","floor":4,"turns":3},{"damage":10,"enemies":"2 Fungi Beasts","floor":5,"turns":3},{"damage":9,"enemies":"Exordium Wildlife","floor":7,"turns":5},{"damage":26,"enemies":"3 Sentries","floor":8,"turns":6},{"damage":24,"enemies":"Lagavulin","floor":10,"turns":6},{"damage":1,"enemies":"Blue Slaver","floor":11,"turns":3},{"damage":8,"enemies":"Looter","floor":13,"turns":4},{"damage":13,"enemies":"Gremlin Nob","floor":14,"turns":4},{"damage":17,"enemies":"Slime Boss","floor":16,"turns":8},{"damage":8,"enemies":"Chosen","floor":18,"turns":5},{"damage":10,"enemies":"Spheric Guardian","floor":20,"turns":4},{"damage":19,"enemies":"Gremlin Leader","floor":24,"turns":8},{"damage":36,"enemies":"Cultist and Chosen","floor":27,"turns":6},{"damage":8,"enemies":"Snecko","floor":28,"turns":4},{"damage":47,"enemies":"Slavers","floor":29,"turns":4}],"seed_played":"-819657589757041190","potions_obtained":[{"floor":2,"key":"FearPotion"},{"floor":10,"key":"DistilledChaos"},{"floor":13,"key":"Fruit Juice"},{"floor":16,"key":"SteroidPotion"},{"floor":19,"key":"SteroidPotion"},{"floor":24,"key":"FearPotion"},{"floor":27,"key":"FairyPotion"}],"is_trial":false,"path_per_floor":["M","M","$","M","M","R","M","E","T","E","M","R","M","E","R","B",null,"M","?","M","T","?","R","E","R","T","M","M","E"],"character_chosen":"IRONCLAD","items_purchased":["Strength Potion"],"campfire_rested":1,"item_purchase_floors":[3],"current_hp_per_floor":[62,54,54,54,50,50,47,27,27,9,14,34,32,25,25,19,60,58,58,54,54,54,54,41,41,41,11,9,0],"gold":317,"neow_bonus":"TRANSFORM_TWO_CARDS","is_prod":false,"is_daily":false,"chose_seed":false,"campfire_upgraded":4,"win_rate":0,"timestamp":1632007519,"path_taken":["M","M","?","?","M","R","M","E","T","E","M","R","M","E","R","BOSS","M","?","?","?","?","R","E","R","T","M","M","E"],"build_version":"2020-12-22","purchased_purges":1,"victory":false,"max_hp_per_floor":[68,68,68,68,68,68,68,68,68,68,68,68,68,68,68,73,73,73,73,73,73,73,73,73,73,73,73,73,73],"card_choices":[{"not_picked":["Heavy Blade","Dark Embrace"],"picked":"Combust","floor":1},{"not_picked":["Shockwave","Evolve"],"picked":"Twin Strike","floor":2},{"not_picked":["Burning Pact","Infernal Blade"],"picked":"Feel No Pain","floor":4},{"not_picked":["Clash","Perfected Strike"],"picked":"Iron Wave","floor":5},{"not_picked":["Exhume","Demon Form"],"picked":"Pommel Strike","floor":8},{"not_picked":["Offering","Dual Wield"],"picked":"Ghostly Armor","floor":10},{"not_picked":["Dual Wield","Pommel Strike","Headbutt"],"picked":"SKIP","floor":11},{"not_picked":["Pommel Strike","Corruption"],"picked":"Anger","floor":13},{"not_picked":["Feel No Pain","Hemokinesis"],"picked":"Twin Strike","floor":14},{"not_picked":["Impervious","Feed"],"picked":"Corruption","floor":16},{"not_picked":["Warcry","Perfected Strike","Inflame"],"picked":"SKIP","floor":18},{"not_picked":["Havoc","Body Slam"],"picked":"Sentinel","floor":20},{"not_picked":["Twin Strike+1","Dropkick"],"picked":"Dual Wield+1","floor":24},{"not_picked":["Sword Boomerang","Cleave"],"picked":"Rage+1","floor":27},{"not_picked":["Havoc+1","Pummel+1"],"picked":"Metallicize","floor":28}],"player_experience":869665,"relics_obtained":[{"floor":9,"key":"Self Forming Clay"},{"floor":10,"key":"Shuriken"},{"floor":14,"key":"Vajra"},{"floor":21,"key":"Mercury Hourglass"},{"floor":24,"key":"Toxic Egg 2"},{"floor":26,"key":"Girya"}],"event_choices":[{"damage_healed":0,"gold_gain":0,"player_choice":"Bought 3 Potions","damage_taken":0,"max_hp_gain":0,"max_hp_loss":0,"event_name":"The Woman in Blue","floor":19,"gold_loss":0},{"damage_healed":0,"gold_gain":0,"player_choice":"Simplicity","damage_taken":0,"max_hp_gain":0,"max_hp_loss":0,"event_name":"Back to Basics","floor":22,"gold_loss":0,"cards_upgraded":["Strike_R","Strike_R","Strike_R","Defend_R","Defend_R","Defend_R"]}],"is_beta":false,"boss_relics":[{"not_picked":["Busted Crown","Sozu"],"picked":"Coffee Dripper"}],"items_purged_floors":[3],"is_endless":false,"potions_floor_spawned":[2,4,10,13,16,20,24,27],"killed_by":"Slavers","ascension_level":20}