{"gold_per_floor":[118,118,129,143,153,153,173,200,247,247,217,249,24,59,59,133,133,150,173,184,99,117,117,144,144,193,193,206,241,261,291,291,365,365,385,385,89,106,106,132,157,199,211,242,266,313,378,390,402,414,426,438,450,123,149,149],"floor_reached":56,"playtime":4370,"items_purged":["Strike_R","Strike_R","Strike_R"],"score":2105,"play_id":"1b32626b-31bc-4222-9fde-9f389c41329e","local_time":"20210919205221","is_ascension_mode":true,"campfire_choices":[{"data":"Bash","floor":6.0,"key":"SMITH"},{"data":"Iron Wave","floor":10.0,"key":"SMITH"},{"data":"Inflame","floor":15.0,"key":"SMITH"},{"data":"Corruption","floor":23.0,"key":"SMITH"},{"data":"Feel No Pain","floor":25.0,"key":"SMITH"},{"data":"Dramatic Entrance","floor":27.0,"key":"SMITH"},{"data":"Limit Break","floor":32.0,"key":"SMITH"},{"floor":49.0,"key":"RECALL"},{"floor":53.0,"key":"REST"}],"neow_cost":"NONE","seed_source_timestamp":237886978670500,"circlet_count":0,"master_deck":["AscendersBane","Strike_R","Defend_R+1","Defend_R","Defend_R","Defend_R","Bash+1","Pommel Strike","Battle Trance","Flame Barrier","Shockwave+1","Iron Wave+1","Shrug It Off","Dramatic Entrance+1","Inflame+1","Limit Break+1","Feel No Pain+1","Corruption+1","Rage","Flex","Twin Strike+1","Spot Weakness","Reaper","Shrug It Off","Intimidate","Fiend Fire","Heavy Blade+1","Spot Weakness","Body Slam","True Grit","Pummel"],"special_seed":0,"relics":["Burning Blood","NeowsBlessing","PreservedInsect","Art of War","Mercury Hourglass","Ancient Tea Set","Runic Pyramid","Happy Flower","StrikeDummy","War Paint","Potion Belt","Strawberry","Fusion Hammer","Lee\u0027s Waffle","MawBank","Bag of Marbles","Paper Frog","Anchor","Red Skull","Cauldron","Bronze Scales"],"potions_floor_usage":[56,56,56],"damage_taken":[{"damage":0.0,"enemies":"Jaw Worm","floor":1.0,"turns":1.0},{"damage":0.0,"enemies":"Cultist","floor":3.0,"turns":1.0},{"damage":0.0,"enemies":"2 Louse","floor":4.0,"turns":1.0},{"damage":12.0,"enemies":"Red Slaver","floor":5.0,"turns":5.0},{"damage":6.0,"enemies":"3 Louse","floor":7.0,"turns":5.0},{"damage":37.0,"enemies":"3 Sentries","floor":8.0,"turns":14.0},{"damage":11.0,"enemies":"Lagavulin","floor":12.0,"turns":5.0},{"damage":7.0,"enemies":"3 Sentries","floor":14.0,"turns":4.0},{"damage":6.0,"enemies":"The Guardian","floor":16.0,"turns":11.0},{"damage":0.0,"enemies":"Chosen","floor":18.0,"turns":5.0},{"damage":5.0,"enemies":"3 Byrds","floor":20.0,"turns":4.0},{"damage":19.0,"enemies":"Centurion and Healer","floor":22.0,"turns":7.0},{"damage":10.0,"enemies":"Book of Stabbing","floor":24.0,"turns":4.0},{"damage":19.0,"enemies":"Sentry and Sphere","floor":28.0,"turns":6.0},{"damage":0.0,"enemies":"Gremlin Leader","floor":29.0,"turns":4.0},{"damage":0.0,"enemies":"Snecko","floor":30.0,"turns":4.0},{"damage":24.0,"enemies":"Slavers","floor":31.0,"turns":3.0},{"damage":14.0,"enemies":"Champ","floor":33.0,"turns":8.0},{"damage":8.0,"enemies":"3 Shapes","floor":35.0,"turns":5.0},{"damage":15.0,"enemies":"Orb Walker","floor":38.0,"turns":3.0},{"damage":30.0,"enemies":"Reptomancer","floor":40.0,"turns":5.0},{"damage":0.0,"enemies":"Writhing Mass","floor":41.0,"turns":6.0},{"damage":16.0,"enemies":"Giant Head","floor":42.0,"turns":5.0},{"damage":0.0,"enemies":"Maw","floor":44.0,"turns":6.0},{"damage":0.0,"enemies":"4 Shapes","floor":45.0,"turns":3.0},{"damage":22.0,"enemies":"Reptomancer","floor":46.0,"turns":4.0},{"damage":54.0,"enemies":"Donu and Deca","floor":50.0,"turns":6.0},{"damage":69.0,"enemies":"Awakened One","floor":51.0,"turns":6.0},{"damage":64.0,"enemies":"Shield and Spear","floor":55.0,"turns":7.0},{"damage":88,"enemies":"The Heart","floor":56,"turns":5}],"seed_played":"-8069210283643447382","potions_obtained":[{"floor":4.0,"key":"Weak Potion"},{"floor":5.0,"key":"Ancient Potion"},{"floor":11.0,"key":"Block Potion"},{"floor":16.0,"key":"SteroidPotion"},{"floor":31.0,"key":"DuplicationPotion"},{"floor":33.0,"key":"Energy Potion"},{"floor":35.0,"key":"Energy Potion"},{"floor":54.0,"key":"Ancient Potion"}],"is_trial":false,"path_per_floor":["M","?","M","M","M","R","M","E","T","R","?","E","$","E","R","B",null,"M","T","M","?","M","R","E","R","T","R","M","E","M","E","R","B",null,"M","?","$","M","?","E","M","E","T","M","M","E","T","?","R","B","B",null,"R","$","E","B"],"character_chosen":"IRONCLAD","items_purchased":["PowerPotion","Dramatic Entrance","Shrug It Off","Lee\u0027s Waffle","Cauldron","True Grit"],"campfire_rested":1,"item_purchase_floors":[13,13,37,37,54,54],"current_hp_per_floor":[74,74,75,75,69,69,69,38,38,38,38,33,33,32,32,32,64,70,70,71,71,58,58,54,54,54,54,41,47,53,42,42,34,70,82,82,89,89,89,83,89,89,89,89,89,89,89,89,89,89,84,88,89,89,51,0],"gold":149,"neow_bonus":"THREE_ENEMY_KILL","is_prod":false,"is_daily":false,"chose_seed":false,"campfire_upgraded":7,"win_rate":0,"timestamp":1632099141,"path_taken":["M","?","M","M","?","R","M","E","T","R","?","E","$","E","R","BOSS","M","?","M","?","M","R","E","R","T","R","M","E","M","E","R","BOSS","M","?","$","M","?","E","?","E","T","M","M","E","?","?","R","BOSS","BOSS","R","$","E","BOSS"],"build_version":"2020-12-22","purchased_purges":3,"victory":false,"max_hp_per_floor":[75,75,75,75,75,75,75,75,75,75,75,75,75,75,75,75,75,75,75,75,75,75,75,75,75,75,75,75,75,75,82,82,82,82,82,82,89,89,89,89,89,89,89,89,89,89,89,89,89,89,89,89,89,89,89,89],"card_choices":[{"not_picked":["Feel No Pain","Bloodletting"],"picked":"Pommel Strike","floor":1.0},{"not_picked":["Sword Boomerang","Pommel Strike"],"picked":"Battle Trance","floor":3.0},{"not_picked":["Thunderclap","Clothesline"],"picked":"Flame Barrier","floor":4.0},{"not_picked":["True Grit","Seeing Red"],"picked":"Shockwave","floor":5.0},{"not_picked":["Sword Boomerang","Armaments"],"picked":"Iron Wave","floor":7.0},{"not_picked":["True Grit","Shockwave","Juggernaut"],"picked":"SKIP","floor":8.0},{"not_picked":["Body Slam","Fire Breathing"],"picked":"Shrug It Off","floor":12.0},{"not_picked":["Clash","Reckless Charge"],"picked":"Inflame","floor":14.0},{"not_picked":["Brutality","Double Tap"],"picked":"Limit Break","floor":16.0},{"not_picked":["Warcry","Reckless Charge","Cleave"],"picked":"SKIP","floor":18.0},{"not_picked":["Intimidate","Uppercut"],"picked":"Feel No Pain","floor":20.0},{"not_picked":["Headbutt","Whirlwind"],"picked":"Corruption","floor":22.0},{"not_picked":["Sword Boomerang","Wild Strike"],"picked":"Rage","floor":24.0},{"not_picked":["Whirlwind","Rage"],"picked":"Flex","floor":28.0},{"not_picked":["Perfected Strike","Wild Strike","Twin Strike"],"picked":"SKIP","floor":29.0},{"not_picked":["Rampage","Thunderclap"],"picked":"Twin Strike+1","floor":30.0},{"not_picked":["Clash","Evolve"],"picked":"Spot Weakness","floor":31.0},{"not_picked":["Impervious","Exhume"],"picked":"Reaper","floor":33.0},{"not_picked":["Anger+1","Clash"],"picked":"Seeing Red","floor":35.0},{"not_picked":["Anger","Carnage","Pommel Strike"],"picked":"SKIP","floor":38.0},{"not_picked":["Twin Strike","Blood for Blood","Burning Pact"],"picked":"SKIP","floor":40.0},{"not_picked":["Perfected Strike+1","Pommel Strike","Ghostly Armor"],"picked":"SKIP","floor":41.0},{"not_picked":["Dropkick","Bloodletting"],"picked":"Fiend Fire","floor":42.0},{"not_picked":["Headbutt","Carnage"],"picked":"Heavy Blade+1","floor":44.0},{"not_picked":["Rupture","Sentinel"],"picked":"Spot Weakness","floor":45.0},{"not_picked":["Pommel Strike","Cleave"],"picked":"Body Slam","floor":46.0},{"not_picked":["Metallicize","Havoc"],"picked":"Pummel","floor":55.0}],"player_experience":892412,"relics_obtained":[{"floor":8.0,"key":"PreservedInsect"},{"floor":9.0,"key":"Art of War"},{"floor":12.0,"key":"Mercury Hourglass"},{"floor":14.0,"key":"Ancient Tea Set"},{"floor":19.0,"key":"Happy Flower"},{"floor":24.0,"key":"War Paint"},{"floor":29.0,"key":"Potion Belt"},{"floor":31.0,"key":"Strawberry"},{"floor":40.0,"key":"MawBank"},{"floor":42.0,"key":"Bag of Marbles"},{"floor":43.0,"key":"Paper Frog"},{"floor":46.0,"key":"Anchor"},{"floor":47.0,"key":"Red Skull"},{"floor":55.0,"key":"Bronze Scales"}],"event_choices":[{"damage_healed":0.0,"max_hp_gain":0.0,"max_hp_loss":0.0,"gold_gain":0.0,"event_name":"Match and Keep!","player_choice":"0 cards matched","floor":2.0,"gold_loss":0.0,"damage_taken":0.0,"cards_obtained":[]},{"damage_healed":0.0,"max_hp_gain":0.0,"max_hp_loss":0.0,"gold_gain":0.0,"event_name":"The Woman in Blue","player_choice":"Bought 2 Potions","floor":11.0,"gold_loss":0.0,"damage_taken":0.0},{"damage_healed":0.0,"max_hp_gain":0.0,"max_hp_loss":0.0,"gold_gain":0.0,"event_name":"Addict","player_choice":"Obtained Relic","floor":21.0,"gold_loss":85.0,"damage_taken":0.0,"relics_obtained":["StrikeDummy"]},{"cards_removed":["Seeing Red"],"damage_healed":0.0,"max_hp_gain":0.0,"max_hp_loss":0.0,"gold_gain":0.0,"event_name":"Falling","player_choice":"Removed Skill","floor":36.0,"gold_loss":0.0,"damage_taken":0.0},{"damage_healed":0.0,"max_hp_gain":0.0,"max_hp_loss":0.0,"gold_gain":0.0,"cards_transformed":["Strike_R"],"event_name":"Transmorgrifier","player_choice":"Transformed","floor":39.0,"gold_loss":0.0,"damage_taken":0.0,"cards_obtained":["Intimidate"]},{"damage_healed":0.0,"max_hp_gain":0.0,"max_hp_loss":0.0,"gold_gain":0.0,"event_name":"Tomb of Lord Red Mask","player_choice":"Ignored","floor":48.0,"gold_loss":0.0,"damage_taken":0.0}],"is_beta":false,"boss_relics":[{"not_picked":["Busted Crown","SlaversCollar"],"picked":"Runic Pyramid"},{"not_picked":["Black Blood","Mark of Pain"],"picked":"Fusion Hammer"}],"items_purged_floors":[13,37,54],"is_endless":false,"potions_floor_spawned":[4,5,7,14,16,28,31,33,35,40,42,45],"killed_by":"The Heart","ascension_level":20}