{"gold_per_floor":[112,130,150,225,225,225,236,262,262,296,296,312,331,349,349,423,423,437,437,437,437,124,149,149,149,149,182,41,58,70,40,40,113,113,123,137,137,11,11,11,11,11,84,84,101,133,148,148,148,148],"floor_reached":50,"playtime":3616,"items_purged":["Bite","Defend_R"],"score":1091,"play_id":"f78b5b38-be57-4cc8-83e7-be9e63fe8755","local_time":"20210919153030","is_ascension_mode":true,"campfire_choices":[{"data":"Blood for Blood","floor":6,"key":"SMITH"},{"floor":11,"key":"REST"},{"data":"Whirlwind","floor":15,"key":"SMITH"},{"data":"Havoc","floor":25,"key":"SMITH"},{"data":"Havoc","floor":32,"key":"SMITH"},{"data":"Dark Embrace","floor":40,"key":"SMITH"},{"data":"Havoc","floor":42,"key":"SMITH"},{"data":"Havoc","floor":44,"key":"SMITH"},{"floor":49,"key":"RECALL"}],"neow_cost":"NONE","seed_source_timestamp":219718792575000,"circlet_count":0,"master_deck":["AscendersBane","Defend_R","Defend_R","Defend_R","Bash","Headbutt","Blood for Blood+1","Clothesline","Shrug It Off","Ghostly Armor","Hemokinesis","Second Wind","Whirlwind+1","Shrug It Off","Feed","Havoc+1","Bite","Bite","Impervious","Flame Barrier+1","Havoc+1","Havoc+1","Dark Embrace+1","Combust+1","Offering","Limit Break","Inflame","Havoc+1","Havoc","Blind","Disarm","Burning Pact"],"relics":["Burning Blood","Ancient Tea Set","Odd Mushroom","Dead Branch","PreservedInsect","Philosopher\u0027s Stone","Bag of Preparation","HornCleat","Mercury Hourglass","Lizard Tail","Empty Cage","Nunchaku"],"potions_floor_usage":[8,10,13,16,23,23,29,33,47,50],"damage_taken":[{"damage":6,"enemies":"Cultist","floor":1,"turns":3},{"damage":14,"enemies":"Jaw Worm","floor":2,"turns":5},{"damage":8,"enemies":"Small Slimes","floor":3,"turns":4},{"damage":9,"enemies":"3 Louse","floor":7,"turns":3},{"damage":27,"enemies":"The Mushroom Lair","floor":8,"turns":3},{"damage":21,"enemies":"Gremlin Nob","floor":10,"turns":4},{"damage":4,"enemies":"2 Fungi Beasts","floor":12,"turns":3},{"damage":6,"enemies":"Large Slime","floor":13,"turns":5},{"damage":5,"enemies":"Red Slaver","floor":14,"turns":3},{"damage":24,"enemies":"Slime Boss","floor":16,"turns":7},{"damage":49,"enemies":"Spheric Guardian","floor":18,"turns":8},{"damage":22,"enemies":"Book of Stabbing","floor":23,"turns":5},{"damage":0,"enemies":"Gremlin Leader","floor":27,"turns":3},{"damage":15,"enemies":"Shell Parasite","floor":29,"turns":6},{"damage":6,"enemies":"Sentry and Sphere","floor":30,"turns":4},{"damage":44,"enemies":"Collector","floor":33,"turns":8},{"damage":10,"enemies":"3 Darklings","floor":35,"turns":3},{"damage":20,"enemies":"3 Shapes","floor":36,"turns":4},{"damage":8,"enemies":"3 Darklings","floor":45,"turns":4},{"damage":19,"enemies":"Reptomancer","floor":46,"turns":5},{"damage":33,"enemies":"Sphere and 2 Shapes","floor":47,"turns":4},{"damage":44,"enemies":"Awakened One","floor":50,"turns":7}],"seed_played":"-7232312861168451679","potions_obtained":[{"floor":1,"key":"Weak Potion"},{"floor":2,"key":"AttackPotion"},{"floor":8,"key":"Strength Potion"},{"floor":13,"key":"SneckoOil"},{"floor":14,"key":"Dexterity Potion"},{"floor":18,"key":"Fire Potion"},{"floor":27,"key":"Dexterity Potion"},{"floor":30,"key":"Energy Potion"},{"floor":45,"key":"BlessingOfTheForge"},{"floor":46,"key":"GamblersBrew"}],"is_trial":false,"path_per_floor":["M","M","M","?","T","R","M","?","T","E","R","M","M","M","R","B",null,"M","?","?","?","$","E","?","R","T","E","$","M","M","$","R","B",null,"M","M","?","$","?","R","?","R","T","R","M","E","M","?","R","B"],"character_chosen":"IRONCLAD","items_purchased":["Bag of Preparation","Impervious","Havoc","Dark Embrace","Havoc","Havoc"],"campfire_rested":1,"item_purchase_floors":[22,22,28,28,31,38],"current_hp_per_floor":[68,60,58,47,47,47,44,23,23,8,30,32,32,33,33,15,60,17,17,17,27,27,19,19,19,19,33,33,36,41,41,41,19,46,44,37,37,37,37,37,32,32,32,32,35,26,36,36,36,0],"gold":148,"neow_bonus":"THREE_CARDS","is_prod":false,"is_daily":false,"chose_seed":false,"campfire_upgraded":7,"win_rate":0,"timestamp":1632079830,"path_taken":["M","?","M","?","?","R","M","?","T","E","R","M","M","M","R","BOSS","M","?","?","?","$","E","?","R","T","E","$","M","?","?","R","BOSS","M","M","?","$","?","R","?","R","T","R","M","E","M","?","R","BOSS"],"build_version":"2020-12-22","purchased_purges":2,"victory":false,"max_hp_per_floor":[75,75,75,75,75,75,75,75,75,75,75,75,75,75,75,75,75,75,52,52,52,52,52,52,52,52,52,52,52,55,55,55,55,55,55,58,58,58,55,55,55,55,55,55,58,58,61,61,61,64],"card_choices":[{"not_picked":["Thunderclap","Whirlwind"],"picked":"Headbutt","floor":0},{"not_picked":["Clash","Heavy Blade"],"picked":"Blood for Blood","floor":1},{"not_picked":["Wild Strike","Perfected Strike"],"picked":"Clothesline","floor":2},{"not_picked":["Intimidate","Dropkick"],"picked":"Shrug It Off","floor":3},{"not_picked":["Double Tap","Blood for Blood"],"picked":"Ghostly Armor","floor":7},{"not_picked":["Clash","Sever Soul"],"picked":"Hemokinesis","floor":10},{"not_picked":["Headbutt","Iron Wave"],"picked":"Second Wind","floor":12},{"not_picked":["Warcry","Metallicize"],"picked":"Whirlwind","floor":13},{"not_picked":["Clothesline","Rampage"],"picked":"Shrug It Off","floor":14},{"not_picked":["Brutality","Berserk"],"picked":"Feed","floor":16},{"not_picked":["Pommel Strike","Body Slam"],"picked":"Havoc","floor":18},{"not_picked":["Cleave","Perfected Strike"],"picked":"Flame Barrier","floor":23},{"not_picked":["Armaments","Flex"],"picked":"Havoc","floor":27},{"not_picked":["Bloodletting+1","Iron Wave"],"picked":"Combust+1","floor":29},{"not_picked":["Clash+1","Flame Barrier"],"picked":"Offering","floor":30},{"not_picked":["Barricade","Impervious"],"picked":"Limit Break","floor":33},{"not_picked":["Seeing Red","Armaments"],"picked":"Inflame","floor":35},{"not_picked":["Anger+1","Thunderclap"],"picked":"Havoc","floor":36},{"not_picked":["HandOfGreed","Good Instincts"],"picked":"Blind","floor":41},{"not_picked":["Ghostly Armor+1","Entrench"],"picked":"Disarm","floor":45},{"not_picked":["Cleave","Clothesline","Evolve"],"picked":"SKIP","floor":46},{"not_picked":["Shrug It Off","Thunderclap"],"picked":"Burning Pact","floor":47}],"player_experience":886609,"relics_obtained":[{"floor":5,"key":"Ancient Tea Set"},{"floor":8,"key":"Odd Mushroom"},{"floor":9,"key":"Dead Branch"},{"floor":10,"key":"PreservedInsect"},{"floor":23,"key":"HornCleat"},{"floor":26,"key":"Mercury Hourglass"},{"floor":27,"key":"Lizard Tail"},{"floor":46,"key":"Nunchaku"}],"event_choices":[{"damage_healed":0,"gold_gain":75,"player_choice":"Gather Gold","damage_taken":11,"max_hp_gain":0,"max_hp_loss":0,"event_name":"World of Goop","floor":4,"gold_loss":0},{"damage_healed":0,"gold_gain":0,"player_choice":"Fought Mushrooms","damage_taken":0,"max_hp_gain":0,"max_hp_loss":0,"event_name":"Mushrooms","floor":8,"gold_loss":0},{"damage_healed":0,"gold_gain":0,"player_choice":"Became a vampire","damage_taken":0,"max_hp_gain":0,"max_hp_loss":23,"event_name":"Vampires","floor":19,"gold_loss":0,"cards_obtained":["Bite","Bite","Bite","Bite","Bite"]},{"damage_healed":0,"gold_gain":0,"player_choice":"Ignored","damage_taken":0,"max_hp_gain":0,"max_hp_loss":0,"event_name":"The Mausoleum","floor":20,"gold_loss":0},{"damage_healed":10,"gold_gain":0,"player_choice":"Heal","damage_taken":0,"max_hp_gain":0,"max_hp_loss":0,"event_name":"The Library","floor":21,"gold_loss":0},{"damage_healed":0,"gold_gain":0,"player_choice":"Upgraded","damage_taken":0,"max_hp_gain":0,"max_hp_loss":0,"event_name":"Upgrade Shrine","floor":24,"gold_loss":0,"cards_upgraded":["Flame Barrier"]},{"cards_removed":["Havoc"],"damage_healed":0,"gold_gain":0,"player_choice":"Removed Skill","damage_taken":0,"max_hp_gain":0,"max_hp_loss":0,"event_name":"Falling","floor":37,"gold_loss":0},{"damage_healed":0,"gold_gain":0,"player_choice":"Max HP","damage_taken":0,"max_hp_gain":0,"max_hp_loss":3,"event_name":"Winding Halls","floor":39,"gold_loss":0},{"damage_healed":0,"gold_gain":0,"player_choice":"Memory 2","damage_taken":5,"max_hp_gain":0,"max_hp_loss":0,"event_name":"SensoryStone","floor":41,"gold_loss":0},{"damage_healed":0,"gold_gain":0,"player_choice":"Ignored","damage_taken":0,"max_hp_gain":0,"max_hp_loss":0,"event_name":"Tomb of Lord Red Mask","floor":48,"gold_loss":0}],"is_beta":false,"boss_relics":[{"not_picked":["Runic Cube","Sozu"],"picked":"Philosopher\u0027s Stone"},{"not_picked":["Calling Bell","SlaversCollar"],"picked":"Empty Cage"}],"items_purged_floors":[22,38],"is_endless":false,"potions_floor_spawned":[1,2,8,13,14,18,27,30,45,46],"killed_by":"Awakened One","ascension_level":20}