{"gold_per_floor":[117,134,149,164,164,164,195,120,120,120,135,152,183,197,197,272,272,282,295,220,233,249,249,277,227,227,247,257,282,282,297,297,368,368,388,400,400,400,418,451,451,451,451,327,345,356,356,133,133,133,133,133,133,27,61,61],"floor_reached":56,"playtime":4594,"items_purged":["Strike_R","Anger","Strike_R","Strike_R","Thunderclap"],"score":1916,"play_id":"89491efb-3cec-4d9b-99d7-9e83c7b4e395","local_time":"20210918221906","is_ascension_mode":true,"campfire_choices":[{"data":"Carnage","floor":6,"key":"SMITH"},{"data":"Armaments","floor":15,"key":"SMITH"},{"data":"Power Through","floor":32,"key":"SMITH"},{"data":"Limit Break","floor":42,"key":"SMITH"},{"floor":47,"key":"REST"},{"floor":49,"key":"RECALL"},{"data":"Feel No Pain","floor":53,"key":"SMITH"}],"neow_cost":"NONE","seed_source_timestamp":156857832832900,"circlet_count":0,"master_deck":["AscendersBane","Defend_R","Defend_R","Defend_R","Defend_R","Bash","Armaments+1","Twin Strike","Carnage+1","Shrug It Off","Iron Wave","Immolate","Offering","Power Through+1","Uppercut","Flame Barrier+1","Immolate","Disarm","Juggernaut","Uppercut+1","Dark Embrace","Immolate+1","Bash+1","Feel No Pain+1","Limit Break+1","The Bomb","Master of Strategy","Spot Weakness","Flame Barrier","Impervious","Feel No Pain","Corruption","Body Slam+1"],"relics":["Burning Blood","Matryoshka","Prayer Wheel","Red Skull","Pocketwatch","Mercury Hourglass","Letter Opener","Sundial","Snecko Eye","Smiling Mask","Molten Egg 2","Paper Frog","Philosopher\u0027s Stone","Charon\u0027s Ashes","ClockworkSouvenir","Orichalcum"],"potions_floor_usage":[4,13,16,50,50,51,56,56],"damage_taken":[{"damage":6,"enemies":"Cultist","floor":1,"turns":3},{"damage":7,"enemies":"2 Louse","floor":2,"turns":3},{"damage":2,"enemies":"Jaw Worm","floor":3,"turns":3},{"damage":5,"enemies":"Gremlin Gang","floor":4,"turns":3},{"damage":20,"enemies":"3 Sentries","floor":7,"turns":6},{"damage":4,"enemies":"Lots of Slimes","floor":11,"turns":2},{"damage":3,"enemies":"Blue Slaver","floor":12,"turns":2},{"damage":15,"enemies":"Lagavulin","floor":13,"turns":4},{"damage":12,"enemies":"3 Louse","floor":14,"turns":2},{"damage":23,"enemies":"Hexaghost","floor":16,"turns":6},{"damage":12,"enemies":"3 Byrds","floor":18,"turns":2},{"damage":0,"enemies":"Chosen","floor":19,"turns":2},{"damage":24,"enemies":"Sentry and Sphere","floor":21,"turns":4},{"damage":7,"enemies":"Centurion and Healer","floor":22,"turns":3},{"damage":34,"enemies":"Slavers","floor":24,"turns":3},{"damage":0,"enemies":"Chosen and Byrds","floor":27,"turns":3},{"damage":0,"enemies":"Snake Plant","floor":28,"turns":2},{"damage":0,"enemies":"Gremlin Leader","floor":29,"turns":4},{"damage":0,"enemies":"Centurion and Healer","floor":31,"turns":2},{"damage":22,"enemies":"Collector","floor":33,"turns":6},{"damage":0,"enemies":"3 Darklings","floor":35,"turns":1},{"damage":0,"enemies":"Orb Walker","floor":36,"turns":1},{"damage":38,"enemies":"3 Darklings","floor":39,"turns":3},{"damage":47,"enemies":"Giant Head","floor":40,"turns":6},{"damage":2,"enemies":"Transient","floor":45,"turns":6},{"damage":0,"enemies":"Maw","floor":46,"turns":6},{"damage":29,"enemies":"Donu and Deca","floor":50,"turns":6},{"damage":8,"enemies":"Time Eater","floor":51,"turns":5},{"damage":29,"enemies":"Shield and Spear","floor":55,"turns":5},{"damage":53,"enemies":"The Heart","floor":56,"turns":5}],"seed_played":"1296433844426584442","potions_obtained":[{"floor":1,"key":"Energy Potion"},{"floor":2,"key":"AttackPotion"},{"floor":12,"key":"FearPotion"},{"floor":14,"key":"EntropicBrew"},{"floor":19,"key":"FairyPotion"},{"floor":40,"key":"Fire Potion"}],"is_trial":false,"path_per_floor":["M","M","M","M","?","R","E","?","T","T","M","M","E","M","R","B",null,"M","M","$","M","M","?","E","$","T","M","M","E","?","M","R","B",null,"M","M","?","?","M","E","?","R","T","$","M","M","R","$","R","B","B",null,"R","$","E","B"],"character_chosen":"IRONCLAD","items_purchased":["Feel No Pain","ClockworkSouvenir","Dexterity Potion"],"campfire_rested":1,"item_purchase_floors":[44,48,54],"current_hp_per_floor":[68,67,71,72,61,61,47,47,47,47,49,52,43,37,37,20,61,55,61,61,43,42,42,14,14,14,20,26,32,32,38,38,22,62,68,74,71,61,29,27,27,27,27,27,31,37,58,58,58,35,33,62,62,62,39,0],"gold":61,"neow_bonus":"THREE_CARDS","is_prod":false,"is_daily":false,"chose_seed":false,"campfire_upgraded":5,"win_rate":0,"timestamp":1632017946,"path_taken":["M","M","M","?","?","R","E","?","T","?","?","M","E","M","R","BOSS","M","?","$","M","?","?","E","$","T","M","M","E","?","M","R","BOSS","M","M","?","?","M","E","?","R","T","$","M","M","R","$","R","BOSS","BOSS","R","$","E","BOSS"],"build_version":"2020-12-22","purchased_purges":5,"victory":false,"max_hp_per_floor":[75,75,75,75,75,75,75,75,75,75,75,75,75,75,75,75,75,75,75,75,75,75,75,75,75,75,75,75,75,75,75,75,75,75,75,75,71,71,71,71,71,71,71,71,71,71,71,71,71,71,71,71,71,71,71,71],"card_choices":[{"not_picked":["Rage","Evolve"],"picked":"Thunderclap","floor":0},{"not_picked":["Intimidate","Metallicize"],"picked":"Anger","floor":1},{"not_picked":["Sword Boomerang","Double Tap"],"picked":"Armaments","floor":2},{"not_picked":["Sword Boomerang","Clash"],"picked":"Twin Strike","floor":3},{"not_picked":["Flex","Power Through"],"picked":"Carnage","floor":4},{"not_picked":["Warcry","Spot Weakness"],"picked":"Shrug It Off","floor":7},{"not_picked":["Sentinel","Dark Embrace","Flex"],"picked":"SKIP","floor":11},{"not_picked":["Whirlwind","Headbutt","Heavy Blade"],"picked":"SKIP","floor":11},{"not_picked":["Headbutt","Clash"],"picked":"Iron Wave","floor":12},{"not_picked":["Intimidate","Headbutt","Sword Boomerang"],"picked":"SKIP","floor":12},{"not_picked":["Blood for Blood","Flex"],"picked":"Immolate","floor":13},{"not_picked":["Perfected Strike","Twin Strike","Headbutt"],"picked":"SKIP","floor":14},{"not_picked":["Whirlwind","Wild Strike","Pummel"],"picked":"SKIP","floor":14},{"not_picked":["Limit Break","Barricade"],"picked":"Offering","floor":16},{"not_picked":["Thunderclap","True Grit"],"picked":"Power Through","floor":18},{"not_picked":["Bloodletting","Shrug It Off","Sword Boomerang"],"picked":"SKIP","floor":18},{"not_picked":["Searing Blow","Wild Strike"],"picked":"Uppercut","floor":19},{"not_picked":["Burning Pact","Hemokinesis","Thunderclap"],"picked":"SKIP","floor":19},{"not_picked":["Metallicize","Headbutt"],"picked":"Flame Barrier+1","floor":21},{"not_picked":["Havoc","Headbutt","Seeing Red"],"picked":"SKIP","floor":21},{"not_picked":["Shrug It Off","Sword Boomerang"],"picked":"Immolate","floor":22},{"not_picked":["Clash","Battle Trance","Headbutt"],"picked":"SKIP","floor":22},{"not_picked":["Clash","Battle Trance","Headbutt"],"picked":"SKIP","floor":22},{"not_picked":["Dual Wield","Thunderclap"],"picked":"Disarm","floor":24},{"not_picked":["Metallicize","Cleave+1","Clash+1"],"picked":"SKIP","floor":27},{"not_picked":["Flex","Wild Strike+1","Battle Trance"],"picked":"SKIP","floor":27},{"not_picked":["Feel No Pain","Flex"],"picked":"Juggernaut","floor":28},{"not_picked":["Sword Boomerang+1","Shrug It Off","Perfected Strike+1"],"picked":"SKIP","floor":28},{"not_picked":["Sword Boomerang+1","Shrug It Off","Perfected Strike+1"],"picked":"SKIP","floor":28},{"not_picked":["Armaments","Headbutt+1"],"picked":"Uppercut+1","floor":29},{"not_picked":["Clothesline+1","Rampage+1"],"picked":"Feel No Pain","floor":31},{"not_picked":["Armaments","Cleave+1","Anger+1"],"picked":"SKIP","floor":31},{"not_picked":["Berserk","Double Tap"],"picked":"Limit Break","floor":33},{"not_picked":["True Grit","Pummel+1","Thunderclap+1"],"picked":"SKIP","floor":35},{"not_picked":["Wild Strike+1","Pommel Strike+1","Clothesline+1"],"picked":"SKIP","floor":35},{"not_picked":["Cleave+1","Warcry","Burning Pact"],"picked":"SKIP","floor":36},{"not_picked":["Anger+1","Reckless Charge+1","Pummel+1"],"picked":"SKIP","floor":36},{"not_picked":["Flash of Steel+1","Impatience"],"picked":"The Bomb","floor":38},{"not_picked":["Dramatic Entrance+1","Thinking Ahead"],"picked":"Master of Strategy","floor":38},{"not_picked":["Fire Breathing","Rage"],"picked":"Spot Weakness","floor":39},{"not_picked":["Iron Wave+1","Cleave+1"],"picked":"Flame Barrier","floor":39},{"not_picked":["Searing Blow+1","Shrug It Off+1"],"picked":"Impervious","floor":40},{"not_picked":["Hemokinesis+1","Shrug It Off","Flex+1"],"picked":"SKIP","floor":45},{"not_picked":["Blood for Blood+1","Headbutt+1","Flame Barrier"],"picked":"SKIP","floor":45},{"not_picked":["Clash+1","Twin Strike+1"],"picked":"Corruption","floor":46},{"not_picked":["Hemokinesis+1","Pummel+1"],"picked":"Body Slam+1","floor":46},{"not_picked":["Pommel Strike+1","Armaments","Body Slam+1"],"picked":"SKIP","floor":55}],"player_experience":876632,"relics_obtained":[{"floor":7,"key":"Prayer Wheel"},{"floor":9,"key":"Red Skull"},{"floor":9,"key":"Pocketwatch"},{"floor":10,"key":"Mercury Hourglass"},{"floor":10,"key":"Letter Opener"},{"floor":13,"key":"Sundial"},{"floor":24,"key":"Smiling Mask"},{"floor":26,"key":"Molten Egg 2"},{"floor":29,"key":"Paper Frog"},{"floor":40,"key":"Charon\u0027s Ashes"},{"floor":55,"key":"Orichalcum"}],"event_choices":[{"damage_healed":0,"gold_gain":0,"player_choice":"Success","damage_taken":11,"relics_obtained":["Matryoshka"],"max_hp_gain":0,"max_hp_loss":0,"event_name":"Scrap Ooze","floor":5,"gold_loss":0},{"cards_removed":["Strike_R"],"damage_healed":0,"gold_gain":0,"player_choice":"Card Removal","damage_taken":0,"max_hp_gain":0,"max_hp_loss":0,"event_name":"The Cleric","floor":8,"gold_loss":75},{"damage_healed":0,"gold_gain":0,"player_choice":"Ignored","damage_taken":0,"max_hp_gain":0,"max_hp_loss":0,"event_name":"The Mausoleum","floor":23,"gold_loss":0},{"damage_healed":0,"gold_gain":0,"player_choice":"3 cards matched","damage_taken":0,"max_hp_gain":0,"max_hp_loss":0,"event_name":"Match and Keep!","floor":30,"gold_loss":0,"cards_obtained":["Dark Embrace","Immolate","Bash"]},{"damage_healed":0,"gold_gain":0,"player_choice":"Max HP","damage_taken":0,"max_hp_gain":0,"max_hp_loss":4,"event_name":"Winding Halls","floor":37,"gold_loss":0},{"damage_healed":0,"gold_gain":0,"player_choice":"Memory 3","damage_taken":10,"max_hp_gain":0,"max_hp_loss":0,"event_name":"SensoryStone","floor":38,"gold_loss":0},{"cards_removed":["Strike_R"],"damage_healed":0,"gold_gain":0,"player_choice":"Removed Attack","damage_taken":0,"max_hp_gain":0,"max_hp_loss":0,"event_name":"Falling","floor":41,"gold_loss":0}],"is_beta":false,"boss_relics":[{"not_picked":["SacredBark","SlaversCollar"],"picked":"Snecko Eye"},{"not_picked":["Black Star","Runic Pyramid"],"picked":"Philosopher\u0027s Stone"}],"items_purged_floors":[20,25,44,48,54],"is_endless":false,"potions_floor_spawned":[1,2,12,14,19,22,27,28,33,35,40],"killed_by":"The Heart","ascension_level":20}