{"gold_per_floor":[119,131,131,142,157,188,188,29,29,62,62,77,110,124,124,198,198,210,228,228,118,18,53,53,53,78,78],"floor_reached":27,"playtime":1039,"items_purged":["Strike_R","Strike_R"],"score":542,"play_id":"17635348-d8bb-4290-9174-61f8aad3d1b1","local_time":"20210920142754","is_ascension_mode":true,"campfire_choices":[{"data":"Hemokinesis","floor":7.0,"key":"SMITH"},{"data":"Pommel Strike","floor":15.0,"key":"SMITH"},{"floor":24.0,"key":"REST"}],"neow_cost":"NONE","seed_source_timestamp":304828027215400,"circlet_count":0,"master_deck":["AscendersBane","Strike_R","Strike_R","Strike_R","Defend_R","Defend_R","Defend_R","Defend_R","Bash","Clothesline","Inflame","Sword Boomerang","Hemokinesis+1","Corruption","Feel No Pain","Sentinel","Pommel Strike+1","Demon Form","Sentinel","Feed+1","Ghostly Armor","Uppercut+1","Power Through"],"special_seed":0,"relics":["Burning Blood","Mummified Hand","HornCleat","Singing Bowl","Strawberry","Question Card","Philosopher\u0027s Stone","Blood Vial","Smiling Mask"],"potions_floor_usage":[25],"damage_taken":[{"damage":2.0,"enemies":"2 Louse","floor":1.0,"turns":2.0},{"damage":3.0,"enemies":"Cultist","floor":2.0,"turns":4.0},{"damage":1.0,"enemies":"Small Slimes","floor":4.0,"turns":4.0},{"damage":14.0,"enemies":"Exordium Wildlife","floor":5.0,"turns":4.0},{"damage":37.0,"enemies":"Lagavulin","floor":6.0,"turns":6.0},{"damage":20.0,"enemies":"Gremlin Nob","floor":10.0,"turns":4.0},{"damage":5.0,"enemies":"Looter","floor":12.0,"turns":2.0},{"damage":24.0,"enemies":"Lagavulin","floor":13.0,"turns":6.0},{"damage":9.0,"enemies":"2 Fungi Beasts","floor":14.0,"turns":3.0},{"damage":8.0,"enemies":"Hexaghost","floor":16.0,"turns":8.0},{"damage":2.0,"enemies":"Chosen","floor":18.0,"turns":2.0},{"damage":14.0,"enemies":"Spheric Guardian","floor":19.0,"turns":4.0},{"damage":56.0,"enemies":"Gremlin Leader","floor":23.0,"turns":7.0},{"damage":0,"enemies":"Slavers","floor":25,"turns":1},{"damage":55,"enemies":"Gremlin Leader","floor":27,"turns":6}],"seed_played":"2338837900797600283","potions_obtained":[{"floor":1.0,"key":"Energy Potion"},{"floor":6.0,"key":"Regen Potion"},{"floor":10.0,"key":"BlessingOfTheForge"},{"floor":13.0,"key":"SmokeBomb"},{"floor":18.0,"key":"Ancient Potion"}],"is_trial":false,"path_per_floor":["M","M","?","M","M","E","R","$","T","E","?","M","E","M","R","B",null,"M","M","?","?","$","E","R","E","T","E"],"character_chosen":"IRONCLAD","items_purchased":["Feel No Pain"],"campfire_rested":1,"item_purchase_floors":[8],"current_hp_per_floor":[72,75,75,75,67,36,36,36,36,29,29,30,27,24,24,22,67,71,66,66,66,66,16,41,49,49,0],"gold":78,"neow_bonus":"THREE_CARDS","is_prod":false,"is_daily":false,"chose_seed":false,"campfire_upgraded":2,"win_rate":0,"timestamp":1632162474,"path_taken":["M","M","?","M","M","E","R","?","T","E","?","M","E","?","R","BOSS","M","M","?","?","$","E","R","E","T","E"],"build_version":"2020-12-22","purchased_purges":2,"victory":false,"max_hp_per_floor":[75,75,75,75,75,75,75,75,75,82,82,82,82,82,82,82,82,82,85,85,85,85,85,85,85,85,85],"card_choices":[{"not_picked":["Thunderclap","Spot Weakness"],"picked":"Clothesline","floor":0.0},{"not_picked":["Dual Wield","Perfected Strike"],"picked":"Reckless Charge","floor":1.0},{"not_picked":["Spot Weakness","Heavy Blade"],"picked":"Inflame","floor":2.0},{"not_picked":["Battle Trance","Blood for Blood"],"picked":"Sword Boomerang","floor":4.0},{"not_picked":["Headbutt","Power Through"],"picked":"Hemokinesis","floor":5.0},{"not_picked":["True Grit","Blood for Blood"],"picked":"Corruption","floor":6.0},{"not_picked":["Rage","Blood for Blood"],"picked":"Sentinel","floor":10.0},{"not_picked":["Iron Wave","Body Slam"],"picked":"Pommel Strike","floor":12.0},{"not_picked":["Combust","Perfected Strike"],"picked":"Demon Form","floor":13.0},{"not_picked":["True Grit","Clothesline","Armaments"],"picked":"Sentinel","floor":14.0},{"not_picked":["Immolate","Barricade","Juggernaut"],"picked":"Feed","floor":16.0},{"not_picked":["Wild Strike","True Grit","Twin Strike+1"],"picked":"Ghostly Armor","floor":18.0},{"not_picked":["Flex","Dropkick","Perfected Strike"],"picked":"Uppercut+1","floor":19.0},{"not_picked":["Bloodletting","Body Slam","Twin Strike"],"picked":"Power Through","floor":23.0}],"player_experience":896782,"relics_obtained":[{"floor":6.0,"key":"HornCleat"},{"floor":9.0,"key":"Singing Bowl"},{"floor":10.0,"key":"Strawberry"},{"floor":13.0,"key":"Question Card"},{"floor":23.0,"key":"Blood Vial"},{"floor":26,"key":"Smiling Mask"}],"event_choices":[{"cards_removed":["Reckless Charge"],"damage_healed":0.0,"max_hp_gain":0.0,"max_hp_loss":0.0,"gold_gain":0.0,"event_name":"WeMeetAgain","player_choice":"Gave Card","floor":3.0,"gold_loss":0.0,"damage_taken":0.0,"relics_obtained":["Mummified Hand"]},{"damage_healed":0.0,"max_hp_gain":0.0,"max_hp_loss":0.0,"gold_gain":0.0,"event_name":"Liars Game","player_choice":"Ignored","floor":11.0,"gold_loss":0.0,"damage_taken":0.0},{"damage_healed":0.0,"max_hp_gain":0.0,"max_hp_loss":0.0,"gold_gain":0.0,"event_name":"Forgotten Altar","player_choice":"Smashed Altar","floor":20.0,"gold_loss":0.0,"damage_taken":0.0,"cards_obtained":["Decay"]},{"cards_removed":["Decay"],"damage_healed":0.0,"max_hp_gain":0.0,"max_hp_loss":0.0,"gold_gain":0.0,"event_name":"Designer","player_choice":"Upgrade and Remove","floor":21.0,"gold_loss":110.0,"damage_taken":0.0,"cards_upgraded":["Feed"]}],"is_beta":false,"boss_relics":[{"not_picked":["SlaversCollar","Sozu"],"picked":"Philosopher\u0027s Stone"}],"items_purged_floors":[8,22],"is_endless":false,"potions_floor_spawned":[1,6,10,12,13,18,19],"killed_by":"Gremlin Leader","ascension_level":20}