{"gold_per_floor":[115,115,127,127,138,138,169,188,188,198,233,233,244,260,260,333,333,350,370,370,381,74,74],"floor_reached":23,"playtime":2633,"items_purged":["Strike_R"],"score":410,"play_id":"f7843915-b8c5-4e1a-afdf-8188d5cad6b1","local_time":"20210919134202","is_ascension_mode":true,"campfire_choices":[{"data":"Perfected Strike","floor":6,"key":"SMITH"},{"data":"True Grit","floor":12,"key":"SMITH"},{"data":"Armaments","floor":15,"key":"SMITH"}],"neow_cost":"NONE","seed_source_timestamp":214194333237000,"circlet_count":0,"master_deck":["AscendersBane","Strike_R+1","Strike_R","Strike_R","Strike_R","Defend_R+1","Defend_R","Defend_R","Defend_R","Bash+1","Perfected Strike+1","True Grit+1","Twin Strike","Shockwave","Armaments+1","Impervious","Cleave","Inflame","Power Through","Warcry+1","Fiend Fire","Disarm"],"relics":["Burning Blood","Bag of Preparation","Singing Bowl","Ginger","Runic Dome"],"potions_floor_usage":[4,7,11,16],"damage_taken":[{"damage":2,"enemies":"Jaw Worm","floor":1,"turns":3},{"damage":0,"enemies":"2 Louse","floor":3,"turns":4},{"damage":1,"enemies":"Cultist","floor":5,"turns":3},{"damage":19,"enemies":"3 Sentries","floor":7,"turns":8},{"damage":20,"enemies":"Large Slime","floor":8,"turns":8},{"damage":1,"enemies":"3 Louse","floor":10,"turns":4},{"damage":8,"enemies":"Gremlin Nob","floor":11,"turns":3},{"damage":5,"enemies":"Blue Slaver","floor":13,"turns":3},{"damage":8,"enemies":"Lots of Slimes","floor":14,"turns":4},{"damage":26,"enemies":"The Guardian","floor":16,"turns":12},{"damage":10,"enemies":"Chosen","floor":18,"turns":6},{"damage":27,"enemies":"Spheric Guardian","floor":19,"turns":6},{"damage":0,"enemies":"Centurion and Healer","floor":21,"turns":5},{"damage":50,"enemies":"Gremlin Leader","floor":23,"turns":7}],"seed_played":"4551336134510331734","potions_obtained":[{"floor":1,"key":"Explosive Potion"},{"floor":4,"key":"BloodPotion"},{"floor":4,"key":"AttackPotion"},{"floor":8,"key":"LiquidBronze"},{"floor":11,"key":"FearPotion"}],"is_trial":false,"path_per_floor":["M","?","M","?","M","R","E","M","T","M","E","R","M","M","R","B",null,"M","M","?","M","$","E"],"character_chosen":"IRONCLAD","items_purchased":["Fiend Fire","Disarm"],"campfire_rested":0,"item_purchase_floors":[22,22],"current_hp_per_floor":[72,49,55,70,75,75,62,48,48,53,53,53,56,54,54,34,68,64,43,43,49,49,0],"gold":74,"neow_bonus":"UPGRADE_CARD","is_prod":false,"is_daily":false,"chose_seed":false,"campfire_upgraded":3,"win_rate":0,"timestamp":1632073322,"path_taken":["M","?","M","?","M","R","E","M","T","M","E","R","?","M","R","BOSS","M","M","?","M","$","E"],"build_version":"2020-12-22","purchased_purges":1,"victory":false,"max_hp_per_floor":[75,75,75,75,75,75,75,75,75,75,77,77,79,79,79,79,79,79,79,79,79,79,79],"card_choices":[{"not_picked":["Sentinel","Armaments","Thunderclap"],"picked":"SKIP","floor":1},{"not_picked":["Heavy Blade","Armaments","Blood for Blood"],"picked":"SKIP","floor":3},{"not_picked":["Cleave","Clash"],"picked":"Perfected Strike","floor":5},{"not_picked":["Clothesline","Wild Strike"],"picked":"True Grit","floor":7},{"not_picked":["Barricade","Body Slam"],"picked":"Twin Strike","floor":8},{"not_picked":["Sword Boomerang","Heavy Blade"],"picked":"Shockwave","floor":10},{"not_picked":["Pummel","Berserk","Anger"],"picked":"Singing Bowl","floor":11},{"not_picked":["Body Slam","Sentinel","Perfected Strike"],"picked":"Singing Bowl","floor":13},{"not_picked":["Body Slam","Thunderclap"],"picked":"Armaments","floor":14},{"not_picked":["Bludgeon","Barricade"],"picked":"Impervious","floor":16},{"not_picked":["Reckless Charge","Headbutt"],"picked":"Cleave","floor":18},{"not_picked":["Evolve","Hemokinesis"],"picked":"Inflame","floor":19},{"not_picked":["Armaments","Reckless Charge"],"picked":"Warcry+1","floor":21}],"player_experience":881226,"relics_obtained":[{"floor":7,"key":"Bag of Preparation"},{"floor":9,"key":"Singing Bowl"},{"floor":11,"key":"Ginger"}],"event_choices":[{"damage_healed":0,"gold_gain":0,"player_choice":"Entered Light","damage_taken":23,"max_hp_gain":0,"max_hp_loss":0,"event_name":"Shining Light","floor":2,"gold_loss":0,"cards_upgraded":["Strike_R","Defend_R"]},{"damage_healed":0,"gold_gain":0,"player_choice":"Got Potions","damage_taken":0,"max_hp_gain":0,"max_hp_loss":0,"event_name":"Lab","floor":4,"gold_loss":0},{"damage_healed":0,"gold_gain":0,"player_choice":"Read","damage_taken":0,"max_hp_gain":0,"max_hp_loss":0,"event_name":"The Library","floor":20,"gold_loss":0,"cards_obtained":["Power Through"]}],"is_beta":false,"boss_relics":[{"not_picked":["SacredBark","Black Blood"],"picked":"Runic Dome"}],"items_purged_floors":[22],"is_endless":false,"potions_floor_spawned":[1,8,10,11,13],"killed_by":"Gremlin Leader","ascension_level":20}