{"gold_per_floor":[111,125,50,0,13,13,41,52,102,130,143,143,163,196,196,272,272,287,287,306,306,337,337],"floor_reached":23,"playtime":1214,"items_purged":["Strike_R"],"score":422,"play_id":"273117ad-015e-43e6-b33f-594bb443d94c","local_time":"20210919141057","is_ascension_mode":true,"campfire_choices":[{"data":"Whirlwind","floor":6,"key":"SMITH"},{"data":"Uppercut","floor":12,"key":"SMITH"},{"data":"Hemokinesis","floor":15,"key":"SMITH"}],"neow_cost":"NONE","seed_source_timestamp":217349052273300,"circlet_count":0,"master_deck":["AscendersBane","Strike_R+1","Strike_R+1","Defend_R+1","Defend_R+1","Defend_R+1","Defend_R+1","Bash","Whirlwind+1","Cleave","Reckless Charge","Seeing Red","Hemokinesis+1","Ghostly Armor","Uppercut+1","Bloodletting","Evolve","Reaper","Shrug It Off","Whirlwind","Sword Boomerang","Impervious"],"relics":["Burning Blood","NeowsBlessing","The Courier","Regal Pillow","Nunchaku","Incense Burner","Happy Flower","Coffee Dripper","Red Mask"],"potions_floor_usage":[7,10,14,16,18,22,23],"damage_taken":[{"damage":0,"enemies":"Cultist","floor":1,"turns":1},{"damage":0,"enemies":"Jaw Worm","floor":2,"turns":1},{"damage":0,"enemies":"2 Louse","floor":5,"turns":1},{"damage":32,"enemies":"Gremlin Nob","floor":7,"turns":4},{"damage":3,"enemies":"Blue Slaver","floor":8,"turns":3},{"damage":15,"enemies":"3 Sentries","floor":10,"turns":3},{"damage":2,"enemies":"3 Louse","floor":11,"turns":4},{"damage":15,"enemies":"Exordium Thugs","floor":13,"turns":4},{"damage":8,"enemies":"Gremlin Nob","floor":14,"turns":3},{"damage":24,"enemies":"Slime Boss","floor":16,"turns":8},{"damage":26,"enemies":"Spheric Guardian","floor":18,"turns":4},{"damage":6,"enemies":"Chosen","floor":20,"turns":4},{"damage":30,"enemies":"Masked Bandits","floor":22,"turns":6},{"damage":58,"enemies":"Gremlin Leader","floor":23,"turns":6}],"seed_played":"4534374685488860396","potions_obtained":[{"floor":1,"key":"BlessingOfTheForge"},{"floor":2,"key":"DistilledChaos"},{"floor":8,"key":"SkillPotion"},{"floor":11,"key":"Weak Potion"},{"floor":14,"key":"AttackPotion"},{"floor":16,"key":"ElixirPotion"},{"floor":20,"key":"SkillPotion"},{"floor":22,"key":"SteroidPotion"}],"is_trial":false,"path_per_floor":["M","M","$","?","M","R","E","M","T","E","M","R","M","E","R","B",null,"M","?","M","?","?","E"],"character_chosen":"IRONCLAD","items_purchased":[],"campfire_rested":0,"item_purchase_floors":[],"current_hp_per_floor":[74,75,75,75,75,75,49,52,52,43,47,47,38,36,36,18,61,41,41,47,47,29,0],"gold":337,"neow_bonus":"THREE_ENEMY_KILL","is_prod":false,"is_daily":false,"chose_seed":false,"campfire_upgraded":3,"win_rate":0,"timestamp":1632075057,"path_taken":["M","M","$","?","M","R","E","M","T","E","M","R","M","E","R","BOSS","M","?","M","?","?","E"],"build_version":"2020-12-22","purchased_purges":1,"victory":false,"max_hp_per_floor":[75,75,75,75,75,75,75,75,75,75,75,75,75,75,75,75,75,75,75,75,75,75,75],"card_choices":[{"not_picked":["Pummel","Feel No Pain"],"picked":"Whirlwind","floor":1},{"not_picked":["Wild Strike","Havoc"],"picked":"Cleave","floor":2},{"not_picked":["Barricade","Combust"],"picked":"Reckless Charge","floor":5},{"not_picked":["Heavy Blade","Blood for Blood"],"picked":"Seeing Red","floor":7},{"not_picked":["Flame Barrier","Thunderclap"],"picked":"Hemokinesis","floor":8},{"not_picked":["Iron Wave","Twin Strike"],"picked":"Ghostly Armor","floor":10},{"not_picked":["Body Slam","Power Through"],"picked":"Uppercut","floor":11},{"not_picked":["Wild Strike","True Grit"],"picked":"Bloodletting","floor":13},{"not_picked":["Feel No Pain","Havoc"],"picked":"Evolve","floor":14},{"not_picked":["Feed","Barricade"],"picked":"Reaper","floor":16},{"not_picked":["Twin Strike","Sentinel+1"],"picked":"Shrug It Off","floor":18},{"not_picked":["Flex","Thunderclap","Carnage"],"picked":"SKIP","floor":20},{"not_picked":["Armaments","Combust"],"picked":"Impervious","floor":22}],"player_experience":884357,"relics_obtained":[{"floor":7,"key":"Regal Pillow"},{"floor":9,"key":"Nunchaku"},{"floor":10,"key":"Incense Burner"},{"floor":14,"key":"Happy Flower"},{"floor":22,"key":"Red Mask"}],"event_choices":[{"damage_healed":0,"gold_gain":0,"player_choice":"Paid Gold","damage_taken":0,"relics_obtained":["The Courier"],"max_hp_gain":0,"max_hp_loss":0,"event_name":"WeMeetAgain","floor":4,"gold_loss":50},{"damage_healed":0,"gold_gain":0,"cards_transformed":["Strike_R","Strike_R"],"player_choice":"Became Test Subject","damage_taken":0,"max_hp_gain":0,"max_hp_loss":0,"event_name":"Drug Dealer","floor":19,"gold_loss":0,"cards_obtained":["Whirlwind","Sword Boomerang"]},{"damage_healed":0,"gold_gain":0,"player_choice":"Simplicity","damage_taken":0,"max_hp_gain":0,"max_hp_loss":0,"event_name":"Back to Basics","floor":21,"gold_loss":0,"cards_upgraded":["Strike_R","Strike_R","Defend_R","Defend_R","Defend_R","Defend_R"]},{"damage_healed":0,"gold_gain":0,"player_choice":"Fought Bandits","damage_taken":0,"max_hp_gain":0,"max_hp_loss":0,"event_name":"Masked Bandits","floor":22,"gold_loss":0}],"is_beta":false,"boss_relics":[{"not_picked":["Astrolabe","Tiny House"],"picked":"Coffee Dripper"}],"items_purged_floors":[3],"is_endless":false,"potions_floor_spawned":[1,2,8,11,14,16,20,22],"killed_by":"Gremlin Leader","ascension_level":20}