{"gold_per_floor":[17,17,31,54,68,68,102,102,102,102,126,126,126,157,157,253,253,277,30,30,53,66,66,66],"floor_reached":24,"playtime":1038,"items_purged":["Strike_R"],"score":512,"play_id":"63b26cc1-2eb0-4753-a0bf-7cc97a3a5788","local_time":"20210919143004","is_ascension_mode":true,"campfire_choices":[{"data":"Wild Strike","floor":6,"key":"SMITH"},{"data":"Bash","floor":8,"key":"SMITH"},{"data":"Dropkick","floor":10,"key":"SMITH"},{"floor":13,"key":"REST"},{"data":"Fire Breathing","floor":15,"key":"SMITH"},{"data":"Feel No Pain","floor":23,"key":"SMITH"}],"neow_cost":"NO_GOLD","seed_source_timestamp":218672350664000,"circlet_count":0,"master_deck":["AscendersBane","Strike_R","Defend_R","Defend_R","Defend_R","Defend_R","Bash+1","Dropkick+1","Wild Strike+1","Fire Breathing+1","Cleave","Corruption","Feel No Pain+1","Spot Weakness","Flame Barrier"],"relics":["Burning Blood","Golden Idol","Boot","Singing Bowl","FossilizedHelix","Philosopher\u0027s Stone","Anchor"],"potions_floor_usage":[7,14,16,21,24],"damage_taken":[{"damage":8,"enemies":"Small Slimes","floor":1,"turns":7},{"damage":9,"enemies":"Jaw Worm","floor":3,"turns":4},{"damage":1,"enemies":"2 Louse","floor":4,"turns":4},{"damage":39,"enemies":"Exordium Thugs","floor":5,"turns":5},{"damage":25,"enemies":"3 Sentries","floor":7,"turns":5},{"damage":9,"enemies":"Red Slaver","floor":11,"turns":3},{"damage":8,"enemies":"Gremlin Nob","floor":14,"turns":3},{"damage":0,"enemies":"Slime Boss","floor":16,"turns":6},{"damage":25,"enemies":"Shell Parasite","floor":18,"turns":5},{"damage":12,"enemies":"Spheric Guardian","floor":21,"turns":4},{"damage":18,"enemies":"Centurion and Healer","floor":22,"turns":5},{"damage":41,"enemies":"Book of Stabbing","floor":24,"turns":5}],"seed_played":"938424212836742311","potions_obtained":[{"floor":4,"key":"BloodPotion"},{"floor":5,"key":"FearPotion"},{"floor":7,"key":"GamblersBrew"},{"floor":16,"key":"BlessingOfTheForge"},{"floor":18,"key":"Regen Potion"}],"is_trial":false,"path_per_floor":["M","?","M","M","M","R","E","R","T","R","M","?","R","E","R","B",null,"M","$","?","M","M","R","E"],"character_chosen":"IRONCLAD","items_purchased":["Anchor"],"campfire_rested":1,"item_purchase_floors":[19],"current_hp_per_floor":[66,66,63,68,35,35,29,29,29,29,28,21,42,40,40,46,64,45,45,45,51,39,39,0],"gold":66,"neow_bonus":"REMOVE_TWO","is_prod":false,"is_daily":false,"chose_seed":false,"campfire_upgraded":5,"win_rate":0,"timestamp":1632076204,"path_taken":["M","?","M","M","M","R","E","R","T","R","M","?","R","E","R","BOSS","M","$","?","M","M","R","E"],"build_version":"2020-12-22","purchased_purges":1,"victory":false,"max_hp_per_floor":[75,68,68,68,68,68,68,68,68,68,70,70,70,70,70,70,70,70,70,70,70,70,70,70],"card_choices":[{"not_picked":["True Grit","Battle Trance"],"picked":"Dropkick","floor":1},{"not_picked":["Warcry","Clash"],"picked":"Wild Strike","floor":3},{"not_picked":["Body Slam","Sever Soul","Infernal Blade"],"picked":"SKIP","floor":4},{"not_picked":["Disarm","Rupture"],"picked":"Fire Breathing","floor":5},{"not_picked":["Fire Breathing","Flex","Dual Wield"],"picked":"SKIP","floor":7},{"not_picked":["Body Slam","Perfected Strike","Havoc"],"picked":"Singing Bowl","floor":11},{"not_picked":["Flex","Carnage"],"picked":"Cleave","floor":14},{"not_picked":["Berserk","Demon Form"],"picked":"Corruption","floor":16},{"not_picked":["Rupture","Carnage"],"picked":"Feel No Pain","floor":18},{"not_picked":["Body Slam","Headbutt"],"picked":"Spot Weakness","floor":21},{"not_picked":["Iron Wave","Sever Soul"],"picked":"Flame Barrier","floor":22}],"player_experience":885571,"relics_obtained":[{"floor":7,"key":"Boot"},{"floor":9,"key":"Singing Bowl"},{"floor":14,"key":"FossilizedHelix"}],"event_choices":[{"damage_healed":0,"gold_gain":0,"player_choice":"Lose Max HP","damage_taken":0,"relics_obtained":["Golden Idol"],"max_hp_gain":0,"max_hp_loss":7,"event_name":"Golden Idol","floor":2,"gold_loss":0},{"cards_removed":["Strike_R"],"damage_healed":0,"gold_gain":0,"player_choice":"Card Removal","damage_taken":7,"max_hp_gain":0,"max_hp_loss":0,"event_name":"Golden Wing","floor":12,"gold_loss":0},{"damage_healed":0,"gold_gain":0,"player_choice":"Ignored","damage_taken":0,"max_hp_gain":0,"max_hp_loss":0,"event_name":"Cursed Tome","floor":20,"gold_loss":0}],"is_beta":false,"boss_relics":[{"not_picked":["SlaversCollar","Tiny House"],"picked":"Philosopher\u0027s Stone"}],"items_purged_floors":[19],"is_endless":false,"potions_floor_spawned":[4,5,7,16,18],"killed_by":"Book of Stabbing","ascension_level":20}