{"gold_per_floor":[115,115,129,145,164,199,211,211,211,238,109,119,136,168,168,168],"floor_reached":16,"playtime":1725,"items_purged":["Strike_R"],"score":323,"play_id":"30e5df0c-eee1-4d3c-aa77-251ec1c6ce20","local_time":"20210918210202","is_ascension_mode":true,"campfire_choices":[{"data":"Carnage","floor":8,"key":"SMITH"},{"data":"Clothesline","floor":15,"key":"SMITH"}],"neow_cost":"NONE","seed_source_timestamp":155103624972200,"circlet_count":0,"master_deck":["AscendersBane","Strike_R","Strike_R+1","Strike_R+1","Defend_R","Defend_R","Defend_R","Defend_R","Bash","Feed","Pommel Strike","Clothesline+1","Carnage+1","Corruption","Bloodletting"],"relics":["Burning Blood","Bronze Scales","InkBottle","Incense Burner"],"potions_floor_usage":[10,16,16],"damage_taken":[{"damage":4,"enemies":"Jaw Worm","floor":1,"turns":4},{"damage":5,"enemies":"2 Louse","floor":3,"turns":3},{"damage":2,"enemies":"Cultist","floor":4,"turns":4},{"damage":9,"enemies":"Red Slaver","floor":5,"turns":4},{"damage":32,"enemies":"Gremlin Nob","floor":6,"turns":4},{"damage":10,"enemies":"Exordium Thugs","floor":7,"turns":3},{"damage":0,"enemies":"3 Sentries","floor":10,"turns":7},{"damage":5,"enemies":"Blue Slaver","floor":12,"turns":3},{"damage":3,"enemies":"2 Fungi Beasts","floor":13,"turns":4},{"damage":32,"enemies":"Gremlin Nob","floor":14,"turns":4},{"damage":32,"enemies":"The Guardian","floor":16,"turns":10}],"seed_played":"-7234248576214994702","potions_obtained":[{"floor":3,"key":"Swift Potion"},{"floor":5,"key":"HeartOfIron"}],"is_trial":false,"path_per_floor":["M","?","M","M","M","E","M","R","T","E","$","M","M","E","R","B"],"character_chosen":"IRONCLAD","items_purchased":["BlessingOfTheForge"],"campfire_rested":0,"item_purchase_floors":[11],"current_hp_per_floor":[73,50,54,61,61,38,37,37,37,46,46,50,56,30,30,0],"gold":168,"neow_bonus":"TRANSFORM_CARD","is_prod":false,"is_daily":false,"chose_seed":false,"campfire_upgraded":2,"win_rate":0,"timestamp":1632013322,"path_taken":["M","?","M","M","M","E","M","R","T","E","$","M","M","E","R","BOSS"],"build_version":"2020-12-22","purchased_purges":1,"victory":false,"max_hp_per_floor":[78,78,81,84,87,90,93,93,93,96,96,99,102,102,102,102],"card_choices":[{"not_picked":["Thunderclap","Flex"],"picked":"Pommel Strike","floor":1},{"not_picked":["Thunderclap","Flex"],"picked":"Clothesline","floor":4},{"not_picked":["Clothesline","Thunderclap"],"picked":"Carnage","floor":5},{"not_picked":["Iron Wave","Sword Boomerang"],"picked":"Corruption","floor":6},{"not_picked":["Heavy Blade","Hemokinesis","Headbutt"],"picked":"SKIP","floor":7},{"not_picked":["Hemokinesis","Twin Strike","Wild Strike"],"picked":"SKIP","floor":10},{"not_picked":["Headbutt","Brutality","Anger"],"picked":"SKIP","floor":12},{"not_picked":["Pommel Strike","Combust","Wild Strike"],"picked":"SKIP","floor":13},{"not_picked":["Whirlwind","Flex"],"picked":"Bloodletting","floor":14}],"player_experience":874907,"relics_obtained":[{"floor":6,"key":"Bronze Scales"},{"floor":9,"key":"InkBottle"},{"floor":10,"key":"Incense Burner"}],"event_choices":[{"damage_healed":0,"gold_gain":0,"player_choice":"Entered Light","damage_taken":23,"max_hp_gain":0,"max_hp_loss":0,"event_name":"Shining Light","floor":2,"gold_loss":0,"cards_upgraded":["Strike_R","Strike_R"]}],"is_beta":false,"boss_relics":[],"items_purged_floors":[11],"is_endless":false,"potions_floor_spawned":[3,5,6,7,13],"killed_by":"The Guardian","ascension_level":20}