{"gold_per_floor":[118,129,141,141,141,174,174,44,123,93,111,138,151,181,181,258,258,273,299,317,49,49,77,87,87],"floor_reached":25,"playtime":2072,"items_purged":["Strike_R","Anger"],"score":482,"play_id":"6add488d-ad5d-4237-933f-27829459adf3","local_time":"20210918200129","is_ascension_mode":true,"campfire_choices":[{"floor":7.0,"key":"REST"},{"data":"Armaments","floor":15.0,"key":"SMITH"}],"neow_cost":"NONE","seed_source_timestamp":151083745537800,"circlet_count":0,"master_deck":["AscendersBane","Strike_R","Strike_R","Defend_R","Defend_R","Defend_R","Defend_R","Bash","Searing Blow","Cleave","Disarm","Inflame","Pommel Strike","Battle Trance","Clothesline","Armaments+1","Offering","Offering","Heavy Blade","Spot Weakness","Sword Boomerang+1"],"special_seed":0,"relics":["Burning Blood","Centennial Puzzle","Omamori","Ornamental Fan","Pantograph","Art of War","Snecko Eye","Blood Vial","ClockworkSouvenir","Smiling Mask"],"potions_floor_usage":[20,23,24],"damage_taken":[{"damage":7.0,"enemies":"2 Louse","floor":1.0,"turns":4.0},{"damage":14.0,"enemies":"Jaw Worm","floor":2.0,"turns":4.0},{"damage":1.0,"enemies":"Cultist","floor":3.0,"turns":3.0},{"damage":40.0,"enemies":"3 Sentries","floor":6.0,"turns":7.0},{"damage":10.0,"enemies":"Exordium Thugs","floor":11.0,"turns":4.0},{"damage":8.0,"enemies":"Lagavulin","floor":12.0,"turns":4.0},{"damage":0.0,"enemies":"Large Slime","floor":13.0,"turns":4.0},{"damage":29.0,"enemies":"3 Sentries","floor":14.0,"turns":5.0},{"damage":35,"enemies":"The Guardian","floor":16,"turns":11},{"damage":13,"enemies":"Spheric Guardian","floor":18,"turns":4},{"damage":15,"enemies":"3 Byrds","floor":20,"turns":5},{"damage":32,"enemies":"Slavers","floor":23,"turns":3},{"damage":13,"enemies":"Centurion and Healer","floor":24,"turns":4},{"damage":22,"enemies":"Book of Stabbing","floor":25,"turns":4}],"seed_played":"-7864400163454074706","potions_obtained":[{"floor":10.0,"key":"SteroidPotion"},{"floor":12.0,"key":"Dexterity Potion"},{"floor":14.0,"key":"Weak Potion"},{"floor":16,"key":"Strength Potion"},{"floor":18,"key":"AttackPotion"},{"floor":20,"key":"ColorlessPotion"}],"is_trial":false,"path_per_floor":["M","M","M","?","?","E","R","$","T","?","M","E","M","E","R","B",null,"M","T","M","$","?","E","M","E"],"character_chosen":"IRONCLAD","items_purchased":["PowerPotion","ClockworkSouvenir"],"campfire_rested":1,"item_purchase_floors":[8,21],"current_hp_per_floor":[67,59,64,64,59,25,47,47,47,47,43,41,47,24,24,20,61,54,54,47,47,47,23,18,0],"gold":87,"neow_bonus":"TRANSFORM_CARD","is_prod":false,"is_daily":false,"chose_seed":false,"campfire_upgraded":1,"win_rate":0,"timestamp":1632009689,"path_taken":["M","M","M","?","?","E","R","$","T","?","M","E","M","E","R","BOSS","M","?","M","?","?","E","M","E"],"build_version":"2020-12-22","purchased_purges":2,"victory":false,"max_hp_per_floor":[75,75,75,75,75,75,75,75,75,75,75,75,75,75,75,75,75,75,75,75,75,75,75,75,75],"card_choices":[{"not_picked":["Sword Boomerang","True Grit"],"picked":"Cleave","floor":1.0},{"not_picked":["Dropkick","Infernal Blade"],"picked":"Anger","floor":2.0},{"not_picked":["Cleave","Whirlwind"],"picked":"Disarm","floor":3.0},{"not_picked":["Exhume","Rage"],"picked":"Pommel Strike","floor":6.0},{"not_picked":["Havoc","Flex"],"picked":"Battle Trance","floor":11.0},{"not_picked":["Second Wind","Entrench"],"picked":"Clothesline","floor":12.0},{"not_picked":["Havoc","Warcry"],"picked":"Armaments","floor":13.0},{"not_picked":["Dropkick","Shockwave"],"picked":"Offering","floor":14.0},{"not_picked":["Berserk","Fiend Fire"],"picked":"Offering","floor":16},{"not_picked":["Rage","Twin Strike","Bloodletting"],"picked":"SKIP","floor":18},{"not_picked":["Dropkick","Carnage"],"picked":"Heavy Blade","floor":20},{"not_picked":["Searing Blow","Anger+1"],"picked":"Sword Boomerang+1","floor":23},{"not_picked":["Thunderclap+1","Pommel Strike","Sentinel"],"picked":"SKIP","floor":24}],"player_experience":871827,"relics_obtained":[{"floor":6.0,"key":"Omamori"},{"floor":9.0,"key":"Ornamental Fan"},{"floor":12.0,"key":"Pantograph"},{"floor":14.0,"key":"Art of War"},{"floor":19,"key":"Blood Vial"},{"floor":23,"key":"Smiling Mask"}],"event_choices":[{"damage_healed":0.0,"max_hp_gain":0.0,"max_hp_loss":0.0,"gold_gain":0.0,"cards_transformed":["Strike_R"],"event_name":"Living Wall","player_choice":"Change","floor":4.0,"gold_loss":0.0,"damage_taken":0.0,"cards_obtained":["Inflame"]},{"damage_healed":0.0,"max_hp_gain":0.0,"max_hp_loss":0.0,"gold_gain":0.0,"event_name":"Scrap Ooze","player_choice":"Success","floor":5.0,"gold_loss":0.0,"damage_taken":5.0,"relics_obtained":["Centennial Puzzle"]},{"damage_healed":0.0,"max_hp_gain":0.0,"max_hp_loss":0.0,"gold_gain":0.0,"event_name":"The Woman in Blue","player_choice":"Bought 2 Potions","floor":10.0,"gold_loss":0.0,"damage_taken":0.0},{"damage_healed":0,"gold_gain":0,"player_choice":"Read","damage_taken":0,"max_hp_gain":0,"max_hp_loss":0,"event_name":"The Library","floor":22,"gold_loss":0,"cards_obtained":["Spot Weakness"]}],"is_beta":false,"boss_relics":[{"not_picked":["Mark of Pain","Black Star"],"picked":"Snecko Eye"}],"items_purged_floors":[8,21],"is_endless":false,"potions_floor_spawned":[11,12,14,16,18,20],"killed_by":"Book of Stabbing","ascension_level":20}