{"gold_per_floor":[115,142,159,209,220,220,145,145,145,180,195,226,254,254,254,254],"floor_reached":16,"playtime":630,"items_purged":[],"score":216,"play_id":"6a6a37ae-46b3-4cc6-bc8b-5e4b68774912","local_time":"20210919155626","is_ascension_mode":true,"campfire_choices":[{"data":"Perfected Strike","floor":6,"key":"SMITH"},{"data":"Pommel Strike","floor":8,"key":"SMITH"},{"data":"Perfected Strike","floor":15,"key":"SMITH"}],"neow_cost":"NONE","seed_source_timestamp":224262414825700,"circlet_count":0,"master_deck":["AscendersBane","Strike_R","Strike_R","Strike_R","Strike_R","Defend_R","Defend_R","Defend_R","Defend_R","Bash","Perfected Strike+1","Pommel Strike+1","Thunderclap","Flame Barrier","Armaments+1","Evolve","Perfected Strike+1"],"relics":["Burning Blood","NeowsBlessing","Lantern","Ice Cream","HornCleat","Singing Bowl","Odd Mushroom"],"potions_floor_usage":[],"damage_taken":[{"damage":0,"enemies":"Cultist","floor":1,"turns":1},{"damage":0,"enemies":"Small Slimes","floor":3,"turns":1},{"damage":0,"enemies":"2 Louse","floor":5,"turns":1},{"damage":8,"enemies":"Gremlin Nob","floor":10,"turns":3},{"damage":1,"enemies":"2 Fungi Beasts","floor":11,"turns":3},{"damage":30,"enemies":"3 Sentries","floor":12,"turns":9},{"damage":4,"enemies":"The Mushroom Lair","floor":13,"turns":4},{"damage":59,"enemies":"Hexaghost","floor":16,"turns":10}],"seed_played":"-227186365431485341","potions_obtained":[{"floor":3,"key":"SpeedPotion"},{"floor":11,"key":"LiquidBronze"},{"floor":12,"key":"BlessingOfTheForge"}],"is_trial":false,"path_per_floor":["M","T","M","?","M","R","?","R","T","E","M","E","?","?","R","B"],"character_chosen":"IRONCLAD","items_purchased":[],"campfire_rested":0,"item_purchase_floors":[],"current_hp_per_floor":[74,74,75,68,74,74,74,74,74,72,75,51,53,53,53,0],"gold":254,"neow_bonus":"THREE_ENEMY_KILL","is_prod":false,"is_daily":false,"chose_seed":false,"campfire_upgraded":3,"win_rate":0,"timestamp":1632081386,"path_taken":["M","?","M","?","?","R","?","R","T","E","M","E","?","?","R","BOSS"],"build_version":"2020-12-22","purchased_purges":0,"victory":false,"max_hp_per_floor":[75,75,75,75,75,75,75,75,75,75,75,75,75,75,75,75],"card_choices":[{"not_picked":["Clash","Flex"],"picked":"Perfected Strike","floor":1},{"not_picked":["Intimidate","Ghostly Armor"],"picked":"Pommel Strike","floor":3},{"not_picked":["Rampage","Sword Boomerang"],"picked":"Thunderclap","floor":5},{"not_picked":["Whirlwind","Body Slam"],"picked":"Flame Barrier","floor":10},{"not_picked":["Infernal Blade","Sword Boomerang"],"picked":"Armaments","floor":11},{"not_picked":["Metallicize","Iron Wave"],"picked":"Evolve","floor":12},{"not_picked":["True Grit","Demon Form"],"picked":"Perfected Strike","floor":13}],"player_experience":890970,"relics_obtained":[{"floor":2,"key":"Lantern"},{"floor":9,"key":"Ice Cream"},{"floor":10,"key":"HornCleat"},{"floor":12,"key":"Singing Bowl"},{"floor":13,"key":"Odd Mushroom"}],"event_choices":[{"damage_healed":0,"gold_gain":50,"player_choice":"Touch","damage_taken":7,"max_hp_gain":0,"max_hp_loss":0,"event_name":"FaceTrader","floor":4,"gold_loss":0},{"cards_removed":["Strike_R"],"damage_healed":0,"gold_gain":0,"player_choice":"Card Removal","damage_taken":0,"max_hp_gain":0,"max_hp_loss":0,"event_name":"The Cleric","floor":7,"gold_loss":75},{"damage_healed":0,"gold_gain":0,"player_choice":"Fought Mushrooms","damage_taken":0,"max_hp_gain":0,"max_hp_loss":0,"event_name":"Mushrooms","floor":13,"gold_loss":0},{"damage_healed":0,"gold_gain":0,"player_choice":"Upgraded","damage_taken":0,"max_hp_gain":0,"max_hp_loss":0,"event_name":"Upgrade Shrine","floor":14,"gold_loss":0,"cards_upgraded":["Armaments"]}],"is_beta":false,"boss_relics":[],"items_purged_floors":[],"is_endless":false,"potions_floor_spawned":[3,11,12,13],"killed_by":"Hexaghost","ascension_level":20}