{"gold_per_floor":[117,135,148,73,73,73,98,98,98,113,113,156,177,202,202,283,283,310,319,108,51,74,74,96,124,124,124,153,153,195,120,120,208,208,228,239,292,302,27,27,59,81,90,124,124,135,178,199,199,199,199],"floor_reached":52,"playtime":3560,"items_purged":["Strike_R","Strike_R"],"score":1899,"play_id":"74cb976d-6811-4676-84fe-7097b1c60815","local_time":"20210922125446","is_ascension_mode":true,"campfire_choices":[{"floor":6.0,"key":"REST"},{"data":"Perfected Strike","floor":8.0,"key":"SMITH"},{"floor":11.0,"key":"REST"},{"data":"Havoc","floor":15.0,"key":"SMITH"},{"floor":23.0,"key":"REST"},{"data":"Limit Break","floor":27.0,"key":"SMITH"},{"data":"Havoc","floor":32.0,"key":"SMITH"},{"data":"Thinking Ahead","floor":40.0,"key":"SMITH"},{"data":"Evolve","floor":49,"key":"SMITH"}],"neow_cost":"NONE","seed_source_timestamp":469460297668800,"circlet_count":0,"master_deck":["AscendersBane","Defend_R","Defend_R+1","Defend_R","Defend_R","Bash+1","Demon Form","Perfected Strike+1","Cleave","Headbutt","Havoc+1","Uppercut","Reaper","Havoc+1","Limit Break+1","Headbutt","Necronomicurse","Barricade","Flame Barrier","Shrug It Off","Metallicize+1","Spot Weakness","Reaper","Fiend Fire","Evolve+1","Thinking Ahead+1","Seeing Red","Body Slam","Normality","Feel No Pain","Headbutt","Pummel+1"],"special_seed":0,"relics":["Burning Blood","Lizard Tail","Pocketwatch","CeramicFish","Cursed Key","Necronomicon","Bag of Preparation","Bird Faced Urn","Busted Crown","Champion Belt","StrikeDummy","Prayer Wheel","Orichalcum"],"potions_floor_usage":[50],"damage_taken":[{"damage":2.0,"enemies":"Cultist","floor":1.0,"turns":4.0},{"damage":14.0,"enemies":"Small Slimes","floor":2.0,"turns":3.0},{"damage":19.0,"enemies":"Jaw Worm","floor":3.0,"turns":4.0},{"damage":32.0,"enemies":"Gremlin Nob","floor":7.0,"turns":4.0},{"damage":14.0,"enemies":"Gremlin Gang","floor":10.0,"turns":4.0},{"damage":12.0,"enemies":"Lagavulin","floor":12.0,"turns":6.0},{"damage":8.0,"enemies":"2 Fungi Beasts","floor":13.0,"turns":3.0},{"damage":16.0,"enemies":"Blue Slaver","floor":14.0,"turns":5.0},{"damage":45.0,"enemies":"Slime Boss","floor":16.0,"turns":10.0},{"damage":49.0,"enemies":"3 Byrds","floor":18.0,"turns":6.0},{"damage":25.0,"enemies":"Shell Parasite","floor":22.0,"turns":4.0},{"damage":2.0,"enemies":"Snecko","floor":24.0,"turns":6.0},{"damage":22.0,"enemies":"Chosen and Byrds","floor":25.0,"turns":6.0},{"damage":48.0,"enemies":"Slavers","floor":28.0,"turns":5.0},{"damage":6.0,"enemies":"Gremlin Leader","floor":30.0,"turns":5.0},{"damage":76.0,"enemies":"Automaton","floor":33.0,"turns":9.0},{"damage":40.0,"enemies":"3 Shapes","floor":35.0,"turns":4.0},{"damage":38.0,"enemies":"3 Darklings","floor":36.0,"turns":5.0},{"damage":86.0,"enemies":"2 Orb Walkers","floor":37.0,"turns":5.0},{"damage":21.0,"enemies":"Sphere and 2 Shapes","floor":38.0,"turns":3.0},{"damage":89.0,"enemies":"Reptomancer","floor":41.0,"turns":7.0},{"damage":52,"enemies":"Writhing Mass","floor":42,"turns":5},{"damage":21,"enemies":"Mind Bloom Boss Battle","floor":44,"turns":6},{"damage":71,"enemies":"3 Darklings","floor":46,"turns":6},{"damage":41,"enemies":"Nemesis","floor":47,"turns":5},{"damage":101,"enemies":"4 Shapes","floor":48,"turns":12},{"damage":80,"enemies":"Time Eater","floor":50,"turns":11},{"damage":85,"enemies":"Donu and Deca","floor":51,"turns":7}],"seed_played":"-3511136755126471563","potions_obtained":[{"floor":2.0,"key":"FearPotion"},{"floor":10.0,"key":"SpeedPotion"},{"floor":12.0,"key":"Regen Potion"},{"floor":22.0,"key":"FairyPotion"},{"floor":28.0,"key":"Swift Potion"},{"floor":35.0,"key":"Explosive Potion"},{"floor":44,"key":"Swift Potion"}],"is_trial":false,"path_per_floor":["M","M","M","$","?","R","E","R","T","M","R","E","M","M","R","B",null,"M","?","$","?","M","R","M","M","T","R","E","?","E","?","R","B",null,"M","M","?","M","$","R","E","M","T","?","?","M","E","M","R","B","B",null],"character_chosen":"IRONCLAD","items_purchased":["BloodPotion","ColorlessPotion","Evolve","Thinking Ahead","Seeing Red"],"campfire_rested":3,"item_purchase_floors":[20,20,39,39,39],"current_hp_per_floor":[72,64,51,51,28,50,24,24,24,16,38,32,30,23,23,75,75,36,15,15,15,11,33,49,40,40,40,46,46,75,75,75,75,75,75,75,39,70,70,70,62,75,75,75,71,71,71,71,71,71,71],"gold":199,"neow_bonus":"ONE_RANDOM_RARE_CARD","is_prod":false,"is_daily":false,"chose_seed":false,"campfire_upgraded":6,"win_rate":0,"timestamp":1632329686,"path_taken":["M","M","M","?","?","R","E","R","T","M","R","E","M","M","R","BOSS","M","?","$","?","?","R","M","M","T","R","E","?","E","?","R","BOSS","M","M","?","M","$","R","E","M","T","?","?","?","E","M","R","BOSS","BOSS"],"build_version":"2020-12-22","purchased_purges":2,"victory":true,"max_hp_per_floor":[75,75,75,75,75,75,75,75,75,75,75,75,75,75,75,75,75,75,75,75,75,75,75,75,75,75,75,75,75,75,75,75,75,75,75,75,75,75,75,75,75,75,75,75,71,71,71,71,71,71,71],"card_choices":[{"not_picked":["Flex","Pommel Strike"],"picked":"Perfected Strike","floor":1.0},{"not_picked":["Heavy Blade","Armaments"],"picked":"Cleave","floor":2.0},{"not_picked":["Clash","Rampage"],"picked":"Headbutt","floor":3.0},{"not_picked":["Flex","Thunderclap","Brutality"],"picked":"SKIP","floor":7.0},{"not_picked":["Warcry","Shrug It Off"],"picked":"Havoc","floor":10.0},{"not_picked":["Thunderclap","Burning Pact"],"picked":"Uppercut","floor":12.0},{"not_picked":["Iron Wave","Cleave"],"picked":"Reaper","floor":13.0},{"not_picked":["Pummel","Wild Strike"],"picked":"Havoc","floor":14.0},{"not_picked":["Juggernaut","Demon Form"],"picked":"Limit Break","floor":16.0},{"not_picked":["Fire Breathing","Whirlwind"],"picked":"Headbutt","floor":18.0},{"not_picked":["Entrench","Heavy Blade"],"picked":"Shrug It Off","floor":22.0},{"not_picked":["Iron Wave+1","True Grit"],"picked":"Metallicize+1","floor":24.0},{"not_picked":["Armaments+1","Flex"],"picked":"Spot Weakness","floor":25.0},{"not_picked":["Infernal Blade","True Grit","Combust"],"picked":"SKIP","floor":28.0},{"not_picked":["Perfected Strike","Whirlwind+1"],"picked":"Reaper","floor":30.0},{"not_picked":["Limit Break","Berserk"],"picked":"Fiend Fire","floor":33.0},{"not_picked":["Clothesline+1"],"picked":"SKIP","floor":35.0},{"not_picked":["Flame Barrier"],"picked":"SKIP","floor":36.0},{"not_picked":["Anger+1"],"picked":"SKIP","floor":38.0},{"not_picked":["Anger"],"picked":"SKIP","floor":41.0},{"not_picked":[],"picked":"Body Slam","floor":42},{"not_picked":[],"picked":"Feel No Pain","floor":44},{"not_picked":["Hemokinesis"],"picked":"SKIP","floor":46},{"not_picked":["Cleave"],"picked":"SKIP","floor":46},{"not_picked":[],"picked":"Headbutt","floor":47},{"not_picked":[],"picked":"Pummel+1","floor":48},{"not_picked":["Corruption"],"picked":"SKIP","floor":48}],"player_experience":908578,"relics_obtained":[{"floor":7.0,"key":"Lizard Tail"},{"floor":9.0,"key":"Pocketwatch"},{"floor":12.0,"key":"CeramicFish"},{"floor":19.0,"key":"Necronomicon"},{"floor":28.0,"key":"Bag of Preparation"},{"floor":30.0,"key":"Bird Faced Urn"},{"floor":37.0,"key":"Champion Belt"},{"floor":41.0,"key":"StrikeDummy"},{"floor":44,"key":"Prayer Wheel"},{"floor":47,"key":"Orichalcum"}],"event_choices":[{"damage_healed":0.0,"max_hp_gain":0.0,"max_hp_loss":0.0,"gold_gain":0.0,"event_name":"Shining Light","player_choice":"Entered Light","floor":5.0,"gold_loss":0.0,"damage_taken":23.0,"cards_upgraded":["Bash","Defend_R"]},{"damage_healed":0.0,"max_hp_gain":0.0,"max_hp_loss":0.0,"gold_gain":0.0,"event_name":"Cursed Tome","player_choice":"Obtained Book","floor":19.0,"gold_loss":0.0,"damage_taken":21.0},{"damage_healed":0.0,"max_hp_gain":0.0,"max_hp_loss":0.0,"gold_gain":0.0,"cards_transformed":["Strike_R","Strike_R"],"event_name":"Designer","player_choice":"Transformed Cards","floor":21.0,"gold_loss":75.0,"damage_taken":0.0,"cards_obtained":["Barricade","Flame Barrier"]},{"damage_healed":0.0,"max_hp_gain":0.0,"max_hp_loss":0.0,"gold_gain":0.0,"event_name":"The Mausoleum","player_choice":"Ignored","floor":29.0,"gold_loss":0.0,"damage_taken":0.0},{"cards_removed":["Strike_R"],"damage_healed":0.0,"max_hp_gain":0.0,"max_hp_loss":0.0,"gold_gain":0.0,"event_name":"Beggar","player_choice":"Gave Gold","floor":31.0,"gold_loss":75.0,"damage_taken":0.0},{"damage_healed":0.0,"max_hp_gain":0.0,"max_hp_loss":0.0,"gold_gain":0.0,"event_name":"Mysterious Sphere","player_choice":"Fight","floor":37.0,"gold_loss":0.0,"damage_taken":0.0},{"damage_healed":0,"gold_gain":0,"player_choice":"Fight","damage_taken":0,"max_hp_gain":0,"max_hp_loss":0,"event_name":"MindBloom","floor":44,"gold_loss":0},{"damage_healed":0,"gold_gain":0,"player_choice":"Max HP","damage_taken":0,"max_hp_gain":0,"max_hp_loss":4,"event_name":"Winding Halls","floor":45,"gold_loss":0}],"is_beta":false,"boss_relics":[{"not_picked":["Black Blood","Astrolabe"],"picked":"Cursed Key"},{"not_picked":["Tiny House","Black Star"],"picked":"Busted Crown"}],"items_purged_floors":[4,20],"is_endless":false,"potions_floor_spawned":[2,10,12,22,25,28,35,38,44,46,47],"ascension_level":20}