{"gold_per_floor":[111,111,36,36,56,85,98,124,124,142,173,193,208,229,229,301,301,279,279,279,295,295,295,326,339,339,370,55,68,82,101,101,177,177,194,194,214,43,43,43,78,78,78,105,105,134,9,34,34,34,34,34,34,34,66,66],"floor_reached":56,"playtime":4322,"items_purged":["Defend_R","Strike_R+1","Strike_R+1"],"score":2061,"play_id":"5b15668b-af96-45b1-be2a-746c57f49a37","local_time":"20210921005050","is_ascension_mode":true,"campfire_choices":[{"data":"Heavy Blade","floor":15.0,"key":"SMITH"},{"data":"Metallicize","floor":23.0,"key":"SMITH"},{"data":"Pummel","floor":32.0,"key":"SMITH"},{"floor":40.0,"key":"RECALL"},{"data":"Spot Weakness","floor":42.0,"key":"SMITH"},{"data":"Clothesline","floor":45.0,"key":"SMITH"},{"data":"Shrug It Off","floor":49.0,"key":"SMITH"},{"data":"Reaper","floor":53.0,"key":"SMITH"}],"neow_cost":"NONE","seed_source_timestamp":338211940735300,"circlet_count":0,"master_deck":["AscendersBane","Defend_R+1","Defend_R+1","Defend_R+1","Bash+1","Shrug It Off+1","Heavy Blade+1","Clothesline+1","Spot Weakness+1","Pummel+1","Metallicize+1","Reaper+1","Twin Strike","Bloodletting+1","True Grit+1","Limit Break+1","Shrug It Off+1","Flex+1","True Grit+1","Flame Barrier+1","Exhume+1","Flex+1","Warcry+1","Exhume+1","True Grit+1","True Grit+1","Limit Break+1","Sentinel+1","Battle Trance+1","Sword Boomerang"],"special_seed":0,"relics":["Burning Blood","NeowsBlessing","Nunchaku","StoneCalendar","Toxic Egg 2","Oddly Smooth Stone","Odd Mushroom","Runic Pyramid","Bag of Preparation","Omamori","Mark of Pain","DollysMirror","Singing Bowl","Frozen Egg 2","Kunai","Pear","Ice Cream","Bronze Scales"],"potions_floor_usage":[],"damage_taken":[{"damage":0.0,"enemies":"2 Louse","floor":1.0,"turns":1.0},{"damage":0.0,"enemies":"Small Slimes","floor":5.0,"turns":1.0},{"damage":0.0,"enemies":"3 Sentries","floor":6.0,"turns":2.0},{"damage":7.0,"enemies":"Cultist","floor":7.0,"turns":4.0},{"damage":33.0,"enemies":"Lagavulin","floor":8.0,"turns":7.0},{"damage":17.0,"enemies":"Exordium Wildlife","floor":10.0,"turns":4.0},{"damage":23.0,"enemies":"Gremlin Nob","floor":11.0,"turns":4.0},{"damage":11.0,"enemies":"Exordium Thugs","floor":12.0,"turns":5.0},{"damage":14.0,"enemies":"2 Fungi Beasts","floor":13.0,"turns":5.0},{"damage":15.0,"enemies":"The Mushroom Lair","floor":14.0,"turns":3.0},{"damage":21.0,"enemies":"Hexaghost","floor":16.0,"turns":8.0},{"damage":16.0,"enemies":"2 Thieves","floor":18.0,"turns":4.0},{"damage":12.0,"enemies":"Shell Parasite","floor":21.0,"turns":4.0},{"damage":26.0,"enemies":"Slavers","floor":24.0,"turns":6.0},{"damage":18.0,"enemies":"Sentry and Sphere","floor":25.0,"turns":5.0},{"damage":32.0,"enemies":"Gremlin Leader","floor":27.0,"turns":4.0},{"damage":7.0,"enemies":"Cultist and Chosen","floor":29.0,"turns":6.0},{"damage":25.0,"enemies":"Shelled Parasite and Fungi","floor":30.0,"turns":8.0},{"damage":31.0,"enemies":"Centurion and Healer","floor":31.0,"turns":4.0},{"damage":39.0,"enemies":"Automaton","floor":33.0,"turns":9.0},{"damage":8.0,"enemies":"3 Shapes","floor":35.0,"turns":5.0},{"damage":24.0,"enemies":"3 Darklings","floor":37.0,"turns":6.0},{"damage":18.0,"enemies":"Nemesis","floor":41.0,"turns":5.0},{"damage":56.0,"enemies":"Reptomancer","floor":44.0,"turns":6.0},{"damage":58.0,"enemies":"Giant Head","floor":46.0,"turns":7.0},{"damage":3.0,"enemies":"Mind Bloom Boss Battle","floor":48.0,"turns":3.0},{"damage":65.0,"enemies":"Time Eater","floor":50.0,"turns":9.0},{"damage":28.0,"enemies":"Donu and Deca","floor":51.0,"turns":5.0},{"damage":67.0,"enemies":"Shield and Spear","floor":55.0,"turns":4.0},{"damage":118,"enemies":"The Heart","floor":56,"turns":6}],"seed_played":"-5653486475208659635","potions_obtained":[{"floor":1.0,"key":"ElixirPotion"},{"floor":5.0,"key":"SkillPotion"},{"floor":10.0,"key":"LiquidBronze"},{"floor":16.0,"key":"Fruit Juice"},{"floor":18.0,"key":"BlessingOfTheForge"},{"floor":24.0,"key":"FearPotion"},{"floor":33.0,"key":"SkillPotion"},{"floor":46.0,"key":"PowerPotion"}],"is_trial":false,"path_per_floor":["M","?","$","?","M","E","M","E","T","M","E","M","M","?","R","B",null,"M","?","?","M","?","R","E","M","T","E","$","M","M","M","R","B",null,"M","?","M","$","?","R","E","R","T","E","R","E","$","?","R","B","B",null,"R","$","E","B"],"character_chosen":"IRONCLAD","items_purchased":["Exhume+1","Flex+1","DollysMirror"],"campfire_rested":0,"item_purchase_floors":[28,28,38],"current_hp_per_floor":[74,74,74,74,75,75,74,47,47,36,19,31,31,33,33,18,61,56,56,56,71,71,71,75,80,80,80,80,79,79,80,80,80,80,80,80,80,80,80,80,68,68,68,82,82,81,81,94,94,85,94,94,94,94,94,0],"gold":66,"neow_bonus":"THREE_ENEMY_KILL","is_prod":false,"is_daily":false,"chose_seed":false,"campfire_upgraded":7,"win_rate":0,"timestamp":1632199850,"path_taken":["M","?","$","?","M","E","M","E","T","M","E","M","?","?","R","BOSS","M","?","?","M","?","R","E","?","T","E","$","M","M","M","R","BOSS","M","?","?","$","?","R","E","R","T","E","R","E","?","?","R","BOSS","BOSS","R","$","E","BOSS"],"build_version":"2020-12-22","purchased_purges":3,"victory":false,"max_hp_per_floor":[75,75,75,75,75,75,75,75,75,75,75,75,75,75,75,75,75,80,80,80,80,80,80,80,80,80,80,80,80,80,80,80,80,80,80,80,80,80,80,80,80,80,80,82,82,94,94,94,94,94,94,94,94,94,94,94],"card_choices":[{"not_picked":["Sever Soul","Spot Weakness"],"picked":"Shrug It Off","floor":1.0},{"not_picked":["Thunderclap","Searing Blow"],"picked":"Clothesline","floor":5.0},{"not_picked":["Iron Wave","Barricade","Whirlwind"],"picked":"SKIP","floor":6.0},{"not_picked":["Shrug It Off","Cleave"],"picked":"Spot Weakness","floor":7.0},{"not_picked":["Body Slam","Inflame"],"picked":"Pummel","floor":8.0},{"not_picked":["Blood for Blood","Havoc+1"],"picked":"Metallicize","floor":10.0},{"not_picked":["Cleave","Thunderclap"],"picked":"Reaper","floor":11.0},{"not_picked":["Dropkick","Havoc+1"],"picked":"Twin Strike","floor":12.0},{"not_picked":["Thunderclap","Perfected Strike"],"picked":"Bloodletting+1","floor":13.0},{"not_picked":["Perfected Strike","Anger"],"picked":"True Grit+1","floor":14.0},{"not_picked":["Brutality","Corruption"],"picked":"Limit Break+1","floor":16.0},{"not_picked":["Fire Breathing","Thunderclap"],"picked":"Shrug It Off+1","floor":18.0},{"not_picked":["Combust","Twin Strike"],"picked":"True Grit+1","floor":21.0},{"not_picked":["Brutality","Blood for Blood","Wild Strike+1"],"picked":"SKIP","floor":24.0},{"not_picked":["Reckless Charge","Whirlwind","Twin Strike"],"picked":"SKIP","floor":25.0},{"not_picked":["Combust","Cleave"],"picked":"Flame Barrier+1","floor":27.0},{"not_picked":["Clash","Cleave"],"picked":"Warcry+1","floor":29.0},{"not_picked":["Clash","True Grit+1","Sever Soul"],"picked":"SKIP","floor":30.0},{"not_picked":["Anger","Sever Soul","Clash+1"],"picked":"SKIP","floor":31.0},{"not_picked":["Fiend Fire","Barricade"],"picked":"Exhume+1","floor":33.0},{"not_picked":["Power Through+1","Iron Wave+1"],"picked":"True Grit+1","floor":35.0},{"not_picked":["Twin Strike+1","Heavy Blade"],"picked":"True Grit+1","floor":37.0},{"not_picked":["Dropkick","Burning Pact+1"],"picked":"Sentinel+1","floor":41.0},{"not_picked":["Rampage","Berserk+1","True Grit+1"],"picked":"Singing Bowl","floor":44.0},{"not_picked":["Armaments+1","Rage+1","Flame Barrier+1"],"picked":"Singing Bowl","floor":46.0},{"not_picked":["Reckless Charge","Twin Strike"],"picked":"Battle Trance+1","floor":48.0},{"not_picked":["Heavy Blade","Corruption+1"],"picked":"Sword Boomerang","floor":55.0}],"player_experience":904256,"relics_obtained":[{"floor":6.0,"key":"Nunchaku"},{"floor":8.0,"key":"StoneCalendar"},{"floor":9.0,"key":"Toxic Egg 2"},{"floor":11.0,"key":"Oddly Smooth Stone"},{"floor":14.0,"key":"Odd Mushroom"},{"floor":24.0,"key":"Bag of Preparation"},{"floor":27.0,"key":"Omamori"},{"floor":41.0,"key":"Singing Bowl"},{"floor":43.0,"key":"Frozen Egg 2"},{"floor":44.0,"key":"Kunai"},{"floor":46.0,"key":"Pear"},{"floor":48.0,"key":"Ice Cream"},{"floor":55.0,"key":"Bronze Scales"}],"event_choices":[{"damage_healed":0.0,"max_hp_gain":0.0,"max_hp_loss":0.0,"gold_gain":0.0,"cards_transformed":["Strike_R"],"event_name":"Living Wall","player_choice":"Change","floor":2.0,"gold_loss":0.0,"damage_taken":0.0,"cards_obtained":["Heavy Blade"]},{"cards_removed":["Strike_R"],"damage_healed":0.0,"max_hp_gain":0.0,"max_hp_loss":0.0,"gold_gain":0.0,"event_name":"Purifier","player_choice":"Purged","floor":4.0,"gold_loss":0.0,"damage_taken":0.0},{"damage_healed":0.0,"max_hp_gain":0.0,"max_hp_loss":0.0,"gold_gain":0.0,"event_name":"Mushrooms","player_choice":"Fought Mushrooms","floor":14.0,"gold_loss":0.0,"damage_taken":0.0},{"damage_healed":0.0,"max_hp_gain":0.0,"max_hp_loss":0.0,"gold_gain":0.0,"event_name":"Back to Basics","player_choice":"Simplicity","floor":19.0,"gold_loss":0.0,"damage_taken":0.0,"cards_upgraded":["Strike_R","Strike_R","Strike_R","Defend_R","Defend_R","Defend_R"]},{"damage_healed":0.0,"max_hp_gain":0.0,"max_hp_loss":0.0,"gold_gain":0.0,"event_name":"The Library","player_choice":"Read","floor":20.0,"gold_loss":0.0,"damage_taken":0.0,"cards_obtained":["Flex"]},{"cards_removed":["Strike_R"],"damage_healed":0.0,"max_hp_gain":0.0,"max_hp_loss":0.0,"gold_gain":0.0,"event_name":"Purifier","player_choice":"Purged","floor":22.0,"gold_loss":0.0,"damage_taken":0.0},{"damage_healed":0.0,"max_hp_gain":0.0,"max_hp_loss":0.0,"gold_gain":0.0,"event_name":"SecretPortal","player_choice":"Ignored","floor":36.0,"gold_loss":0.0,"damage_taken":0.0},{"damage_healed":0.0,"max_hp_gain":0.0,"max_hp_loss":0.0,"gold_gain":0.0,"event_name":"Accursed Blacksmith","player_choice":"Forge","floor":39.0,"gold_loss":0.0,"damage_taken":0.0,"cards_upgraded":["Bash"]},{"damage_healed":0.0,"max_hp_gain":0.0,"max_hp_loss":0.0,"gold_gain":0.0,"event_name":"MindBloom","player_choice":"Fight","floor":48.0,"gold_loss":0.0,"damage_taken":0.0}],"is_beta":false,"boss_relics":[{"not_picked":["Busted Crown","Velvet Choker"],"picked":"Runic Pyramid"},{"not_picked":["Sozu","Cursed Key"],"picked":"Mark of Pain"}],"items_purged_floors":[3,28,47],"is_endless":false,"potions_floor_spawned":[1,5,10,13,16,18,24,33,46],"killed_by":"The Heart","ascension_level":20}