{"gold_per_floor":[19,38,38,50,67,67,77,112,412,445,401,401],"floor_reached":12,"playtime":1694,"items_purged":[],"score":180,"play_id":"86607c39-f71a-41a8-bcbf-9edf4165d348","local_time":"20210920232455","is_ascension_mode":true,"campfire_choices":[{"data":"Offering","floor":6,"key":"SMITH"}],"neow_cost":"NO_GOLD","seed_source_timestamp":336506468798900,"circlet_count":0,"master_deck":["AscendersBane","Strike_R","Strike_R","Strike_R","Strike_R","Strike_R","Defend_R","Defend_R","Defend_R","Defend_R","Bash","Offering+1","Iron Wave","Armaments+1","Perfected Strike","Wild Strike","Perfected Strike","Uppercut","True Grit"],"relics":["Burning Blood","Regal Pillow","Old Coin","Peace Pipe"],"potions_floor_usage":[10,12],"damage_taken":[{"damage":6,"enemies":"Cultist","floor":1,"turns":3},{"damage":18,"enemies":"Small Slimes","floor":2,"turns":4},{"damage":6,"enemies":"2 Louse","floor":4,"turns":4},{"damage":19,"enemies":"Exordium Thugs","floor":5,"turns":4},{"damage":1,"enemies":"3 Louse","floor":7,"turns":3},{"damage":16,"enemies":"Lagavulin","floor":8,"turns":5},{"damage":31,"enemies":"3 Sentries","floor":10,"turns":6},{"damage":15,"enemies":"Lots of Slimes","floor":12,"turns":2}],"seed_played":"1597926572173794120","potions_obtained":[{"floor":2,"key":"EssenceOfSteel"},{"floor":7,"key":"SmokeBomb"},{"floor":8,"key":"AttackPotion"}],"is_trial":false,"path_per_floor":["M","M","?","M","M","R","M","E","T","E","?","M"],"character_chosen":"IRONCLAD","items_purchased":[],"campfire_rested":0,"item_purchase_floors":[],"current_hp_per_floor":[68,56,56,56,43,43,48,38,38,13,13,0],"gold":401,"neow_bonus":"THREE_RARE_CARDS","is_prod":false,"is_daily":false,"chose_seed":false,"campfire_upgraded":1,"win_rate":0,"timestamp":1632194695,"path_taken":["M","?","?","M","M","R","M","E","T","E","?","M"],"build_version":"2020-12-22","purchased_purges":0,"victory":false,"max_hp_per_floor":[75,75,75,75,75,75,75,75,75,75,75,75],"card_choices":[{"not_picked":["Limit Break","Double Tap"],"picked":"Offering","floor":0},{"not_picked":["Headbutt","Cleave"],"picked":"Iron Wave","floor":1},{"not_picked":["Heavy Blade","Headbutt"],"picked":"Armaments","floor":2},{"not_picked":["Brutality","Second Wind"],"picked":"Perfected Strike","floor":4},{"not_picked":["Shrug It Off","Armaments"],"picked":"Wild Strike","floor":5},{"not_picked":["True Grit","Wild Strike"],"picked":"Perfected Strike","floor":7},{"not_picked":["Cleave","Headbutt"],"picked":"Uppercut","floor":8},{"not_picked":["Berserk","Combust"],"picked":"True Grit","floor":10}],"player_experience":902562,"relics_obtained":[{"floor":8,"key":"Regal Pillow"},{"floor":9,"key":"Old Coin"},{"floor":10,"key":"Peace Pipe"}],"event_choices":[{"damage_healed":0,"gold_gain":0,"player_choice":"Grow","damage_taken":0,"max_hp_gain":0,"max_hp_loss":0,"event_name":"Living Wall","floor":3,"gold_loss":0,"cards_upgraded":["Armaments"]},{"damage_healed":0,"gold_gain":0,"player_choice":"Left Gold","damage_taken":0,"max_hp_gain":0,"max_hp_loss":0,"event_name":"World of Goop","floor":11,"gold_loss":44}],"is_beta":false,"boss_relics":[],"items_purged_floors":[],"is_endless":false,"potions_floor_spawned":[2,7,8],"killed_by":"Lots of Slimes","ascension_level":20}