{"gold_per_floor":[118,118,118,135,153,181,198,230,257,257,288,65,65,83,83,176,176,199,224,224,239,239,273,273,304,316,328,360,372,384,410,422,507,519,543,555,151,171,171,199,199,199],"floor_reached":42,"playtime":2675,"items_purged":["Strike_R","Strike_R"],"score":1018,"play_id":"9129cf26-d2be-40cb-b429-75c3676023e1","local_time":"20210925153647","is_ascension_mode":true,"campfire_choices":[{"data":"Immolate","floor":10,"key":"SMITH"},{"data":"Uppercut","floor":15,"key":"SMITH"},{"data":"Offering","floor":24,"key":"SMITH"},{"data":"Ghostly","floor":29,"key":"SMITH"},{"data":"Ghostly","floor":32,"key":"SMITH"},{"data":"Battle Trance","floor":41,"key":"SMITH"}],"neow_cost":"NONE","seed_source_timestamp":739430444164500,"circlet_count":0,"master_deck":["AscendersBane","Defend_R","Defend_R","Defend_R","Defend_R","Bash","Shrug It Off","Bloodletting","Battle Trance+1","Uppercut+1","Fire Breathing","Offering+1","Impervious","Headbutt+1","Immolate","Demon Form","Reaper","Combust+1","Armaments+1","Ghostly+1","Ghostly+1","Ghostly","RitualDagger","Corruption","Pummel","Bandage Up","Evolve","Burning Pact"],"relics":["Burning Blood","Toy Ornithopter","Smiling Mask","Oddly Smooth Stone","OrangePellets","Bloody Idol","Velvet Choker","Champion Belt","MawBank","Nunchaku","Coffee Dripper","Art of War"],"potions_floor_usage":[6,8,8,11,11,16,23,25,33,33,38],"damage_taken":[{"damage":7,"enemies":"Jaw Worm","floor":1,"turns":2},{"damage":3,"enemies":"2 Louse","floor":4,"turns":2},{"damage":4,"enemies":"Small Slimes","floor":5,"turns":3},{"damage":18,"enemies":"Lagavulin","floor":6,"turns":6},{"damage":7,"enemies":"3 Louse","floor":7,"turns":2},{"damage":26,"enemies":"Gremlin Nob","floor":8,"turns":4},{"damage":10,"enemies":"Lagavulin","floor":11,"turns":7},{"damage":6,"enemies":"Looter","floor":14,"turns":3},{"damage":16,"enemies":"Slime Boss","floor":16,"turns":7},{"damage":0,"enemies":"Chosen","floor":18,"turns":4},{"damage":10,"enemies":"Shell Parasite","floor":19,"turns":3},{"damage":10,"enemies":"Centurion and Healer","floor":21,"turns":4},{"damage":31,"enemies":"Book of Stabbing","floor":23,"turns":5},{"damage":28,"enemies":"Slavers","floor":25,"turns":4},{"damage":3,"enemies":"Snake Plant","floor":28,"turns":4},{"damage":2,"enemies":"Snecko","floor":31,"turns":5},{"damage":49,"enemies":"Automaton","floor":33,"turns":10},{"damage":30,"enemies":"3 Darklings","floor":35,"turns":6},{"damage":12,"enemies":"Orb Walker","floor":38,"turns":4},{"damage":6,"enemies":"Nemesis","floor":40,"turns":7},{"damage":59,"enemies":"Giant Head","floor":42,"turns":8}],"seed_played":"-2993882031621954530","potions_obtained":[{"floor":4,"key":"EntropicBrew"},{"floor":5,"key":"Weak Potion"},{"floor":11,"key":"CultistPotion"},{"floor":23,"key":"ColorlessPotion"},{"floor":25,"key":"Regen Potion"},{"floor":31,"key":"AttackPotion"},{"floor":40,"key":"ElixirPotion"}],"is_trial":false,"path_per_floor":["M","?","?","M","M","E","M","E","T","R","E","$","?","M","R","B",null,"M","M","?","M","?","E","R","E","T","?","M","R","?","M","R","B",null,"M","?","$","M","?","E","R","E"],"character_chosen":"IRONCLAD","items_purchased":["OrangePellets","Pummel","Bandage Up","Evolve","Fruit Juice"],"campfire_rested":0,"item_purchase_floors":[12,37,37,37,37],"current_hp_per_floor":[67,67,60,63,65,53,52,42,42,42,48,48,48,48,48,43,62,68,64,64,60,60,45,45,33,38,34,34,34,28,34,34,34,34,26,31,34,39,29,38,38,0],"gold":199,"neow_bonus":"ONE_RANDOM_RARE_CARD","is_prod":false,"is_daily":false,"chose_seed":false,"campfire_upgraded":6,"win_rate":0,"timestamp":1632598607,"path_taken":["M","?","?","M","M","E","M","E","T","R","E","$","?","M","R","BOSS","M","M","?","M","?","E","R","E","T","?","M","R","?","M","R","BOSS","M","?","$","M","?","E","R","E"],"build_version":"2020-12-22","purchased_purges":2,"victory":false,"max_hp_per_floor":[75,75,75,75,75,75,75,75,75,75,75,75,68,68,68,68,68,68,68,68,68,68,68,68,68,68,34,34,34,34,34,34,34,34,34,34,34,39,39,39,39,39],"card_choices":[{"not_picked":["Iron Wave","Whirlwind"],"picked":"Shrug It Off","floor":1},{"not_picked":["Carnage","Searing Blow"],"picked":"Bloodletting","floor":4},{"not_picked":["Power Through","True Grit"],"picked":"Battle Trance","floor":5},{"not_picked":["Shrug It Off","Sword Boomerang"],"picked":"Uppercut","floor":6},{"not_picked":["Infernal Blade","Sword Boomerang","Pummel"],"picked":"SKIP","floor":7},{"not_picked":["Armaments","Blood for Blood"],"picked":"Fire Breathing","floor":8},{"not_picked":["Perfected Strike","Havoc"],"picked":"Offering","floor":11},{"not_picked":["Combust","Thunderclap","Sword Boomerang"],"picked":"SKIP","floor":14},{"not_picked":["Offering","Bludgeon"],"picked":"Impervious","floor":16},{"not_picked":["Twin Strike","Clash"],"picked":"Headbutt+1","floor":18},{"not_picked":["Headbutt+1","Armaments","Havoc"],"picked":"SKIP","floor":19},{"not_picked":["Carnage","Rupture"],"picked":"Reaper","floor":21},{"not_picked":["Whirlwind","Clash"],"picked":"Combust+1","floor":23},{"not_picked":["Warcry","Sword Boomerang"],"picked":"Armaments+1","floor":25},{"not_picked":["Warcry","Sentinel+1","Cleave"],"picked":"SKIP","floor":28},{"not_picked":["Pommel Strike","Seeing Red+1","Perfected Strike"],"picked":"SKIP","floor":31},{"not_picked":["Pommel Strike","Seeing Red+1","Perfected Strike"],"picked":"SKIP","floor":31},{"not_picked":["Double Tap","Juggernaut"],"picked":"Corruption","floor":33},{"not_picked":["Iron Wave","Cleave","Flex"],"picked":"SKIP","floor":35},{"not_picked":["Pommel Strike","Barricade"],"picked":"Burning Pact","floor":38},{"not_picked":["Evolve","Reckless Charge+1","Twin Strike+1"],"picked":"SKIP","floor":40}],"player_experience":936983,"relics_obtained":[{"floor":6,"key":"Toy Ornithopter"},{"floor":8,"key":"Smiling Mask"},{"floor":9,"key":"Oddly Smooth Stone"},{"floor":23,"key":"Champion Belt"},{"floor":25,"key":"MawBank"},{"floor":26,"key":"Nunchaku"},{"floor":40,"key":"Art of War"}],"event_choices":[{"damage_healed":0,"gold_gain":0,"player_choice":"Ignored","damage_taken":0,"max_hp_gain":0,"max_hp_loss":0,"event_name":"Liars Game","floor":2,"gold_loss":0},{"cards_removed":["Strike_R"],"damage_healed":0,"gold_gain":0,"player_choice":"Card Removal","damage_taken":7,"max_hp_gain":0,"max_hp_loss":0,"event_name":"Golden Wing","floor":3,"gold_loss":0},{"damage_healed":0,"gold_gain":0,"player_choice":"Lose Max HP","damage_taken":0,"relics_obtained":["Golden Idol"],"max_hp_gain":0,"max_hp_loss":7,"event_name":"Golden Idol","floor":13,"gold_loss":0},{"damage_healed":0,"gold_gain":0,"cards_transformed":["Strike_R","Strike_R"],"player_choice":"Became Test Subject","damage_taken":0,"max_hp_gain":0,"max_hp_loss":0,"event_name":"Drug Dealer","floor":20,"gold_loss":0,"cards_obtained":["Immolate","Demon Form"]},{"damage_healed":0,"gold_gain":0,"player_choice":"Gave Idol","damage_taken":0,"relics_obtained":["Bloody Idol"],"max_hp_gain":0,"max_hp_loss":0,"event_name":"Forgotten Altar","floor":22,"relics_lost":["Golden Idol"],"gold_loss":0},{"damage_healed":0,"gold_gain":0,"player_choice":"Became a Ghost","damage_taken":0,"max_hp_gain":0,"max_hp_loss":34,"event_name":"Ghosts","floor":27,"gold_loss":0,"cards_obtained":["Ghostly","Ghostly","Ghostly"]},{"damage_healed":0,"gold_gain":0,"player_choice":"Joined the Cult","damage_taken":6,"max_hp_gain":0,"max_hp_loss":0,"event_name":"Nest","floor":30,"gold_loss":0,"cards_obtained":["RitualDagger"]},{"cards_removed":["Immolate"],"damage_healed":0,"gold_gain":0,"player_choice":"Removed Attack","damage_taken":0,"max_hp_gain":0,"max_hp_loss":0,"event_name":"Falling","floor":36,"gold_loss":0},{"damage_healed":0,"gold_gain":0,"player_choice":"Memory 3","damage_taken":10,"max_hp_gain":0,"max_hp_loss":0,"event_name":"SensoryStone","floor":39,"gold_loss":0}],"is_beta":false,"boss_relics":[{"not_picked":["Pandora\u0027s Box","Tiny House"],"picked":"Velvet Choker"},{"not_picked":["Calling Bell","Cursed Key"],"picked":"Coffee Dripper"}],"items_purged_floors":[12,37],"is_endless":false,"potions_floor_spawned":[4,5,11,23,25,31,40],"killed_by":"Giant Head","ascension_level":20}