{"gold_per_floor":[119,169,185,200,217,217,217,237,237,237,64,95,95,129,129,203,203,216,236,13,13,27,27,56,56,56,56,56,90,113,127,127,127],"floor_reached":33,"playtime":1405,"items_purged":["Strike_R","Strike_R"],"score":590,"play_id":"8cca71dc-1600-4fdb-9c8e-019d48fbc8d7","local_time":"20210923123455","is_ascension_mode":true,"campfire_choices":[{"data":"Brutality","floor":6,"key":"SMITH"},{"data":"Wild Strike","floor":10,"key":"SMITH"},{"floor":15,"key":"REST"},{"floor":23,"key":"REST"},{"floor":25,"key":"REST"},{"data":"Immolate","floor":28,"key":"SMITH"},{"data":"Armaments","floor":32,"key":"SMITH"}],"neow_cost":"NONE","seed_source_timestamp":556990729713300,"circlet_count":0,"master_deck":["AscendersBane","Strike_R","Strike_R","Strike_R","Defend_R","Defend_R","Defend_R","Defend_R","Bash","Brutality+1","Wild Strike+1","Reckless Charge","Feel No Pain","Iron Wave","Feel No Pain","Shockwave","Immolate+1","Rupture+1","Burning Pact+1","Decay","Flame Barrier","Battle Trance","Second Wind","Armaments+1"],"relics":["Burning Blood","Pocketwatch","Boot","Incense Burner","Runic Dome","Membership Card","Calipers","Magic Flower","Mummified Hand"],"potions_floor_usage":[7,8,14,14,29],"damage_taken":[{"damage":3,"enemies":"2 Louse","floor":1,"turns":4},{"damage":3,"enemies":"Cultist","floor":3,"turns":3},{"damage":11,"enemies":"Jaw Worm","floor":4,"turns":4},{"damage":14,"enemies":"Looter","floor":5,"turns":3},{"damage":0,"enemies":"Gremlin Gang","floor":7,"turns":1},{"damage":25,"enemies":"Exordium Thugs","floor":8,"turns":5},{"damage":16,"enemies":"3 Sentries","floor":12,"turns":8},{"damage":19,"enemies":"Lagavulin","floor":14,"turns":7},{"damage":35,"enemies":"Slime Boss","floor":16,"turns":15},{"damage":16,"enemies":"3 Byrds","floor":18,"turns":5},{"damage":4,"enemies":"Chosen","floor":19,"turns":5},{"damage":35,"enemies":"Snake Plant","floor":22,"turns":4},{"damage":44,"enemies":"Book of Stabbing","floor":24,"turns":6},{"damage":22,"enemies":"Slavers","floor":29,"turns":5},{"damage":1,"enemies":"3 Cultists","floor":31,"turns":2},{"damage":31,"enemies":"Automaton","floor":33,"turns":4}],"seed_played":"-2901490760270552488","potions_obtained":[{"floor":1,"key":"SneckoOil"},{"floor":4,"key":"SmokeBomb"},{"floor":8,"key":"SteroidPotion"},{"floor":24,"key":"FearPotion"},{"floor":29,"key":"Energy Potion"}],"is_trial":false,"path_per_floor":["M","?","M","M","M","R","M","M","T","R","$","E","?","E","R","B",null,"M","M","$","?","M","R","E","R","T","?","R","E","T","M","R","B"],"character_chosen":"IRONCLAD","items_purchased":["SteroidPotion","Feel No Pain","Membership Card"],"campfire_rested":3,"item_purchase_floors":[11,11,20],"current_hp_per_floor":[71,71,74,69,61,61,67,48,48,48,48,38,38,25,47,18,61,51,53,53,53,24,46,8,30,30,30,30,17,17,25,25,0],"gold":127,"neow_bonus":"ONE_RANDOM_RARE_CARD","is_prod":false,"is_daily":false,"chose_seed":false,"campfire_upgraded":4,"win_rate":0,"timestamp":1632414895,"path_taken":["M","?","M","M","M","R","M","M","T","R","?","E","?","E","R","BOSS","M","?","$","?","M","R","E","R","T","?","R","E","?","M","R","BOSS"],"build_version":"2020-12-22","purchased_purges":2,"victory":false,"max_hp_per_floor":[75,75,75,75,75,75,75,75,75,75,75,75,75,75,75,75,75,75,75,75,75,75,75,75,75,75,75,75,75,75,75,75,75],"card_choices":[{"not_picked":["Headbutt","Body Slam"],"picked":"Wild Strike","floor":1},{"not_picked":["Disarm","Warcry","Thunderclap"],"picked":"SKIP","floor":3},{"not_picked":["Dark Embrace","Intimidate"],"picked":"Reckless Charge","floor":4},{"not_picked":["Bloodletting","True Grit"],"picked":"Feel No Pain","floor":5},{"not_picked":["Blood for Blood","Clash"],"picked":"Iron Wave","floor":8},{"not_picked":["Warcry","Perfected Strike","Havoc"],"picked":"SKIP","floor":12},{"not_picked":["Flex","Sever Soul"],"picked":"Shockwave","floor":14},{"not_picked":["Reaper","Barricade"],"picked":"Immolate","floor":16},{"not_picked":["Thunderclap","Heavy Blade"],"picked":"Rupture+1","floor":18},{"not_picked":["Flex","Spot Weakness"],"picked":"Burning Pact+1","floor":19},{"not_picked":["Dark Embrace","Clash"],"picked":"Flame Barrier","floor":22},{"not_picked":["Pommel Strike+1","Headbutt+1"],"picked":"Battle Trance","floor":24},{"not_picked":["Wild Strike","True Grit"],"picked":"Second Wind","floor":29},{"not_picked":["Carnage","Spot Weakness"],"picked":"Armaments","floor":31}],"player_experience":912444,"relics_obtained":[{"floor":9,"key":"Pocketwatch"},{"floor":12,"key":"Boot"},{"floor":14,"key":"Incense Burner"},{"floor":24,"key":"Calipers"},{"floor":26,"key":"Magic Flower"},{"floor":29,"key":"Mummified Hand"}],"event_choices":[{"damage_healed":0,"gold_gain":50,"player_choice":"Pray","damage_taken":0,"max_hp_gain":0,"max_hp_loss":0,"event_name":"Golden Shrine","floor":2,"gold_loss":0},{"damage_healed":0,"gold_gain":0,"player_choice":"Got Potions","damage_taken":0,"max_hp_gain":0,"max_hp_loss":0,"event_name":"Lab","floor":13,"gold_loss":0},{"damage_healed":0,"gold_gain":0,"player_choice":"Smashed Altar","damage_taken":0,"max_hp_gain":0,"max_hp_loss":0,"event_name":"Forgotten Altar","floor":21,"gold_loss":0,"cards_obtained":["Decay"]},{"damage_healed":0,"gold_gain":0,"player_choice":"Ignored","damage_taken":0,"max_hp_gain":0,"max_hp_loss":0,"event_name":"Vampires","floor":27,"gold_loss":0}],"is_beta":false,"boss_relics":[{"not_picked":["Sozu","Fusion Hammer"],"picked":"Runic Dome"}],"items_purged_floors":[11,20],"is_endless":false,"potions_floor_spawned":[1,4,8,12,24,29],"killed_by":"Automaton","ascension_level":20}