{"gold_per_floor":[119,119,131,150,164,164,191,247,270,270,314,314,334,334,334,439,439,469,491,25,43,61,61,61,100,100,100,144,162,178,205,205,308,308,341,359,372,88,101,101,144,169,169,169,169,212,252,275,275,275,275,275,275,48,95,95],"floor_reached":57,"playtime":3828,"items_purged":["Strike_R","Anger"],"score":2849,"play_id":"a3884a7d-365d-41aa-9ee0-9dc8d3d37350","local_time":"20211002151956","is_ascension_mode":true,"campfire_choices":[{"data":"Carnage","floor":6.0,"key":"SMITH"},{"floor":10.0,"key":"REST"},{"data":"Bash","floor":15.0,"key":"SMITH"},{"data":"Corruption","floor":24.0,"key":"SMITH"},{"data":"Dark Embrace","floor":27.0,"key":"SMITH"},{"floor":32.0,"key":"REST"},{"floor":40.0,"key":"REST"},{"floor":49.0,"key":"RECALL"},{"floor":53.0,"key":"REST"}],"neow_cost":"TEN_PERCENT_HP_LOSS","seed_source_timestamp":1341877961285100,"circlet_count":0,"master_deck":["AscendersBane","Defend_R","Defend_R","Defend_R","Defend_R","Bash+1","Reckless Charge","Dark Embrace+1","Carnage+1","Inflame","Pommel Strike","Offering","Clothesline","Sword Boomerang","Corruption+1","Feel No Pain","Dropkick","Bloodletting","Feel No Pain","Bludgeon","Brutality","Battle Trance","Sentinel","Demon Form","Havoc+1","Flash of Steel","Flash of Steel","Evolve","Warcry","Reaper","Burning Pact+1","Disarm","Offering","Rupture+1"],"special_seed":0,"relics":["Burning Blood","Red Skull","CeramicFish","Anchor","Golden Idol","Runic Pyramid","Sundial","Blue Candle","Orichalcum","Mummified Hand","Fusion Hammer","Toolbox","InkBottle","Bag of Preparation","Lizard Tail","Du-Vu Doll"],"potions_floor_usage":[56,56],"damage_taken":[{"damage":19.0,"enemies":"Jaw Worm","floor":1.0,"turns":4.0},{"damage":6.0,"enemies":"Cultist","floor":3.0,"turns":4.0},{"damage":6.0,"enemies":"Small Slimes","floor":4.0,"turns":3.0},{"damage":5.0,"enemies":"3 Louse","floor":5.0,"turns":3.0},{"damage":29.0,"enemies":"3 Sentries","floor":7.0,"turns":7.0},{"damage":23.0,"enemies":"Lagavulin Event","floor":8.0,"turns":3.0},{"damage":6.0,"enemies":"Gremlin Nob","floor":11.0,"turns":2.0},{"damage":0.0,"enemies":"Looter","floor":13.0,"turns":2.0},{"damage":35.0,"enemies":"Hexaghost","floor":16.0,"turns":7.0},{"damage":12.0,"enemies":"Shell Parasite","floor":18.0,"turns":3.0},{"damage":15.0,"enemies":"3 Byrds","floor":19.0,"turns":5.0},{"damage":15.0,"enemies":"Snake Plant","floor":22.0,"turns":2.0},{"damage":29.0,"enemies":"Gremlin Leader","floor":25.0,"turns":5.0},{"damage":13.0,"enemies":"Book of Stabbing","floor":28.0,"turns":4.0},{"damage":10.0,"enemies":"Centurion and Healer","floor":29.0,"turns":4.0},{"damage":6.0,"enemies":"Sentry and Sphere","floor":30.0,"turns":3.0},{"damage":12.0,"enemies":"Snake Plant","floor":31.0,"turns":2.0},{"damage":36.0,"enemies":"Champ","floor":33.0,"turns":6.0},{"damage":4.0,"enemies":"3 Shapes","floor":35.0,"turns":6.0},{"damage":18.0,"enemies":"3 Darklings","floor":37.0,"turns":4.0},{"damage":16.0,"enemies":"Maw","floor":39.0,"turns":5.0},{"damage":11.0,"enemies":"Giant Head","floor":41.0,"turns":4.0},{"damage":9.0,"enemies":"Transient","floor":42.0,"turns":6.0},{"damage":13.0,"enemies":"Nemesis","floor":46.0,"turns":5.0},{"damage":10.0,"enemies":"Mind Bloom Boss Battle","floor":47.0,"turns":3.0},{"damage":15.0,"enemies":"Writhing Mass","floor":48.0,"turns":4.0},{"damage":54.0,"enemies":"Awakened One","floor":50.0,"turns":5.0},{"damage":25.0,"enemies":"Time Eater","floor":51.0,"turns":6.0},{"damage":30.0,"enemies":"Shield and Spear","floor":55.0,"turns":5.0},{"damage":151,"enemies":"The Heart","floor":56,"turns":7}],"seed_played":"8560017512648771674","potions_obtained":[{"floor":3.0,"key":"SkillPotion"},{"floor":4.0,"key":"PowerPotion"},{"floor":11.0,"key":"Ancient Potion"},{"floor":19.0,"key":"Dexterity Potion"},{"floor":29.0,"key":"ElixirPotion"}],"is_trial":false,"path_per_floor":["M","?","M","M","M","R","E","?","T","R","E","?","M","?","R","B",null,"M","M","$","?","M","?","R","E","T","R","E","M","M","M","R","B",null,"M","?","M","$","M","R","E","M","T","?","?","E","?","M","R","B","B",null,"R","$","E","B",null],"character_chosen":"IRONCLAD","items_purchased":["Sundial","Bloodletting","Feel No Pain","Toolbox","Evolve","Warcry","BlessingOfTheForge","Offering"],"campfire_rested":4,"item_purchase_floors":[20,20,20,38,38,38,54,54],"current_hp_per_floor":[55,55,55,55,56,56,33,16,16,36,36,41,47,47,47,18,54,48,39,39,39,30,66,66,43,43,43,36,32,32,26,45,15,53,55,45,33,33,23,42,37,49,49,49,49,57,62,62,62,27,27,54,63,63,57,8],"gold":95,"neow_bonus":"TRANSFORM_TWO_CARDS","is_prod":false,"is_daily":false,"chose_seed":false,"campfire_upgraded":4,"win_rate":0,"timestamp":1633202396,"path_taken":["M","?","?","M","M","R","E","?","T","R","E","?","M","?","R","BOSS","M","M","$","?","M","?","R","E","T","R","E","?","M","M","R","BOSS","M","?","M","$","M","R","E","M","T","?","?","E","?","?","R","BOSS","BOSS","R","$","E","BOSS"],"build_version":"2020-12-22","purchased_purges":2,"victory":true,"max_hp_per_floor":[68,68,68,68,68,68,68,68,68,68,68,73,73,66,66,66,66,66,66,66,66,66,66,66,66,66,66,66,66,66,66,66,66,66,66,66,66,66,66,66,66,66,66,63,63,63,63,63,63,63,63,63,63,63,63,63],"card_choices":[{"not_picked":["Entrench","Pommel Strike"],"picked":"Anger","floor":1.0},{"not_picked":["Second Wind","Clash"],"picked":"Carnage","floor":3.0},{"not_picked":["Clothesline","Sword Boomerang"],"picked":"Inflame","floor":4.0},{"not_picked":["Headbutt","True Grit"],"picked":"Pommel Strike","floor":5.0},{"not_picked":["Metallicize","Dropkick"],"picked":"Offering","floor":7.0},{"not_picked":["Body Slam","Infernal Blade"],"picked":"Clothesline","floor":8.0},{"not_picked":["Sever Soul","Dual Wield"],"picked":"Sword Boomerang","floor":11.0},{"not_picked":["Rampage","Sword Boomerang","Dark Embrace"],"picked":"SKIP","floor":13.0},{"not_picked":["Impervious","Double Tap"],"picked":"Corruption","floor":16.0},{"not_picked":["Wild Strike","Iron Wave"],"picked":"Feel No Pain","floor":18.0},{"not_picked":["Havoc","Headbutt"],"picked":"Dropkick","floor":19.0},{"not_picked":["Perfected Strike","Clothesline","Juggernaut"],"picked":"SKIP","floor":22.0},{"not_picked":["Heavy Blade","Infernal Blade","Hemokinesis+1"],"picked":"SKIP","floor":25.0},{"not_picked":["Reckless Charge","Clash"],"picked":"Battle Trance","floor":28.0},{"not_picked":["Clothesline+1","Cleave","Evolve"],"picked":"SKIP","floor":29.0},{"not_picked":["Carnage","Reckless Charge","Iron Wave"],"picked":"SKIP","floor":30.0},{"not_picked":["Flex","Clothesline+1"],"picked":"Sentinel","floor":31.0},{"not_picked":["Brutality","Bludgeon"],"picked":"Demon Form","floor":33.0},{"not_picked":["Anger+1","Armaments"],"picked":"Havoc+1","floor":35.0},{"not_picked":["Madness","Secret Technique"],"picked":"Flash of Steel","floor":36.0},{"not_picked":["Dramatic Entrance","Secret Weapon"],"picked":"Flash of Steel","floor":36.0},{"not_picked":["Entrench","Armaments","Hemokinesis"],"picked":"SKIP","floor":37.0},{"not_picked":["Evolve","Cleave","Thunderclap"],"picked":"SKIP","floor":39.0},{"not_picked":["Clash","Perfected Strike+1"],"picked":"Reaper","floor":41.0},{"not_picked":["True Grit","Headbutt","Clash+1"],"picked":"SKIP","floor":42.0},{"not_picked":["Spot Weakness+1","Thunderclap"],"picked":"Burning Pact+1","floor":46.0},{"not_picked":["Sword Boomerang+1","Sever Soul"],"picked":"Disarm","floor":47.0},{"not_picked":["Bloodletting+1","Dropkick","Iron Wave"],"picked":"SKIP","floor":48.0},{"not_picked":["Reaper","Anger"],"picked":"Rupture+1","floor":55.0}],"player_experience":949467,"relics_obtained":[{"floor":7.0,"key":"Red Skull"},{"floor":9.0,"key":"CeramicFish"},{"floor":11.0,"key":"Anchor"},{"floor":25.0,"key":"Blue Candle"},{"floor":26.0,"key":"Orichalcum"},{"floor":28.0,"key":"Mummified Hand"},{"floor":41.0,"key":"InkBottle"},{"floor":46.0,"key":"Bag of Preparation"},{"floor":47.0,"key":"Lizard Tail"},{"floor":55.0,"key":"Du-Vu Doll"}],"event_choices":[{"damage_healed":0.0,"max_hp_gain":0.0,"max_hp_loss":0.0,"gold_gain":0.0,"event_name":"Match and Keep!","player_choice":"0 cards matched","floor":2.0,"gold_loss":0.0,"damage_taken":0.0,"cards_obtained":[]},{"damage_healed":0.0,"max_hp_gain":0.0,"max_hp_loss":0.0,"gold_gain":0.0,"event_name":"Dead Adventurer","player_choice":"Searched \u00271\u0027 times","floor":8.0,"gold_loss":0.0,"damage_taken":0.0},{"damage_healed":0.0,"max_hp_gain":5.0,"max_hp_loss":0.0,"gold_gain":0.0,"event_name":"Big Fish","player_choice":"Donut","floor":12.0,"gold_loss":0.0,"damage_taken":0.0},{"damage_healed":0.0,"max_hp_gain":0.0,"max_hp_loss":7.0,"gold_gain":0.0,"event_name":"Golden Idol","player_choice":"Lose Max HP","floor":14.0,"gold_loss":0.0,"damage_taken":0.0,"relics_obtained":["Golden Idol"]},{"damage_healed":0.0,"max_hp_gain":0.0,"max_hp_loss":0.0,"gold_gain":0.0,"cards_transformed":["Strike_R","Strike_R"],"event_name":"Drug Dealer","player_choice":"Became Test Subject","floor":21.0,"gold_loss":0.0,"damage_taken":0.0,"cards_obtained":["Bludgeon","Brutality"]},{"damage_healed":36.0,"max_hp_gain":0.0,"max_hp_loss":0.0,"gold_gain":0.0,"event_name":"Wheel of Change","player_choice":"Full Heal","floor":23.0,"gold_loss":0.0,"damage_taken":0.0},{"damage_healed":0.0,"max_hp_gain":0.0,"max_hp_loss":0.0,"gold_gain":0.0,"event_name":"SensoryStone","player_choice":"Memory 3","floor":36.0,"gold_loss":0.0,"damage_taken":10.0},{"damage_healed":0.0,"max_hp_gain":0.0,"max_hp_loss":3.0,"gold_gain":0.0,"event_name":"Winding Halls","player_choice":"Max HP","floor":44.0,"gold_loss":0.0,"damage_taken":0.0},{"damage_healed":0.0,"max_hp_gain":0.0,"max_hp_loss":0.0,"gold_gain":0.0,"event_name":"Tomb of Lord Red Mask","player_choice":"Ignored","floor":45.0,"gold_loss":0.0,"damage_taken":0.0},{"damage_healed":0.0,"max_hp_gain":0.0,"max_hp_loss":0.0,"gold_gain":0.0,"event_name":"MindBloom","player_choice":"Fight","floor":47.0,"gold_loss":0.0,"damage_taken":0.0}],"is_beta":false,"boss_relics":[{"not_picked":["Coffee Dripper","Cursed Key"],"picked":"Runic Pyramid"},{"not_picked":["Snecko Eye","Black Star"],"picked":"Fusion Hammer"}],"items_purged_floors":[20,54],"is_endless":false,"potions_floor_spawned":[3,4,11,19,22,29,30,33,35,42,46,47,55],"ascension_level":20}