{"gold_per_floor":[109,127,127,137,150,150,150,185,185,196,196,214,225,253,253,253],"floor_reached":16,"playtime":738,"items_purged":[],"score":228,"play_id":"2c1f36ba-4204-4435-92e7-e386fcf2c1a4","local_time":"20211001130454","is_ascension_mode":true,"campfire_choices":[{"data":"Iron Wave","floor":6,"key":"SMITH"},{"floor":15,"key":"REST"}],"neow_cost":"NONE","seed_source_timestamp":1250649104238400,"circlet_count":0,"master_deck":["AscendersBane","Strike_R","Strike_R","Strike_R","Defend_R","Defend_R","Defend_R+1","Defend_R","Bash","Iron Wave+1","Pommel Strike+1","Clothesline","Anger","Twin Strike","Shrug It Off","Entrench","Double Tap","Shrug It Off"],"relics":["Burning Blood","NeowsBlessing","Bird Faced Urn","Ginger","Sundial"],"potions_floor_usage":[8,14,14],"damage_taken":[{"damage":0,"enemies":"Jaw Worm","floor":1,"turns":1},{"damage":0,"enemies":"Cultist","floor":2,"turns":1},{"damage":0,"enemies":"2 Louse","floor":4,"turns":1},{"damage":24,"enemies":"Large Slime","floor":5,"turns":7},{"damage":19,"enemies":"Gremlin Nob","floor":8,"turns":4},{"damage":10,"enemies":"3 Louse","floor":10,"turns":3},{"damage":6,"enemies":"Looter","floor":12,"turns":3},{"damage":3,"enemies":"Blue Slaver","floor":13,"turns":3},{"damage":19,"enemies":"Lagavulin","floor":14,"turns":7},{"damage":32,"enemies":"Slime Boss","floor":16,"turns":8}],"seed_played":"-2541226759411064361","potions_obtained":[{"floor":5,"key":"ElixirPotion"},{"floor":12,"key":"DuplicationPotion"},{"floor":13,"key":"SkillPotion"}],"is_trial":false,"path_per_floor":["M","M","?","M","M","R","?","E","T","M","?","M","M","E","R","B"],"character_chosen":"IRONCLAD","items_purchased":[],"campfire_rested":1,"item_purchase_floors":[],"current_hp_per_floor":[74,75,75,75,57,57,34,21,21,17,17,17,20,7,29,0],"gold":253,"neow_bonus":"THREE_ENEMY_KILL","is_prod":false,"is_daily":false,"chose_seed":false,"campfire_upgraded":1,"win_rate":0,"timestamp":1633107894,"path_taken":["M","M","?","M","?","R","?","E","T","M","?","M","M","E","R","BOSS"],"build_version":"2020-12-22","purchased_purges":0,"victory":false,"max_hp_per_floor":[75,75,75,75,75,75,75,75,75,75,75,75,75,75,75,75],"card_choices":[{"not_picked":["Heavy Blade","Headbutt"],"picked":"Iron Wave","floor":1},{"not_picked":["Clothesline","Body Slam"],"picked":"Pommel Strike","floor":2},{"not_picked":["Disarm","Seeing Red"],"picked":"Clothesline","floor":4},{"not_picked":["Pommel Strike","True Grit"],"picked":"Anger","floor":5},{"not_picked":["Body Slam","Rampage"],"picked":"Twin Strike","floor":8},{"not_picked":["Pommel Strike","Iron Wave"],"picked":"Shrug It Off","floor":10},{"not_picked":["Perfected Strike","Clothesline"],"picked":"Double Tap","floor":12},{"not_picked":["Intimidate","Rampage"],"picked":"Shrug It Off","floor":13},{"not_picked":["Reckless Charge","Bloodletting","Anger"],"picked":"SKIP","floor":14}],"player_experience":948118,"relics_obtained":[{"floor":8,"key":"Bird Faced Urn"},{"floor":9,"key":"Ginger"},{"floor":14,"key":"Sundial"}],"event_choices":[{"cards_removed":["Strike_R"],"damage_healed":0,"gold_gain":0,"player_choice":"Purged","damage_taken":0,"max_hp_gain":0,"max_hp_loss":0,"event_name":"Purifier","floor":3,"gold_loss":0},{"damage_healed":0,"gold_gain":0,"player_choice":"Entered Light","damage_taken":23,"max_hp_gain":0,"max_hp_loss":0,"event_name":"Shining Light","floor":7,"gold_loss":0,"cards_upgraded":["Defend_R","Pommel Strike"]},{"damage_healed":0,"gold_gain":0,"cards_transformed":["Strike_R"],"player_choice":"Change","damage_taken":0,"max_hp_gain":0,"max_hp_loss":0,"event_name":"Living Wall","floor":11,"gold_loss":0,"cards_obtained":["Entrench"]}],"is_beta":false,"boss_relics":[],"items_purged_floors":[],"is_endless":false,"potions_floor_spawned":[5,12,13],"killed_by":"Slime Boss","ascension_level":20}