{"gold_per_floor":[115,130,150,161,181,181,49,49,75,75,105,105,118,83,83,83],"floor_reached":16,"playtime":611,"items_purged":["Strike_R"],"score":204,"play_id":"af33e066-bbdc-40a4-b5cf-eed548fe5d38","local_time":"20211002141254","is_ascension_mode":true,"campfire_choices":[{"floor":6,"key":"REST"},{"data":"Fiend Fire","floor":8,"key":"SMITH"},{"data":"Bash","floor":10,"key":"SMITH"},{"data":"Havoc","floor":15,"key":"SMITH"}],"neow_cost":"PERCENT_DAMAGE","seed_source_timestamp":1341208256742400,"circlet_count":0,"master_deck":["AscendersBane","Strike_R","Strike_R","Defend_R","Defend_R","Defend_R","Defend_R","Bash+1","Cleave","Havoc+1","Sword Boomerang","Fiend Fire+1","Power Through","Ghostly Armor"],"special_seed":0,"relics":["Burning Blood","Omamori","Potion Belt"],"potions_floor_usage":[4,5,13,13,16,16],"damage_taken":[{"damage":6.0,"enemies":"Cultist","floor":1.0,"turns":3.0},{"damage":0.0,"enemies":"2 Louse","floor":2.0,"turns":3.0},{"damage":5.0,"enemies":"Small Slimes","floor":3.0,"turns":3.0},{"damage":26,"enemies":"Exordium Thugs","floor":4,"turns":7},{"damage":30,"enemies":"Gremlin Gang","floor":5,"turns":6},{"damage":30,"enemies":"Lagavulin","floor":11,"turns":6},{"damage":0,"enemies":"Large Slime","floor":13,"turns":3},{"damage":46,"enemies":"The Guardian","floor":16,"turns":15}],"seed_played":"-5731323160593829938","potions_obtained":[{"floor":1.0,"key":"AttackPotion"},{"floor":4,"key":"Block Potion"},{"floor":12,"key":"Dexterity Potion"},{"floor":12,"key":"Regen Potion"},{"floor":13,"key":"LiquidMemories"}],"is_trial":false,"path_per_floor":["M","M","M","M","M","R","$","R","T","R","E","?","M","?","R","B"],"character_chosen":"IRONCLAD","items_purchased":["Fire Potion"],"campfire_rested":1,"item_purchase_floors":[7],"current_hp_per_floor":[50,56,57,37,13,35,35,35,35,35,11,11,26,44,44,0],"gold":83,"neow_bonus":"REMOVE_TWO","is_prod":false,"is_daily":false,"chose_seed":false,"campfire_upgraded":3,"win_rate":0,"timestamp":1633198374,"path_taken":["M","M","M","?","M","R","$","R","T","R","E","?","?","?","R","BOSS"],"build_version":"2020-12-22","purchased_purges":1,"victory":false,"max_hp_per_floor":[75,75,75,75,75,75,75,75,75,75,75,75,75,75,75,75],"card_choices":[{"not_picked":["Warcry","Iron Wave"],"picked":"Cleave","floor":1.0},{"not_picked":["Warcry","Searing Blow"],"picked":"Havoc","floor":2.0},{"not_picked":["Sever Soul","Thunderclap","Body Slam"],"picked":"SKIP","floor":3.0},{"not_picked":["Dual Wield","Seeing Red"],"picked":"Sword Boomerang","floor":4},{"not_picked":["Armaments","Anger"],"picked":"Fiend Fire","floor":5},{"not_picked":["Dual Wield","Carnage"],"picked":"Power Through","floor":11},{"not_picked":["Wild Strike","Body Slam"],"picked":"Ghostly Armor","floor":13}],"player_experience":948856,"relics_obtained":[{"floor":9,"key":"Omamori"},{"floor":11,"key":"Potion Belt"}],"event_choices":[{"damage_healed":0,"gold_gain":0,"player_choice":"Got Potions","damage_taken":0,"max_hp_gain":0,"max_hp_loss":0,"event_name":"Lab","floor":12,"gold_loss":0},{"damage_healed":18,"gold_gain":0,"player_choice":"Healed","damage_taken":0,"max_hp_gain":0,"max_hp_loss":0,"event_name":"The Cleric","floor":14,"gold_loss":35}],"is_beta":false,"boss_relics":[],"items_purged_floors":[7],"is_endless":false,"potions_floor_spawned":[1,4,13],"killed_by":"The Guardian","ascension_level":20}