{"gold_per_floor":[212,232,242,257,257,257,287,300,369,369],"floor_reached":10,"playtime":688,"items_purged":[],"score":140,"play_id":"4d1efb56-90e0-4f99-aa05-07c224320c8d","local_time":"20211001125227","is_ascension_mode":true,"campfire_choices":[{"data":"Perfected Strike","floor":6,"key":"SMITH"}],"neow_cost":"NONE","seed_source_timestamp":1249951812697600,"circlet_count":0,"master_deck":["AscendersBane","Strike_R","Strike_R+1","Strike_R","Strike_R","Strike_R","Defend_R","Defend_R","Defend_R","Defend_R","Bash","Spot Weakness","Perfected Strike+1","Feel No Pain","Anger+1","Rage","Disarm"],"relics":["Burning Blood","Whetstone","Kunai"],"potions_floor_usage":[10],"damage_taken":[{"damage":9,"enemies":"2 Louse","floor":1,"turns":3},{"damage":14,"enemies":"Jaw Worm","floor":2,"turns":5},{"damage":2,"enemies":"Cultist","floor":3,"turns":4},{"damage":30,"enemies":"Gremlin Gang","floor":4,"turns":4},{"damage":20,"enemies":"3 Sentries","floor":7,"turns":8},{"damage":2,"enemies":"Large Slime","floor":8,"turns":5},{"damage":56,"enemies":"Lagavulin","floor":10,"turns":8}],"seed_played":"6419329855962756919","potions_obtained":[{"floor":1,"key":"BloodPotion"},{"floor":2,"key":"PowerPotion"}],"is_trial":false,"path_per_floor":["M","M","M","M","?","R","E","M","T","E"],"character_chosen":"IRONCLAD","items_purchased":[],"campfire_rested":0,"item_purchase_floors":[],"current_hp_per_floor":[65,57,61,37,42,42,28,32,32,0],"gold":369,"neow_bonus":"HUNDRED_GOLD","is_prod":false,"is_daily":false,"chose_seed":false,"campfire_upgraded":1,"win_rate":0,"timestamp":1633107147,"path_taken":["M","M","M","M","?","R","E","M","T","E"],"build_version":"2020-12-22","purchased_purges":0,"victory":false,"max_hp_per_floor":[75,75,75,75,80,80,80,80,80,80],"card_choices":[{"not_picked":["Body Slam","Bloodletting"],"picked":"Spot Weakness","floor":1},{"not_picked":["Thunderclap","Warcry"],"picked":"Perfected Strike","floor":2},{"not_picked":["Clash","True Grit"],"picked":"Feel No Pain","floor":3},{"not_picked":["Sword Boomerang","Shrug It Off"],"picked":"Anger","floor":4},{"not_picked":["Warcry","Wild Strike"],"picked":"Rage","floor":7},{"not_picked":["Offering","Heavy Blade"],"picked":"Disarm","floor":8}],"player_experience":947430,"relics_obtained":[{"floor":7,"key":"Whetstone"},{"floor":9,"key":"Kunai"}],"event_choices":[{"damage_healed":0,"gold_gain":0,"player_choice":"Donut","damage_taken":0,"max_hp_gain":5,"max_hp_loss":0,"event_name":"Big Fish","floor":5,"gold_loss":0}],"is_beta":false,"boss_relics":[],"items_purged_floors":[],"is_endless":false,"potions_floor_spawned":[1,2],"killed_by":"Lagavulin","ascension_level":20}