{"gold_per_floor":[111,111,127,137,137,137,169,180,180,180,191,202,237,254,254,254],"floor_reached":16,"playtime":824,"items_purged":[],"score":228,"play_id":"f7ea4c9c-b258-42cb-a2ba-c1fee32ada18","local_time":"20211003120036","is_ascension_mode":true,"campfire_choices":[{"data":"Clothesline","floor":6,"key":"SMITH"},{"data":"Armaments","floor":15,"key":"SMITH"}],"neow_cost":"NONE","seed_source_timestamp":1419503466242100,"circlet_count":0,"master_deck":["AscendersBane","Strike_R","Strike_R","Strike_R","Strike_R","Strike_R","Defend_R","Defend_R","Defend_R","Defend_R","Bash+1","Clothesline+1","Iron Wave+1","Limit Break","Shrug It Off","Armaments+1","Disarm","Battle Trance"],"relics":["Burning Blood","Pear","Lizard Tail","Pocketwatch","MealTicket"],"potions_floor_usage":[7,13,16],"damage_taken":[{"damage":3,"enemies":"2 Louse","floor":1,"turns":4},{"damage":4,"enemies":"Small Slimes","floor":3,"turns":4},{"damage":0,"enemies":"Cultist","floor":4,"turns":3},{"damage":37,"enemies":"Lagavulin","floor":7,"turns":10},{"damage":10,"enemies":"Large Slime","floor":8,"turns":6},{"damage":4,"enemies":"Red Slaver","floor":11,"turns":4},{"damage":0,"enemies":"3 Louse","floor":12,"turns":4},{"damage":6,"enemies":"3 Sentries","floor":13,"turns":9},{"damage":0,"enemies":"2 Fungi Beasts","floor":14,"turns":6},{"damage":80,"enemies":"Hexaghost","floor":16,"turns":14}],"seed_played":"4113317866843043363","potions_obtained":[{"floor":4,"key":"Energy Potion"},{"floor":8,"key":"DistilledChaos"},{"floor":12,"key":"AttackPotion"}],"is_trial":false,"path_per_floor":["M","?","M","M","?","R","E","M","T","?","M","M","E","M","R","B"],"character_chosen":"IRONCLAD","items_purchased":[],"campfire_rested":0,"item_purchase_floors":[],"current_hp_per_floor":[71,63,65,71,71,71,40,36,36,24,26,32,32,38,38,0],"gold":254,"neow_bonus":"UPGRADE_CARD","is_prod":false,"is_daily":false,"chose_seed":false,"campfire_upgraded":2,"win_rate":0,"timestamp":1633276836,"path_taken":["M","?","M","M","?","R","E","?","T","?","M","M","E","?","R","BOSS"],"build_version":"2020-12-22","purchased_purges":0,"victory":false,"max_hp_per_floor":[75,85,85,85,85,85,85,85,85,85,85,85,85,85,85,85],"card_choices":[{"not_picked":["Perfected Strike","Dark Embrace"],"picked":"Clothesline","floor":1},{"not_picked":["Rage","Warcry","Dual Wield"],"picked":"SKIP","floor":3},{"not_picked":["Clothesline","Entrench"],"picked":"Iron Wave","floor":4},{"not_picked":["Intimidate","Thunderclap"],"picked":"Limit Break","floor":7},{"not_picked":["Flex","Whirlwind"],"picked":"Shrug It Off","floor":8},{"not_picked":["Warcry","Sword Boomerang"],"picked":"Armaments","floor":11},{"not_picked":["Clothesline","Havoc"],"picked":"Disarm","floor":12},{"not_picked":["Clash","Wild Strike"],"picked":"Battle Trance","floor":13},{"not_picked":["Flex","Thunderclap","Dual Wield"],"picked":"SKIP","floor":14}],"player_experience":953295,"relics_obtained":[{"floor":7,"key":"Lizard Tail"},{"floor":9,"key":"Pocketwatch"},{"floor":13,"key":"MealTicket"}],"event_choices":[{"damage_healed":0,"gold_gain":0,"player_choice":"Success","damage_taken":18,"relics_obtained":["Pear"],"max_hp_gain":0,"max_hp_loss":0,"event_name":"Scrap Ooze","floor":2,"gold_loss":0},{"damage_healed":0,"gold_gain":0,"player_choice":"Forge","damage_taken":0,"max_hp_gain":0,"max_hp_loss":0,"event_name":"Accursed Blacksmith","floor":5,"gold_loss":0,"cards_upgraded":["Iron Wave"]},{"damage_healed":0,"gold_gain":0,"player_choice":"Damaged","damage_taken":12,"max_hp_gain":0,"max_hp_loss":0,"event_name":"Wheel of Change","floor":10,"gold_loss":0}],"is_beta":false,"boss_relics":[],"items_purged_floors":[],"is_endless":false,"potions_floor_spawned":[4,8,12],"killed_by":"Hexaghost","ascension_level":20}