{"gold_per_floor":[133,133,186,221,221,221,331,367,367,367,395,395,13,122,122,225,225,270,332,399,314,314,314,379,254,254,314,314,121,146,159,159,264,264,284,295,345,415,194,223,233,233,302,336,353,353,25,55,55,55,55,55,32,58,58],"floor_reached":56,"playtime":3676,"items_purged":["Strike_R","Strike_R","Strike_R","Bash","Strike_R+1"],"score":1374,"play_id":"c878a287-1ffa-49ac-8e56-b6e1c1f73405","local_time":"20220304130235","is_ascension_mode":true,"campfire_choices":[{"data":"HandOfGreed","floor":6.0,"key":"SMITH"},{"floor":12.0,"key":"REST"},{"data":"Feel No Pain","floor":15.0,"key":"SMITH"},{"data":"Body Slam","floor":23.0,"key":"SMITH"},{"data":"Armaments","floor":28.0,"key":"SMITH"},{"data":"Feel No Pain","floor":32.0,"key":"SMITH"},{"floor":49,"key":"RECALL"},{"data":"Barricade","floor":52,"key":"SMITH"}],"neow_cost":"TEN_PERCENT_HP_LOSS","seed_source_timestamp":189412766461300,"circlet_count":0,"master_deck":["Defend_R","Defend_R+1","Defend_R","Flame Barrier","Second Wind","Feel No Pain+1","Power Through","Burning Pact","Sentinel+1","Evolve+1","Body Slam+1","Entrench","Armaments+1","Entrench","Feel No Pain+1","Barricade+1","Second Wind+1","Dropkick+1","Impervious+1","Shrug It Off+1","Dark Embrace","Burning Pact+1","Madness","Madness","True Grit"],"special_seed":0,"relics":["Burning Blood","Singing Bowl","Gremlin Horn","Centennial Puzzle","Gambling Chip","Tiny Chest","SlaversCollar","Paper Frog","Mercury Hourglass","Meat on the Bone","Lantern","Astrolabe","Charon\u0027s Ashes","Thread and Needle","Whetstone","Lee\u0027s Waffle","Orichalcum","Turnip"],"potions_floor_usage":[45,55],"damage_taken":[{"damage":5.0,"enemies":"Cultist","floor":1.0,"turns":4.0},{"damage":4.0,"enemies":"2 Louse","floor":3.0,"turns":4.0},{"damage":5.0,"enemies":"Jaw Worm","floor":4.0,"turns":5.0},{"damage":31.0,"enemies":"3 Sentries","floor":7.0,"turns":10.0},{"damage":16.0,"enemies":"Exordium Wildlife","floor":8.0,"turns":5.0},{"damage":6.0,"enemies":"Gremlin Nob","floor":11.0,"turns":3.0},{"damage":6.0,"enemies":"3 Sentries","floor":14.0,"turns":9.0},{"damage":43.0,"enemies":"Hexaghost","floor":16.0,"turns":16.0},{"damage":23.0,"enemies":"Spheric Guardian","floor":18.0,"turns":9.0},{"damage":2.0,"enemies":"2 Thieves","floor":19.0,"turns":4.0},{"damage":13.0,"enemies":"Cultist and Chosen","floor":20.0,"turns":11.0},{"damage":5.0,"enemies":"Centurion and Healer","floor":24.0,"turns":10.0},{"damage":16.0,"enemies":"Book of Stabbing","floor":27.0,"turns":7.0},{"damage":0.0,"enemies":"Snecko","floor":31.0,"turns":6.0},{"damage":17.0,"enemies":"Champ","floor":33.0,"turns":12.0},{"damage":0.0,"enemies":"3 Shapes","floor":35.0,"turns":10.0},{"damage":0.0,"enemies":"Orb Walker","floor":36.0,"turns":6.0},{"damage":0.0,"enemies":"Mind Bloom Boss Battle","floor":37.0,"turns":6.0},{"damage":48.0,"enemies":"Jaw Worm Horde","floor":38.0,"turns":11.0},{"damage":0.0,"enemies":"Giant Head","floor":40.0,"turns":6.0},{"damage":27.0,"enemies":"Transient","floor":41.0,"turns":5.0},{"damage":39.0,"enemies":"Reptomancer","floor":44.0,"turns":4.0},{"damage":0,"enemies":"Maw","floor":45,"turns":7},{"damage":6,"enemies":"Nemesis","floor":48,"turns":5},{"damage":13,"enemies":"Time Eater","floor":50,"turns":6},{"damage":0,"enemies":"Shield and Spear","floor":54,"turns":5},{"damage":62,"enemies":"The Heart","floor":55,"turns":6}],"seed_played":"2967241668926889426","potions_obtained":[{"floor":3.0,"key":"SteroidPotion"},{"floor":7.0,"key":"LiquidBronze"},{"floor":11.0,"key":"Swift Potion"},{"floor":18.0,"key":"SneckoOil"},{"floor":27.0,"key":"ColorlessPotion"},{"floor":31.0,"key":"PowerPotion"},{"floor":37.0,"key":"Explosive Potion"},{"floor":38.0,"key":"PowerPotion"},{"floor":44,"key":"SneckoOil"},{"floor":48,"key":"SteroidPotion"}],"is_trial":false,"path_per_floor":["M","?","M","M","?","R","E","M","T","?","E","R","$","E","R","B",null,"M","M","M","?","?","R","M","$","T","E","R","$","T","M","R","B",null,"M","M","?","M","$","E","M","?","T","E","M","?","$","E","R","B",null,"R","$","E","B",null],"character_chosen":"IRONCLAD","items_purchased":["Gambling Chip","Armaments","Feel No Pain","Dark Embrace","Lee\u0027s Waffle","True Grit"],"campfire_rested":1,"item_purchase_floors":[13,25,29,39,47,53],"current_hp_per_floor":[72,77,77,77,77,77,52,42,42,27,27,50,50,50,50,15,79,62,66,59,59,59,59,60,60,60,50,50,50,50,58,58,47,81,81,83,85,57,57,65,58,58,58,39,57,45,100,102,102,95,102,102,102,104,60],"gold":58,"neow_bonus":"RANDOM_COLORLESS_2","is_prod":false,"is_daily":false,"chose_seed":false,"campfire_upgraded":6,"win_rate":0,"timestamp":1646416955,"path_taken":["M","?","M","M","?","R","E","M","T","?","E","R","?","E","R","BOSS","M","M","M","?","?","R","?","$","T","E","R","$","?","M","R","BOSS","M","M","?","M","$","E","M","?","T","E","M","?","$","E","R","BOSS","R","$","E","BOSS"],"build_version":"2022-02-27","purchased_purges":5,"victory":true,"max_hp_per_floor":[72,77,77,77,77,77,77,77,77,77,77,77,77,77,77,79,79,79,79,79,79,79,79,79,79,79,79,79,79,79,81,81,81,81,81,83,85,87,87,89,91,91,91,93,93,93,100,102,102,102,102,102,102,104,104],"card_choices":[{"not_picked":["Violence","Magnetism"],"picked":"HandOfGreed","floor":0.0},{"not_picked":["Blood for Blood","Iron Wave","Clash"],"picked":"SKIP","floor":1.0},{"not_picked":["Flex","Clothesline"],"picked":"Flame Barrier","floor":3.0},{"not_picked":["Armaments","Fire Breathing"],"picked":"Clothesline","floor":4.0},{"not_picked":["Whirlwind","Pommel Strike"],"picked":"Second Wind","floor":7.0},{"not_picked":["Dark Embrace","Flex"],"picked":"Feel No Pain","floor":8.0},{"not_picked":["Perfected Strike","Clash"],"picked":"Power Through","floor":11.0},{"not_picked":["Seeing Red","Combust"],"picked":"Burning Pact","floor":14.0},{"not_picked":["Berserk","Feed","Brutality"],"picked":"Singing Bowl","floor":16.0},{"not_picked":["Rage","Cleave"],"picked":"Sentinel+1","floor":18.0},{"not_picked":["Dropkick","Headbutt"],"picked":"Evolve+1","floor":19.0},{"not_picked":["Warcry","Shrug It Off"],"picked":"Body Slam","floor":20.0},{"not_picked":["Flame Barrier+1","Headbutt+1"],"picked":"Entrench","floor":24.0},{"not_picked":["Infernal Blade","Rupture"],"picked":"Entrench","floor":27.0},{"not_picked":["Thunderclap","Inflame+1","Flex+1"],"picked":"Singing Bowl","floor":31.0},{"not_picked":["Reaper","Juggernaut"],"picked":"Barricade","floor":33.0},{"not_picked":["Armaments+1","Anger"],"picked":"Shrug It Off+1","floor":35.0},{"not_picked":["Metallicize+1","Dropkick+1","Warcry"],"picked":"Singing Bowl","floor":36.0},{"not_picked":["Pommel Strike","Body Slam+1","Limit Break"],"picked":"Singing Bowl","floor":37.0},{"not_picked":["Thunderclap","Fire Breathing+1","Reckless Charge+1"],"picked":"Singing Bowl","floor":38.0},{"not_picked":["Infernal Blade","Havoc+1","True Grit"],"picked":"Singing Bowl","floor":40.0},{"not_picked":["Reckless Charge+1","Flex","Sword Boomerang"],"picked":"Singing Bowl","floor":41.0},{"not_picked":["Bloodletting","Thunderclap+1","Havoc"],"picked":"Singing Bowl","floor":44},{"not_picked":["Feel No Pain","Armaments+1"],"picked":"Burning Pact+1","floor":45},{"not_picked":["Iron Wave+1","Wild Strike+1","Entrench+1"],"picked":"Singing Bowl","floor":48},{"not_picked":["Cleave","Wild Strike","Ghostly Armor+1"],"picked":"Singing Bowl","floor":54}],"player_experience":996871,"relics_obtained":[{"floor":7.0,"key":"Singing Bowl"},{"floor":9.0,"key":"Gremlin Horn"},{"floor":11.0,"key":"Centennial Puzzle"},{"floor":14.0,"key":"Tiny Chest"},{"floor":26.0,"key":"Mercury Hourglass"},{"floor":27.0,"key":"Meat on the Bone"},{"floor":30.0,"key":"Lantern"},{"floor":37.0,"key":"Charon\u0027s Ashes"},{"floor":40.0,"key":"Thread and Needle"},{"floor":44,"key":"Whetstone"},{"floor":48,"key":"Orichalcum"},{"floor":54,"key":"Turnip"}],"event_choices":[{"damage_healed":0.0,"max_hp_gain":5.0,"max_hp_loss":0.0,"gold_gain":0.0,"event_name":"Big Fish","player_choice":"Donut","floor":2.0,"gold_loss":0.0,"damage_taken":0.0},{"damage_healed":0.0,"max_hp_gain":0.0,"max_hp_loss":0.0,"gold_gain":0.0,"event_name":"Liars Game","player_choice":"Ignored","floor":5.0,"gold_loss":0.0,"damage_taken":0.0},{"damage_healed":0.0,"max_hp_gain":0.0,"max_hp_loss":0.0,"gold_gain":0.0,"event_name":"Shining Light","player_choice":"Entered Light","floor":10.0,"gold_loss":0.0,"damage_taken":15.0,"cards_upgraded":["Strike_R","Defend_R"]},{"damage_healed":0.0,"max_hp_gain":0.0,"max_hp_loss":0.0,"gold_gain":0.0,"event_name":"Addict","player_choice":"Obtained Relic","floor":21.0,"gold_loss":85.0,"damage_taken":0.0,"relics_obtained":["Paper Frog"]},{"damage_healed":0.0,"max_hp_gain":0.0,"max_hp_loss":0.0,"gold_gain":0.0,"event_name":"Match and Keep!","player_choice":"0 cards matched","floor":22.0,"gold_loss":0.0,"damage_taken":0.0,"cards_obtained":[]},{"damage_healed":0.0,"max_hp_gain":0.0,"max_hp_loss":0.0,"gold_gain":0.0,"event_name":"MindBloom","player_choice":"Fight","floor":37.0,"gold_loss":0.0,"damage_taken":0.0},{"cards_removed":["HandOfGreed"],"damage_healed":0.0,"max_hp_gain":0.0,"max_hp_loss":0.0,"gold_gain":0.0,"event_name":"Falling","player_choice":"Removed Attack","floor":42.0,"gold_loss":0.0,"damage_taken":0.0},{"damage_healed":0,"gold_gain":0,"player_choice":"Embrace Madness","damage_taken":12,"max_hp_gain":0,"max_hp_loss":0,"event_name":"Winding Halls","floor":46,"gold_loss":0,"cards_obtained":["Madness","Madness"]}],"is_beta":false,"boss_relics":[{"not_picked":["Sozu","Velvet Choker"],"picked":"SlaversCollar"},{"not_picked":["Black Blood","Black Star"],"picked":"Astrolabe"}],"items_purged_floors":[13,25,29,39,47],"is_endless":false,"potions_floor_spawned":[3,7,11,18,27,31,37,38,44,48],"ascension_level":1}