{"gold_per_floor":[112,112,187,203,153,183,195,195,195,195,227,152,183,197,197,295,295,309,309,156,156,156,189,189,200,200,200,227,142,173,188,188,188],"floor_reached":33,"playtime":1626,"items_purged":["Strike_R","Strike_R"],"score":361,"play_id":"978dda30-efcd-4ca4-b633-7af150dc0723","local_time":"20220501181625","is_ascension_mode":true,"campfire_choices":[{"data":"Iron Wave","floor":8.0,"key":"SMITH"},{"data":"Bash","floor":10.0,"key":"SMITH"},{"data":"Armaments","floor":15,"key":"SMITH"},{"data":"Shrug It Off","floor":24,"key":"SMITH"},{"data":"Clothesline","floor":27,"key":"SMITH"},{"data":"Pommel Strike","floor":32,"key":"SMITH"}],"neow_cost":"NONE","seed_source_timestamp":392885574870900,"circlet_count":0,"master_deck":["Strike_R+1","Strike_R+1","Defend_R","Defend_R","Defend_R","Defend_R","Bash+1","Iron Wave+1","Twin Strike","Cleave","Armaments+1","Shrug It Off+1","Clothesline+1","Pommel Strike+1","Headbutt"],"special_seed":0,"relics":["Burning Blood","NeowsBlessing","Gambling Chip","Magic Flower","Centennial Puzzle","StoneCalendar","Cursed Key","Toy Ornithopter","Art of War","Anchor","Matryoshka","Bottled Flame"],"potions_floor_usage":[13,23,30,33],"damage_taken":[{"damage":0.0,"enemies":"Jaw Worm","floor":1.0,"turns":1.0},{"damage":0.0,"enemies":"Small Slimes","floor":4.0,"turns":1.0},{"damage":0.0,"enemies":"Gremlin Nob","floor":6.0,"turns":1.0},{"damage":0.0,"enemies":"2 Louse","floor":7.0,"turns":2.0},{"damage":11.0,"enemies":"3 Sentries","floor":11.0,"turns":6.0},{"damage":11,"enemies":"Lagavulin","floor":13,"turns":6},{"damage":7,"enemies":"Exordium Thugs","floor":14,"turns":5},{"damage":18,"enemies":"Slime Boss","floor":16,"turns":7},{"damage":0,"enemies":"Chosen","floor":18,"turns":3},{"damage":22,"enemies":"Slavers","floor":23,"turns":7},{"damage":10,"enemies":"Shell Parasite","floor":25,"turns":4},{"damage":18,"enemies":"Book of Stabbing","floor":28,"turns":6},{"damage":9,"enemies":"Slavers","floor":30,"turns":6},{"damage":12,"enemies":"Sentry and Sphere","floor":31,"turns":6},{"damage":130,"enemies":"Automaton","floor":33,"turns":12}],"seed_played":"-6792644669594673645","potions_obtained":[{"floor":6.0,"key":"PowerPotion"},{"floor":11.0,"key":"FairyPotion"},{"floor":16,"key":"AttackPotion"},{"floor":23,"key":"Energy Potion"},{"floor":30,"key":"Swift Potion"}],"is_trial":false,"path_per_floor":["M","?","?","M","?","E","M","R","T","R","E","$","E","M","R","B",null,"M","?","$","T","?","E","R","M","T","R","E","?","E","M","R","B"],"character_chosen":"IRONCLAD","items_purchased":["Shrug It Off"],"campfire_rested":0,"item_purchase_floors":[20],"current_hp_per_floor":[80,64,53,59,59,65,71,71,71,71,69,69,67,69,69,60,80,80,80,80,80,80,67,67,66,66,66,57,57,65,62,62,0],"gold":188,"neow_bonus":"THREE_ENEMY_KILL","is_prod":false,"is_daily":false,"chose_seed":false,"campfire_upgraded":6,"win_rate":0,"timestamp":1651443385,"path_taken":["M","?","?","M","?","E","M","R","T","R","E","$","E","M","R","BOSS","M","?","$","?","?","E","R","?","T","R","E","?","E","M","R","BOSS"],"build_version":"2022-03-07","purchased_purges":2,"victory":false,"max_hp_per_floor":[80,80,80,80,80,80,80,80,80,80,80,80,80,80,80,80,80,80,80,80,80,80,80,80,80,80,80,80,80,80,80,80,80],"card_choices":[{"not_picked":["Rupture","Havoc"],"picked":"Iron Wave","floor":1.0},{"not_picked":["Inflame","Havoc"],"picked":"Twin Strike","floor":4.0},{"not_picked":["Body Slam","Power Through"],"picked":"Cleave","floor":6.0},{"not_picked":["Dropkick","Sever Soul"],"picked":"True Grit","floor":7.0},{"not_picked":["Flex","Hemokinesis","Double Tap"],"picked":"SKIP","floor":11.0},{"not_picked":["Dropkick","Sentinel"],"picked":"Armaments","floor":13},{"not_picked":["Heavy Blade","Armaments","Inflame"],"picked":"SKIP","floor":14},{"not_picked":["Armaments","Carnage","Rage"],"picked":"SKIP","floor":18},{"not_picked":["Burning Pact","Reckless Charge+1","Twin Strike"],"picked":"SKIP","floor":23},{"not_picked":["Armaments","Havoc"],"picked":"Clothesline","floor":25},{"not_picked":["Bludgeon","Havoc","Perfected Strike"],"picked":"SKIP","floor":28},{"not_picked":["Bludgeon","Havoc","Perfected Strike"],"picked":"SKIP","floor":28},{"not_picked":["Clash","Whirlwind"],"picked":"Pommel Strike","floor":30},{"not_picked":["Dual Wield","Cleave+1"],"picked":"Headbutt","floor":31}],"player_experience":1013580,"relics_obtained":[{"floor":6.0,"key":"Gambling Chip"},{"floor":9.0,"key":"Magic Flower"},{"floor":11.0,"key":"Centennial Puzzle"},{"floor":13,"key":"StoneCalendar"},{"floor":23,"key":"Art of War"},{"floor":28,"key":"Anchor"},{"floor":30,"key":"Bottled Flame"}],"event_choices":[{"damage_healed":0.0,"max_hp_gain":0.0,"max_hp_loss":0.0,"gold_gain":0.0,"event_name":"Shining Light","player_choice":"Entered Light","floor":2.0,"gold_loss":0.0,"damage_taken":16.0,"cards_upgraded":["Strike_R","Strike_R"]},{"damage_healed":0.0,"max_hp_gain":0.0,"max_hp_loss":0.0,"gold_gain":75.0,"event_name":"World of Goop","player_choice":"Gather Gold","floor":3.0,"gold_loss":0.0,"damage_taken":11.0},{"cards_removed":["Strike_R"],"damage_healed":0.0,"max_hp_gain":0.0,"max_hp_loss":0.0,"gold_gain":0.0,"event_name":"The Cleric","player_choice":"Card Removal","floor":5.0,"gold_loss":50.0,"damage_taken":0.0},{"cards_removed":["True Grit"],"damage_healed":0,"gold_gain":0,"player_choice":"Gave Card","damage_taken":0,"relics_obtained":["Toy Ornithopter"],"max_hp_gain":0,"max_hp_loss":0,"event_name":"WeMeetAgain","floor":19,"gold_loss":0},{"damage_healed":0,"gold_gain":0,"player_choice":"Full Heal","damage_taken":0,"max_hp_gain":0,"max_hp_loss":0,"event_name":"Wheel of Change","floor":22,"gold_loss":0},{"damage_healed":0,"gold_gain":0,"player_choice":"Obtained Relic","damage_taken":0,"relics_obtained":["Matryoshka"],"max_hp_gain":0,"max_hp_loss":0,"event_name":"Addict","floor":29,"gold_loss":85}],"is_beta":false,"boss_relics":[{"not_picked":["Pandora\u0027s Box","Black Star"],"picked":"Cursed Key"}],"items_purged_floors":[12,20],"is_endless":false,"potions_floor_spawned":[6,11,16,23,30],"killed_by":"Automaton","ascension_level":1}