{"gold_per_floor":[118,118,118,136,155,155,188,198,198,229,284,64,98,114,114,209,209,225,225,125,145,145,177,177,214,214,258,258,133,143,168,168,269,269,297,316,296,146,156,156,191,203,215,137,149,222,261,285,297,309],"floor_reached":51,"playtime":2504,"items_purged":["Strike_R","Perfected Strike","Strike_R","Strike_R"],"score":916,"play_id":"67cfdfd5-09af-4d35-8419-c68ee3443881","local_time":"20220501185954","is_ascension_mode":true,"campfire_choices":[{"data":"Body Slam","floor":6,"key":"SMITH"},{"data":"Heavy Blade","floor":15,"key":"SMITH"},{"data":"Armaments","floor":24,"key":"SMITH"},{"data":"Strike_R","floor":32,"key":"PURGE"},{"data":"Defend_R","floor":40,"key":"PURGE"},{"data":"Defend_R","floor":42,"key":"PURGE"},{"data":"Defend_R","floor":45,"key":"PURGE"},{"data":"Sword Boomerang","floor":49,"key":"SMITH"}],"neow_cost":"NONE","seed_source_timestamp":394572245196600,"circlet_count":0,"master_deck":["Defend_R+1","Bash+1","Body Slam+1","Anger","Thunderclap","True Grit","Armaments+1","Shrug It Off","Heavy Blade+1","Shrug It Off","Heavy Blade+1","Headbutt+1","Sword Boomerang+1","Warcry+1","Shrug It Off+1","Clothesline+1","Shrug It Off+1"],"relics":["Burning Blood","NeowsBlessing","White Beast Statue","Shuriken","Self Forming Clay","Regal Pillow","Brimstone","Omamori","Coffee Dripper","Peace Pipe","CeramicFish","Pantograph","Juzu Bracelet","Nilry\u0027s Codex","Philosopher\u0027s Stone","MawBank","Boot","Calipers"],"potions_floor_usage":[7,14,16,23,25,33,35,41,46,50,50],"damage_taken":[{"damage":0,"enemies":"2 Louse","floor":1,"turns":1},{"damage":0,"enemies":"Jaw Worm","floor":4,"turns":1},{"damage":0,"enemies":"Small Slimes","floor":5,"turns":1},{"damage":6,"enemies":"Gremlin Nob","floor":7,"turns":3},{"damage":1,"enemies":"2 Fungi Beasts","floor":8,"turns":2},{"damage":14,"enemies":"3 Sentries","floor":10,"turns":6},{"damage":14,"enemies":"3 Sentries","floor":11,"turns":7},{"damage":16,"enemies":"Gremlin Nob","floor":13,"turns":3},{"damage":8,"enemies":"Lots of Slimes","floor":14,"turns":7},{"damage":48,"enemies":"Hexaghost","floor":16,"turns":4},{"damage":9,"enemies":"2 Thieves","floor":18,"turns":3},{"damage":2,"enemies":"Shell Parasite","floor":21,"turns":3},{"damage":17,"enemies":"Slavers","floor":23,"turns":4},{"damage":18,"enemies":"Book of Stabbing","floor":25,"turns":3},{"damage":0,"enemies":"Gremlin Leader","floor":27,"turns":4},{"damage":0,"enemies":"Centurion and Healer","floor":30,"turns":4},{"damage":4,"enemies":"Sentry and Sphere","floor":31,"turns":3},{"damage":9,"enemies":"Champ","floor":33,"turns":5},{"damage":6,"enemies":"3 Darklings","floor":35,"turns":3},{"damage":8,"enemies":"Orb Walker","floor":36,"turns":3},{"damage":2,"enemies":"3 Darklings","floor":39,"turns":3},{"damage":9,"enemies":"Giant Head","floor":41,"turns":4},{"damage":10,"enemies":"2 Orb Walkers","floor":46,"turns":3},{"damage":2,"enemies":"4 Shapes","floor":47,"turns":5},{"damage":0,"enemies":"Jaw Worm Horde","floor":48,"turns":3},{"damage":32,"enemies":"Awakened One","floor":50,"turns":8}],"seed_played":"-7644648619887185077","potions_obtained":[{"floor":1,"key":"Explosive Potion"},{"floor":4,"key":"SneckoOil"},{"floor":8,"key":"Ancient Potion"},{"floor":10,"key":"Regen Potion"},{"floor":11,"key":"SteroidPotion"},{"floor":14,"key":"GamblersBrew"},{"floor":16,"key":"ElixirPotion"},{"floor":21,"key":"ColorlessPotion"},{"floor":23,"key":"Energy Potion"},{"floor":25,"key":"AttackPotion"},{"floor":33,"key":"FearPotion"},{"floor":35,"key":"PowerPotion"},{"floor":37,"key":"Fruit Juice"},{"floor":41,"key":"Fire Potion"},{"floor":46,"key":"AttackPotion"}],"is_trial":false,"path_per_floor":["M","?","?","M","M","R","E","M","T","E","?","$","E","M","R","B",null,"M","?","$","M","?","E","R","E","T","E","?","$","M","M","R","B",null,"M","M","?","$","M","R","E","R","T","?","R","?","M","M","R","B",null],"character_chosen":"IRONCLAD","items_purchased":["Brimstone"],"campfire_rested":0,"item_purchase_floors":[12],"current_hp_per_floor":[80,64,64,70,76,76,76,80,80,72,64,64,54,67,67,25,80,77,77,77,80,80,69,69,57,57,63,47,47,53,55,55,77,80,80,78,78,78,80,80,82,82,82,82,82,78,82,85,85,59],"gold":321,"neow_bonus":"THREE_ENEMY_KILL","is_prod":false,"is_daily":false,"chose_seed":false,"campfire_upgraded":4,"win_rate":0,"timestamp":1651445994,"path_taken":["M","?","?","M","?","R","E","M","T","E","?","$","E","M","R","BOSS","M","?","$","M","?","E","R","E","T","E","?","$","M","M","R","BOSS","M","M","?","?","M","R","E","R","T","?","R","?","M","M","R","BOSS"],"build_version":"2022-03-07","purchased_purges":4,"victory":true,"max_hp_per_floor":[80,80,80,80,80,80,80,80,80,80,80,80,80,80,80,80,80,80,80,80,80,80,80,80,80,80,80,80,80,80,80,80,80,80,80,80,80,80,80,80,85,85,85,85,85,85,85,85,85,85],"card_choices":[{"not_picked":["Hemokinesis","Warcry"],"picked":"Body Slam","floor":1},{"not_picked":["Rampage","Twin Strike"],"picked":"Anger","floor":4},{"not_picked":["Anger","Rage"],"picked":"Thunderclap","floor":5},{"not_picked":["Uppercut","Body Slam"],"picked":"Perfected Strike","floor":7},{"not_picked":["Flex","Evolve"],"picked":"True Grit","floor":8},{"not_picked":["Thunderclap","Demon Form"],"picked":"Armaments","floor":10},{"not_picked":["Flex","Ghostly Armor"],"picked":"Shrug It Off","floor":11},{"not_picked":["Barricade","Rampage","Flex"],"picked":"SKIP","floor":13},{"not_picked":["Armaments","Body Slam"],"picked":"Heavy Blade","floor":14},{"not_picked":["Anger","Dual Wield","Wild Strike+1"],"picked":"SKIP","floor":18},{"not_picked":["Searing Blow","Entrench"],"picked":"Shrug It Off","floor":21},{"not_picked":["Flex","Second Wind+1","Feed"],"picked":"SKIP","floor":23},{"not_picked":["Clothesline","Carnage"],"picked":"Headbutt","floor":25},{"not_picked":["Disarm","Havoc"],"picked":"Sword Boomerang","floor":27},{"not_picked":["Metallicize+1","Anger","Thunderclap+1"],"picked":"SKIP","floor":30},{"not_picked":["Headbutt","Twin Strike"],"picked":"Warcry+1","floor":31},{"not_picked":["Pommel Strike","Flex"],"picked":"Shrug It Off+1","floor":35},{"not_picked":["Iron Wave+1","Heavy Blade","True Grit"],"picked":"SKIP","floor":36},{"not_picked":["Metallicize","Exhume","Heavy Blade"],"picked":"SKIP","floor":39},{"not_picked":["Double Tap","Fiend Fire","Cleave+1"],"picked":"SKIP","floor":41},{"not_picked":["Anger+1","Metallicize+1"],"picked":"Clothesline+1","floor":46},{"not_picked":["Battle Trance","Clothesline+1"],"picked":"Shrug It Off+1","floor":47},{"not_picked":["Headbutt","Shrug It Off","Wild Strike"],"picked":"SKIP","floor":48}],"player_experience":1015206,"relics_obtained":[{"floor":7,"key":"White Beast Statue"},{"floor":9,"key":"Shuriken"},{"floor":10,"key":"Self Forming Clay"},{"floor":11,"key":"Regal Pillow"},{"floor":13,"key":"Omamori"},{"floor":23,"key":"Peace Pipe"},{"floor":25,"key":"CeramicFish"},{"floor":26,"key":"Pantograph"},{"floor":27,"key":"Juzu Bracelet"},{"floor":28,"key":"Nilry\u0027s Codex"},{"floor":41,"key":"MawBank"},{"floor":43,"key":"Boot"},{"floor":46,"key":"Calipers"}],"event_choices":[{"damage_healed":0,"gold_gain":0,"player_choice":"Entered Light","damage_taken":16,"max_hp_gain":0,"max_hp_loss":0,"event_name":"Shining Light","floor":2,"gold_loss":0,"cards_upgraded":["Bash","Defend_R"]},{"damage_healed":0,"gold_gain":0,"player_choice":"Ignored","damage_taken":0,"max_hp_gain":0,"max_hp_loss":0,"event_name":"Liars Game","floor":3,"gold_loss":0},{"damage_healed":0,"gold_gain":30,"player_choice":"Searched \u00272\u0027 times","damage_taken":0,"max_hp_gain":0,"max_hp_loss":0,"event_name":"Dead Adventurer","floor":11,"gold_loss":0},{"damage_healed":0,"gold_gain":0,"player_choice":"Ignored","damage_taken":0,"max_hp_gain":0,"max_hp_loss":0,"event_name":"Vampires","floor":19,"gold_loss":0},{"damage_healed":0,"gold_gain":0,"player_choice":"Copied","damage_taken":0,"max_hp_gain":0,"max_hp_loss":0,"event_name":"Duplicator","floor":22,"gold_loss":0,"cards_obtained":["Heavy Blade"]},{"damage_healed":0,"gold_gain":0,"player_choice":"Obtained Book","damage_taken":16,"max_hp_gain":0,"max_hp_loss":0,"event_name":"Cursed Tome","floor":28,"gold_loss":0},{"damage_healed":0,"gold_gain":0,"player_choice":"Bought 1 Potion","damage_taken":0,"max_hp_gain":0,"max_hp_loss":0,"event_name":"The Woman in Blue","floor":37,"gold_loss":0},{"cards_removed":["Strike_R"],"damage_healed":0,"gold_gain":0,"player_choice":"Upgrade and Remove","damage_taken":0,"max_hp_gain":0,"max_hp_loss":0,"event_name":"Designer","floor":44,"gold_loss":90,"cards_upgraded":["Headbutt"]},{"damage_healed":0,"gold_gain":0,"player_choice":"Fight","damage_taken":0,"max_hp_gain":0,"max_hp_loss":0,"event_name":"Mysterious Sphere","floor":46,"gold_loss":0}],"is_beta":false,"boss_relics":[{"not_picked":["Black Blood","Snecko Eye"],"picked":"Coffee Dripper"},{"not_picked":["Runic Pyramid","Sozu"],"picked":"Philosopher\u0027s Stone"}],"items_purged_floors":[12,20,29,38],"is_endless":false,"potions_floor_spawned":[1,4,8,10,11,13,14,16,18,21,23,25,27,30,31,33,35,36,39,41,46,47,48],"ascension_level":1}