{"gold_per_floor":[119,139,139,25,35,35,70,145,145,173,73,73,106,117,117,117],"floor_reached":16,"playtime":725,"items_purged":["Strike_R","Strike_R"],"score":236,"play_id":"5a58fd7f-20ec-4bc7-9ea3-5e4079237c7c","local_time":"20220516200652","is_ascension_mode":true,"campfire_choices":[{"data":"Iron Wave","floor":6.0,"key":"SMITH"},{"data":"Uppercut","floor":12,"key":"SMITH"},{"data":"Rampage","floor":15,"key":"SMITH"}],"neow_cost":"NONE","seed_source_timestamp":216023389683600,"circlet_count":0,"master_deck":["AscendersBane","Strike_R","Strike_R","Strike_R","Defend_R","Defend_R","Defend_R","Defend_R","Bash","Iron Wave+1","Feel No Pain","Headbutt","Uppercut+1","Disarm","Rampage+1"],"special_seed":0,"relics":["Burning Blood","Akabeko","Eternal Feather","Bottled Tornado","Toy Ornithopter","Boot"],"potions_floor_usage":[10,16,16],"damage_taken":[{"damage":4.0,"enemies":"Jaw Worm","floor":1.0,"turns":4.0},{"damage":1.0,"enemies":"Small Slimes","floor":2.0,"turns":4.0},{"damage":0.0,"enemies":"2 Louse","floor":5.0,"turns":2.0},{"damage":17,"enemies":"3 Sentries","floor":7,"turns":14},{"damage":23,"enemies":"Lagavulin","floor":10,"turns":7},{"damage":17,"enemies":"3 Sentries","floor":13,"turns":10},{"damage":1,"enemies":"Exordium Thugs","floor":14,"turns":4},{"damage":61,"enemies":"Hexaghost","floor":16,"turns":9}],"seed_played":"961180615402735","potions_obtained":[{"floor":2.0,"key":"GamblersBrew"},{"floor":5.0,"key":"Weak Potion"},{"floor":10,"key":"Explosive Potion"}],"is_trial":false,"path_per_floor":["M","M","?","$","M","R","E","?","T","E","$","R","E","M","R","B"],"character_chosen":"IRONCLAD","items_purchased":["Feel No Pain"],"campfire_rested":0,"item_purchase_floors":[4],"current_hp_per_floor":[70,75,80,80,80,80,69,58,58,41,41,47,36,41,50,0],"gold":117,"neow_bonus":"RANDOM_COMMON_RELIC","is_prod":false,"is_daily":false,"chose_seed":false,"campfire_upgraded":3,"win_rate":0,"timestamp":1652746012,"path_taken":["M","M","?","$","M","R","E","?","T","E","$","R","E","M","R","BOSS"],"build_version":"2022-03-07","purchased_purges":2,"victory":false,"max_hp_per_floor":[75,75,80,80,80,80,80,80,80,80,80,80,80,80,80,80],"card_choices":[{"not_picked":["True Grit","Thunderclap"],"picked":"Iron Wave","floor":1.0},{"not_picked":["Flex","Fire Breathing","Iron Wave"],"picked":"SKIP","floor":2.0},{"not_picked":["Dropkick","Warcry"],"picked":"Headbutt","floor":5.0},{"not_picked":["Body Slam","Whirlwind"],"picked":"Uppercut","floor":7},{"not_picked":["Pummel","Dual Wield"],"picked":"Disarm","floor":10},{"not_picked":["Clothesline","Bludgeon","Armaments"],"picked":"SKIP","floor":13},{"not_picked":["Feel No Pain","True Grit"],"picked":"Rampage","floor":14}],"player_experience":1021019,"relics_obtained":[{"floor":7,"key":"Eternal Feather"},{"floor":9,"key":"Bottled Tornado"},{"floor":10,"key":"Toy Ornithopter"},{"floor":13,"key":"Boot"}],"event_choices":[{"damage_healed":0.0,"max_hp_gain":5.0,"max_hp_loss":0.0,"gold_gain":0.0,"event_name":"Big Fish","player_choice":"Donut","floor":3.0,"gold_loss":0.0,"damage_taken":0.0},{"damage_healed":0,"gold_gain":75,"player_choice":"Gather Gold","damage_taken":11,"max_hp_gain":0,"max_hp_loss":0,"event_name":"World of Goop","floor":8,"gold_loss":0}],"is_beta":false,"boss_relics":[],"items_purged_floors":[4,11],"is_endless":false,"potions_floor_spawned":[2,5,10,14],"killed_by":"Hexaghost","ascension_level":20}