{"gold_per_floor":[111,131,131,131,141,141,173,173,221,256,272,289,41,53,53,132,132,142,142,153,168,186,212,212,112,112,112,141,156,187,222,222,299,299,314,331,553,428,428,463,463,125,193,206,235,248,267,297,297,297,297,297,297,124,155,155],"floor_reached":56,"playtime":2874,"items_purged":["Strike_R","Strike_R+1","Strike_R+1"],"score":2089,"play_id":"d48ccfc3-5da2-48dc-98bb-575f33df90d6","local_time":"20220623040045","is_ascension_mode":true,"campfire_choices":[{"data":"Pommel Strike","floor":6.0,"key":"SMITH"},{"data":"Shockwave","floor":8.0,"key":"SMITH"},{"data":"Blood for Blood","floor":15.0,"key":"SMITH"},{"data":"Pommel Strike","floor":24.0,"key":"SMITH"},{"data":"Fiend Fire","floor":27.0,"key":"SMITH"},{"data":"Burning Pact","floor":32.0,"key":"SMITH"},{"data":"Dropkick","floor":41.0,"key":"SMITH"},{"floor":49.0,"key":"RECALL"},{"data":"Feel No Pain","floor":53,"key":"SMITH"}],"neow_cost":"NONE","seed_source_timestamp":520407580449400,"circlet_count":0,"master_deck":["AscendersBane","Defend_R","Defend_R","Defend_R","Defend_R","Bash","Clash","Shockwave+1","Pommel Strike+1","Blood for Blood+1","Dropkick","Dropkick+1","Fiend Fire+1","Shrug It Off+1","Pommel Strike+1","Disarm","Burning Pact+1","Flame Barrier+1","Reaper","Thinking Ahead","Dark Embrace","Feel No Pain+1","True Grit+1","Warcry+1","Rage+1"],"special_seed":0,"relics":["Burning Blood","Whetstone","Bronze Scales","Bag of Preparation","Brimstone","Coffee Dripper","Toy Ornithopter","Blood Vial","Red Mask","Dream Catcher","Philosopher\u0027s Stone","White Beast Statue","Gambling Chip","Ornamental Fan","Toxic Egg 2","Boot","Toolbox","Pear"],"potions_floor_usage":[],"damage_taken":[{"damage":1.0,"enemies":"Cultist","floor":1.0,"turns":3.0},{"damage":7.0,"enemies":"2 Louse","floor":2.0,"turns":3.0},{"damage":7.0,"enemies":"Small Slimes","floor":5.0,"turns":3.0},{"damage":8.0,"enemies":"Lagavulin","floor":7.0,"turns":7.0},{"damage":24.0,"enemies":"Gremlin Nob","floor":10.0,"turns":4.0},{"damage":4.0,"enemies":"2 Fungi Beasts","floor":11.0,"turns":3.0},{"damage":9.0,"enemies":"3 Louse","floor":12.0,"turns":2.0},{"damage":10.0,"enemies":"Blue Slaver","floor":14.0,"turns":3.0},{"damage":23.0,"enemies":"The Guardian","floor":16.0,"turns":5.0},{"damage":6.0,"enemies":"Shell Parasite","floor":18.0,"turns":2.0},{"damage":5.0,"enemies":"Chosen","floor":20.0,"turns":3.0},{"damage":8.0,"enemies":"Snake Plant","floor":21.0,"turns":2.0},{"damage":8.0,"enemies":"Centurion and Healer","floor":22.0,"turns":3.0},{"damage":19.0,"enemies":"Book of Stabbing","floor":23.0,"turns":3.0},{"damage":6.0,"enemies":"Gremlin Leader","floor":28.0,"turns":4.0},{"damage":6.0,"enemies":"Shelled Parasite and Fungi","floor":29.0,"turns":2.0},{"damage":15.0,"enemies":"Masked Bandits","floor":30.0,"turns":3.0},{"damage":11.0,"enemies":"Book of Stabbing","floor":31.0,"turns":3.0},{"damage":0.0,"enemies":"Champ","floor":33.0,"turns":5.0},{"damage":2.0,"enemies":"Orb Walker","floor":35.0,"turns":1.0},{"damage":48.0,"enemies":"3 Darklings","floor":36.0,"turns":6.0},{"damage":8.0,"enemies":"Reptomancer","floor":40.0,"turns":3.0},{"damage":18.0,"enemies":"Sphere and 2 Shapes","floor":44.0,"turns":5.0},{"damage":11.0,"enemies":"Giant Head","floor":45.0,"turns":3.0},{"damage":0.0,"enemies":"Transient","floor":46.0,"turns":6.0},{"damage":24.0,"enemies":"Writhing Mass","floor":47.0,"turns":4.0},{"damage":46.0,"enemies":"Reptomancer","floor":48.0,"turns":5.0},{"damage":121.0,"enemies":"Time Eater","floor":50.0,"turns":9.0},{"damage":6,"enemies":"Awakened One","floor":51,"turns":7},{"damage":61,"enemies":"Shield and Spear","floor":55,"turns":5},{"damage":87,"enemies":"The Heart","floor":56,"turns":3}],"seed_played":"7666453822988805977","potions_obtained":[{"floor":5.0,"key":"EssenceOfSteel"},{"floor":11.0,"key":"BloodPotion"},{"floor":12.0,"key":"SteroidPotion"},{"floor":14.0,"key":"FairyPotion"},{"floor":18.0,"key":"Swift Potion"},{"floor":40.0,"key":"Block Potion"},{"floor":46.0,"key":"Swift Potion"},{"floor":55,"key":"BlessingOfTheForge"}],"is_trial":false,"path_per_floor":["M","M","?","?","M","R","E","R","T","E","M","M","$","M","R","B",null,"M","?","M","M","M","E","R","$","T","R","E","M","?","E","R","B",null,"M","M","?","$","?","E","R","$","T","M","E","M","M","E","R","B","B",null,"R","$","E","B"],"character_chosen":"IRONCLAD","items_purchased":["Brimstone","Gambling Chip","Toolbox"],"campfire_rested":0,"item_purchase_floors":[13,42,54],"current_hp_per_floor":[73,72,77,77,76,76,74,74,74,56,58,55,55,67,67,50,73,73,73,74,72,70,57,57,57,57,57,57,59,52,49,49,57,74,80,43,43,43,33,70,70,70,70,80,75,80,73,68,68,9,11,63,63,63,44,0],"gold":155,"neow_bonus":"TRANSFORM_CARD","is_prod":false,"is_daily":false,"chose_seed":false,"campfire_upgraded":8,"win_rate":0,"timestamp":1655971245,"path_taken":["M","M","?","?","M","R","E","R","T","E","M","M","$","M","R","BOSS","M","?","M","M","M","E","R","$","T","R","E","M","?","E","R","BOSS","M","M","?","$","?","E","R","$","T","?","E","M","M","E","R","BOSS","BOSS","R","$","E","BOSS"],"build_version":"2022-03-07","purchased_purges":3,"victory":false,"max_hp_per_floor":[75,75,80,80,80,80,80,80,80,80,80,80,80,80,80,80,80,80,80,80,80,80,80,80,80,80,80,80,80,80,80,80,80,80,80,80,80,80,80,80,80,80,80,80,80,80,80,80,80,80,80,80,80,80,90,90],"relic_stats":{"counters":[31,120],"Bag of Preparation":[52],"Whetstone":["Strike_R","Strike_R"],"Boot":[0],"Burning Blood":173,"White Beast Statue":[0.0,0.0,0.0,0.4,0.0,0.6000000000000001,0.0,0.0,0.0,0.0,0.0,2.2276800000000003],"Blood Vial":26,"Dream Catcher":0,"Ornamental Fan":[144],"Bronze Scales":[326],"Gambling Chip":[41],"obtain_stats":[{"Pear":55,"Bag of Preparation":10,"Whetstone":7,"Boot":48,"Burning Blood":0,"White Beast Statue":40,"Blood Vial":28,"Dream Catcher":31,"Brimstone":13,"Ornamental Fan":43,"Bronze Scales":9,"Gambling Chip":42,"Toolbox":54,"Philosopher\u0027s Stone":34,"Coffee Dripper":17,"Red Mask":30,"Toxic Egg 2":45,"Toy Ornithopter":23},{"Pear":30,"Bag of Preparation":5,"Whetstone":4,"Boot":27,"Burning Blood":0,"White Beast Statue":22,"Blood Vial":15,"Dream Catcher":18,"Brimstone":7,"Ornamental Fan":22,"Bronze Scales":4,"Gambling Chip":22,"Toolbox":29,"Philosopher\u0027s Stone":19,"Coffee Dripper":9,"Red Mask":17,"Toxic Egg 2":24,"Toy Ornithopter":14},{"Pear":117,"Bag of Preparation":20,"Whetstone":16,"Boot":96,"Burning Blood":0,"White Beast Statue":73,"Blood Vial":50,"Dream Catcher":58,"Brimstone":25,"Ornamental Fan":73,"Bronze Scales":16,"Gambling Chip":73,"Toolbox":112,"Philosopher\u0027s Stone":63,"Coffee Dripper":33,"Red Mask":55,"Toxic Egg 2":81,"Toy Ornithopter":46}],"Toy Ornithopter":10},"card_choices":[{"not_picked":["Sword Boomerang","Iron Wave"],"picked":"Shockwave","floor":1.0},{"not_picked":["Iron Wave","Flex"],"picked":"Pommel Strike","floor":2.0},{"not_picked":["Flex","Shockwave","Armaments"],"picked":"SKIP","floor":5.0},{"not_picked":["Pummel","Perfected Strike"],"picked":"Dropkick","floor":7.0},{"not_picked":["Cleave","Demon Form","Heavy Blade"],"picked":"SKIP","floor":10.0},{"not_picked":["Cleave","Demon Form","Heavy Blade"],"picked":"SKIP","floor":10.0},{"not_picked":["Pummel","Anger","Cleave"],"picked":"SKIP","floor":11.0},{"not_picked":["Perfected Strike","Iron Wave","Havoc"],"picked":"SKIP","floor":12.0},{"not_picked":["Perfected Strike","Iron Wave","Havoc"],"picked":"SKIP","floor":12.0},{"not_picked":["Bludgeon","Thunderclap"],"picked":"Dropkick","floor":14.0},{"not_picked":["Exhume","Impervious"],"picked":"Fiend Fire","floor":16.0},{"not_picked":["Anger+1","Pommel Strike","Twin Strike"],"picked":"SKIP","floor":18.0},{"not_picked":["Anger","Perfected Strike"],"picked":"Shrug It Off+1","floor":20.0},{"not_picked":["Iron Wave","Clothesline","Shrug It Off"],"picked":"SKIP","floor":21.0},{"not_picked":["Brutality","Sword Boomerang"],"picked":"Pommel Strike","floor":22.0},{"not_picked":["Combust","Flame Barrier","Wild Strike"],"picked":"SKIP","floor":23.0},{"not_picked":["Twin Strike","Shrug It Off"],"picked":"Disarm","floor":28.0},{"not_picked":["Intimidate","Shrug It Off"],"picked":"Burning Pact","floor":29.0},{"not_picked":["Pummel+1","Intimidate"],"picked":"Flame Barrier+1","floor":31.0},{"not_picked":["Feed","Offering"],"picked":"Reaper","floor":33.0},{"not_picked":["Clash","Perfected Strike+1","Inflame"],"picked":"SKIP","floor":35.0},{"not_picked":["Armaments","Clothesline+1","Infernal Blade"],"picked":"SKIP","floor":36.0},{"not_picked":["Enlightenment","Secret Technique"],"picked":"Thinking Ahead","floor":39.0},{"not_picked":["Perfected Strike","Metallicize+1","Ghostly Armor+1"],"picked":"SKIP","floor":40.0},{"not_picked":["Wild Strike","Rampage"],"picked":"Dark Embrace","floor":44.0},{"not_picked":["Demon Form","Hemokinesis+1","Dark Embrace"],"picked":"SKIP","floor":45.0},{"not_picked":["Iron Wave","Uppercut"],"picked":"Feel No Pain","floor":46.0},{"not_picked":["Ghostly Armor+1","Metallicize"],"picked":"True Grit+1","floor":47.0},{"not_picked":["Clothesline","Headbutt"],"picked":"Warcry+1","floor":48.0},{"not_picked":["Body Slam","Dark Embrace"],"picked":"Rage+1","floor":55}],"player_experience":1055761,"relics_obtained":[{"floor":7.0,"key":"Whetstone"},{"floor":9.0,"key":"Bronze Scales"},{"floor":10.0,"key":"Bag of Preparation"},{"floor":23.0,"key":"Toy Ornithopter"},{"floor":28.0,"key":"Blood Vial"},{"floor":30.0,"key":"Red Mask"},{"floor":31.0,"key":"Dream Catcher"},{"floor":40.0,"key":"White Beast Statue"},{"floor":43.0,"key":"Ornamental Fan"},{"floor":45.0,"key":"Toxic Egg 2"},{"floor":48.0,"key":"Boot"},{"floor":55,"key":"Pear"}],"event_choices":[{"damage_healed":0.0,"max_hp_gain":5.0,"max_hp_loss":0.0,"gold_gain":0.0,"event_name":"Big Fish","player_choice":"Donut","floor":3.0,"gold_loss":0.0,"damage_taken":0.0},{"damage_healed":0.0,"max_hp_gain":0.0,"max_hp_loss":0.0,"gold_gain":0.0,"cards_transformed":["Strike_R"],"event_name":"Living Wall","player_choice":"Change","floor":4.0,"gold_loss":0.0,"damage_taken":0.0,"cards_obtained":["Blood for Blood"]},{"damage_healed":0.0,"max_hp_gain":0.0,"max_hp_loss":0.0,"gold_gain":0.0,"event_name":"The Mausoleum","player_choice":"Ignored","floor":19.0,"gold_loss":0.0,"damage_taken":0.0},{"damage_healed":0.0,"max_hp_gain":0.0,"max_hp_loss":0.0,"gold_gain":0.0,"event_name":"Masked Bandits","player_choice":"Fought Bandits","floor":30.0,"gold_loss":0.0,"damage_taken":0.0},{"damage_healed":0.0,"max_hp_gain":0.0,"max_hp_loss":0.0,"gold_gain":222.0,"event_name":"Tomb of Lord Red Mask","player_choice":"Wore Mask","floor":37.0,"gold_loss":0.0,"damage_taken":0.0},{"damage_healed":0.0,"max_hp_gain":0.0,"max_hp_loss":0.0,"gold_gain":0.0,"event_name":"SensoryStone","player_choice":"Memory 3","floor":39.0,"gold_loss":0.0,"damage_taken":10.0}],"is_beta":false,"boss_relics":[{"not_picked":["Snecko Eye","Tiny House"],"picked":"Coffee Dripper"},{"not_picked":["Velvet Choker","Black Star"],"picked":"Philosopher\u0027s Stone"}],"items_purged_floors":[13,25,38],"is_endless":false,"potions_floor_spawned":[5,11,12,14,18,28,29,31,33,35,40,44,45,46,47,48,55],"killed_by":"The Heart","ascension_level":20}