{"gold_per_floor":[117,117,129,142,153,196,224,224,248,268,268,144,144],"floor_reached":13,"playtime":465,"items_purged":["Strike_R"],"score":174,"play_id":"d0aca914-8ffb-4175-b74f-33545ae4bfe3","local_time":"20220731021647","is_ascension_mode":true,"campfire_choices":[{"floor":8,"key":"REST"},{"data":"Blood for Blood","floor":11,"key":"SMITH"}],"neow_cost":"NONE","seed_source_timestamp":406446492468400,"circlet_count":0,"master_deck":["AscendersBane","Strike_R","Strike_R","Strike_R","Strike_R","Defend_R","Defend_R","Defend_R","Defend_R","Bash+1","Carnage","Reckless Charge","Offering","Battle Trance","Blood for Blood+1","Shrug It Off"],"relics":["Burning Blood","Gambling Chip","CeramicFish","Akabeko"],"potions_floor_usage":[6,7,13],"damage_taken":[{"damage":21,"enemies":"Jaw Worm","floor":1,"turns":4},{"damage":2,"enemies":"Cultist","floor":3,"turns":4},{"damage":4,"enemies":"Small Slimes","floor":4,"turns":3},{"damage":14,"enemies":"Exordium Wildlife","floor":5,"turns":6},{"damage":40,"enemies":"Lagavulin","floor":6,"turns":4},{"damage":15,"enemies":"3 Louse","floor":7,"turns":4},{"damage":7,"enemies":"2 Fungi Beasts","floor":10,"turns":3},{"damage":45,"enemies":"Gremlin Nob","floor":13,"turns":3}],"seed_played":"1435289066048305697","potions_obtained":[{"floor":1,"key":"BlessingOfTheForge"},{"floor":6,"key":"PowerPotion"},{"floor":7,"key":"HeartOfIron"}],"is_trial":false,"path_per_floor":["M","?","M","M","M","E","M","R","T","M","R","$","E"],"character_chosen":"IRONCLAD","items_purchased":["Shrug It Off"],"campfire_rested":1,"item_purchase_floors":[12],"current_hp_per_floor":[53,53,57,59,51,17,8,30,30,29,29,29,0],"gold":144,"neow_bonus":"UPGRADE_CARD","is_prod":false,"is_daily":false,"chose_seed":false,"campfire_upgraded":1,"win_rate":0,"timestamp":1659248207,"path_taken":["M","?","M","M","?","E","M","R","T","M","R","$","E"],"build_version":"2022-03-07","purchased_purges":1,"victory":false,"max_hp_per_floor":[75,75,75,75,75,75,75,75,75,75,75,75,75],"relic_stats":{"counters":[8,31],"Gambling Chip":[24],"CeramicFish":36,"obtain_stats":[{"Gambling Chip":2,"CeramicFish":6,"Burning Blood":0,"Akabeko":9},{"Gambling Chip":1,"CeramicFish":5,"Burning Blood":0,"Akabeko":6},{"Gambling Chip":4,"CeramicFish":21,"Burning Blood":0,"Akabeko":25}],"Burning Blood":42},"card_choices":[{"not_picked":["Dark Embrace","Clothesline"],"picked":"Wild Strike","floor":1},{"not_picked":["Evolve","Body Slam"],"picked":"Carnage","floor":3},{"not_picked":["Warcry","Clash","Searing Blow"],"picked":"SKIP","floor":4},{"not_picked":["Headbutt","Thunderclap"],"picked":"Reckless Charge","floor":5},{"not_picked":["Blood for Blood","Reckless Charge"],"picked":"Offering","floor":6},{"not_picked":["Headbutt","Warcry"],"picked":"Battle Trance","floor":7},{"not_picked":["Clash","Havoc"],"picked":"Blood for Blood","floor":10}],"player_experience":1259108,"relics_obtained":[{"floor":6,"key":"CeramicFish"},{"floor":9,"key":"Akabeko"}],"event_choices":[{"cards_removed":["Wild Strike"],"damage_healed":0,"gold_gain":0,"player_choice":"Gave Card","damage_taken":0,"relics_obtained":["Gambling Chip"],"max_hp_gain":0,"max_hp_loss":0,"event_name":"WeMeetAgain","floor":2,"gold_loss":0}],"is_beta":false,"boss_relics":[],"items_purged_floors":[12],"is_endless":false,"potions_floor_spawned":[1,6,7],"killed_by":"Gremlin Nob","ascension_level":20}