{"gold_per_floor":[118,44,56,68,11,36,46,81,81,107,107,107,122,154,154,225,225,244,260,270,320,339,373,373,402,402,402,327,359,379,121,121,192,192,203,214,214,225,279,279,313,313,340,366,366,164,164,180,180,180,180,180,180,65,100,100],"floor_reached":56,"playtime":3099,"items_purged":["Strike_R","Strike_R","Defend_R"],"score":2086,"play_id":"d3c953d3-e30e-4306-89b0-e525f69e4d90","local_time":"20220805155345","is_ascension_mode":true,"campfire_choices":[{"data":"Perfected Strike","floor":12,"key":"SMITH"},{"data":"Feed","floor":15,"key":"SMITH"},{"data":"Pommel Strike","floor":24,"key":"SMITH"},{"data":"Double Tap","floor":32,"key":"SMITH"},{"floor":40,"key":"RECALL"},{"floor":42,"key":"REST"},{"floor":49,"key":"REST"},{"floor":53,"key":"REST"}],"neow_cost":"NONE","seed_source_timestamp":222505921498900,"circlet_count":0,"master_deck":["AscendersBane","Strike_R","Strike_R","Defend_R","Defend_R","Bash","Perfected Strike","Reaper","Perfected Strike+1","Shockwave","Cleave","Feed+1","Battle Trance","Pommel Strike+1","Inflame","Bludgeon","Shrug It Off","Double Tap+1","Shrug It Off+1","Burning Pact","Impervious","Fiend Fire","Twin Strike","Shockwave","Flame Barrier","Inflame+1","Twin Strike","Barricade"],"relics":["Burning Blood","NeowsBlessing","Boot","Bird Faced Urn","Charon\u0027s Ashes","Gambling Chip","TungstenRod","Snecko Eye","Dream Catcher","Sundial","PreservedInsect","Brimstone","Fusion Hammer","StoneCalendar","Self Forming Clay","Magic Flower","Oddly Smooth Stone"],"potions_floor_usage":[6,7,8,10,22,22,25,56,56],"damage_taken":[{"damage":0,"enemies":"Cultist","floor":1,"turns":1},{"damage":0,"enemies":"Small Slimes","floor":3,"turns":1},{"damage":0,"enemies":"2 Louse","floor":4,"turns":1},{"damage":50,"enemies":"3 Sentries","floor":6,"turns":11},{"damage":13,"enemies":"Exordium Wildlife","floor":7,"turns":2},{"damage":8,"enemies":"Gremlin Nob","floor":8,"turns":3},{"damage":26,"enemies":"Lagavulin","floor":10,"turns":6},{"damage":9,"enemies":"Looter","floor":13,"turns":4},{"damage":15,"enemies":"3 Sentries","floor":14,"turns":4},{"damage":30,"enemies":"Hexaghost","floor":16,"turns":9},{"damage":3,"enemies":"3 Byrds","floor":18,"turns":4},{"damage":0,"enemies":"Chosen","floor":19,"turns":2},{"damage":0,"enemies":"Centurion and Healer","floor":20,"turns":5},{"damage":2,"enemies":"Sentry and Sphere","floor":22,"turns":3},{"damage":17,"enemies":"Book of Stabbing","floor":23,"turns":3},{"damage":20,"enemies":"Slavers","floor":25,"turns":3},{"damage":0,"enemies":"Gremlin Leader","floor":29,"turns":3},{"damage":15,"enemies":"Snake Plant","floor":30,"turns":3},{"damage":57,"enemies":"Collector","floor":33,"turns":6},{"damage":1,"enemies":"3 Darklings","floor":35,"turns":4},{"damage":0,"enemies":"3 Shapes","floor":36,"turns":3},{"damage":27,"enemies":"Sphere and 2 Shapes","floor":38,"turns":5},{"damage":10,"enemies":"2 Orb Walkers","floor":39,"turns":3},{"damage":4,"enemies":"Nemesis","floor":41,"turns":3},{"damage":0,"enemies":"Reptomancer","floor":44,"turns":2},{"damage":19,"enemies":"Writhing Mass","floor":48,"turns":3},{"damage":69,"enemies":"Time Eater","floor":50,"turns":6},{"damage":106,"enemies":"Awakened One","floor":51,"turns":8},{"damage":49,"enemies":"Shield and Spear","floor":55,"turns":5},{"damage":95,"enemies":"The Heart","floor":56,"turns":5}],"seed_played":"-1686238806941955693","potions_obtained":[{"floor":3,"key":"FearPotion"},{"floor":4,"key":"ElixirPotion"},{"floor":6,"key":"Explosive Potion"},{"floor":8,"key":"SkillPotion"},{"floor":19,"key":"ColorlessPotion"},{"floor":20,"key":"Energy Potion"},{"floor":22,"key":"SneckoOil"},{"floor":25,"key":"EssenceOfSteel"},{"floor":29,"key":"BlessingOfTheForge"},{"floor":35,"key":"LiquidMemories"}],"is_trial":false,"path_per_floor":["M","$","M","M","$","E","M","E","T","E","?","R","M","E","R","B",null,"M","M","M","?","M","E","R","E","T","?","$","E","M","$","R","B",null,"M","M","?","M","?","R","E","R","T","E","?","$","?","M","R","B","B",null,"R","$","E","B"],"character_chosen":"IRONCLAD","items_purchased":["Reaper","AttackPotion","Brimstone","Shockwave","SpeedPotion","Twin Strike"],"campfire_rested":3,"item_purchase_floors":[2,5,31,46,54,54],"current_hp_per_floor":[74,74,75,75,75,35,28,26,26,12,37,37,37,31,31,13,67,76,88,97,89,101,92,92,87,87,56,56,73,75,75,75,67,102,114,114,109,94,110,110,118,118,118,118,118,118,118,118,118,96,66,105,118,118,81,0],"gold":100,"neow_bonus":"THREE_ENEMY_KILL","is_prod":false,"is_daily":false,"chose_seed":false,"campfire_upgraded":4,"win_rate":0,"timestamp":1659729225,"path_taken":["M","$","M","?","$","E","M","E","T","E","?","R","M","E","R","BOSS","M","M","M","?","?","E","R","E","T","?","?","E","M","$","R","BOSS","M","M","?","?","?","R","E","R","T","E","?","$","?","?","R","BOSS","BOSS","R","$","E","BOSS"],"build_version":"2022-03-07","purchased_purges":3,"victory":false,"max_hp_per_floor":[75,75,75,75,75,75,75,75,75,75,75,75,78,81,81,85,85,89,93,97,97,101,101,101,105,105,110,110,110,110,110,110,114,114,114,114,114,118,118,118,118,118,118,118,118,118,118,118,118,118,118,118,118,118,118,118],"card_choices":[{"not_picked":["Anger","Iron Wave"],"picked":"Perfected Strike","floor":1},{"not_picked":["Reckless Charge","Flame Barrier"],"picked":"Perfected Strike","floor":3},{"not_picked":["Pummel","Clothesline"],"picked":"Shockwave","floor":4},{"not_picked":["Body Slam","Clothesline","Cleave"],"picked":"SKIP","floor":6},{"not_picked":["Body Slam","Clothesline"],"picked":"Cleave","floor":6},{"not_picked":["Dual Wield","Flex","Wild Strike"],"picked":"SKIP","floor":7},{"not_picked":["Flex","Pummel"],"picked":"Feed","floor":8},{"not_picked":["Carnage","True Grit"],"picked":"Battle Trance","floor":10},{"not_picked":["Uppercut","Iron Wave"],"picked":"Pommel Strike","floor":13},{"not_picked":["Fire Breathing","Reckless Charge"],"picked":"Inflame","floor":14},{"not_picked":["Barricade","Double Tap"],"picked":"Bludgeon","floor":16},{"not_picked":["Seeing Red","Flex","Warcry"],"picked":"SKIP","floor":18},{"not_picked":["Clothesline","Twin Strike","Clash"],"picked":"SKIP","floor":19},{"not_picked":["Bloodletting","Clothesline"],"picked":"Shrug It Off","floor":20},{"not_picked":["Havoc","Headbutt","Iron Wave+1"],"picked":"SKIP","floor":22},{"not_picked":["Spot Weakness","Wild Strike"],"picked":"Double Tap","floor":23},{"not_picked":["Iron Wave","Headbutt"],"picked":"Shrug It Off+1","floor":25},{"not_picked":["Rampage","Power Through","Dropkick"],"picked":"SKIP","floor":29},{"not_picked":["Fire Breathing","Clash"],"picked":"Burning Pact","floor":30},{"not_picked":["Corruption","Demon Form"],"picked":"Impervious","floor":33},{"not_picked":["Rampage","Second Wind+1","True Grit"],"picked":"SKIP","floor":35},{"not_picked":["Sword Boomerang","Sever Soul","Body Slam"],"picked":"SKIP","floor":36},{"not_picked":["Reckless Charge","Fire Breathing","Entrench"],"picked":"SKIP","floor":38},{"not_picked":["Sentinel","Flex"],"picked":"Fiend Fire","floor":41},{"not_picked":["Uppercut+1","Shrug It Off"],"picked":"Twin Strike","floor":42},{"not_picked":["Warcry+1","Seeing Red","Shrug It Off"],"picked":"SKIP","floor":44},{"not_picked":["Flex","Juggernaut","Clash"],"picked":"SKIP","floor":48},{"not_picked":["Pommel Strike","Reckless Charge"],"picked":"Inflame+1","floor":49},{"not_picked":["Iron Wave","Carnage"],"picked":"Barricade","floor":55}],"player_experience":1114277,"relics_obtained":[{"floor":6,"key":"Boot"},{"floor":8,"key":"Bird Faced Urn"},{"floor":9,"key":"Charon\u0027s Ashes"},{"floor":10,"key":"Gambling Chip"},{"floor":14,"key":"TungstenRod"},{"floor":23,"key":"Dream Catcher"},{"floor":26,"key":"Sundial"},{"floor":29,"key":"PreservedInsect"},{"floor":39,"key":"StoneCalendar"},{"floor":41,"key":"Self Forming Clay"},{"floor":44,"key":"Magic Flower"},{"floor":55,"key":"Oddly Smooth Stone"}],"event_choices":[{"damage_healed":25,"gold_gain":0,"player_choice":"Banana","damage_taken":0,"max_hp_gain":0,"max_hp_loss":0,"event_name":"Big Fish","floor":11,"gold_loss":0},{"damage_healed":0,"gold_gain":50,"player_choice":"Touch","damage_taken":9,"max_hp_gain":0,"max_hp_loss":0,"event_name":"FaceTrader","floor":21,"gold_loss":0},{"damage_healed":0,"gold_gain":0,"player_choice":"Shed Blood","damage_taken":37,"max_hp_gain":5,"max_hp_loss":0,"event_name":"Forgotten Altar","floor":27,"gold_loss":0},{"damage_healed":0,"gold_gain":0,"player_choice":"Bought 0 Potions","damage_taken":0,"max_hp_gain":0,"max_hp_loss":0,"event_name":"The Woman in Blue","floor":37,"gold_loss":0},{"damage_healed":0,"gold_gain":0,"player_choice":"Fight","damage_taken":0,"max_hp_gain":0,"max_hp_loss":0,"event_name":"Mysterious Sphere","floor":39,"gold_loss":0},{"cards_removed":["Defend_R"],"damage_healed":0,"gold_gain":0,"player_choice":"Removed Skill","damage_taken":0,"max_hp_gain":0,"max_hp_loss":0,"event_name":"Falling","floor":45,"gold_loss":0},{"damage_healed":0,"gold_gain":0,"cards_transformed":["Strike_R"],"player_choice":"Transformed","damage_taken":0,"max_hp_gain":0,"max_hp_loss":0,"event_name":"Transmorgrifier","floor":47,"gold_loss":0,"cards_obtained":["Flame Barrier"]}],"is_beta":false,"boss_relics":[{"not_picked":["SlaversCollar","Coffee Dripper"],"picked":"Snecko Eye"},{"not_picked":["Tiny House","Mark of Pain"],"picked":"Fusion Hammer"}],"items_purged_floors":[28,31,46],"is_endless":false,"potions_floor_spawned":[3,4,6,8,19,20,22,25,29,33,35,41,55],"killed_by":"The Heart","ascension_level":20}