{"gold_per_floor":[123,123,146,79,88,88,125,145,145,40,40],"floor_reached":11,"playtime":530,"items_purged":["Strike_R"],"score":142,"play_id":"470c89d6-19a7-42db-9d30-77ca0325b407","local_time":"20220805150158","is_ascension_mode":true,"campfire_choices":[{"data":"Uppercut","floor":6,"key":"SMITH"}],"neow_cost":"NONE","seed_source_timestamp":221967320128400,"circlet_count":0,"master_deck":["AscendersBane","Strike_R","Strike_R","Strike_R","Defend_R","Defend_R","Defend_R","Defend_R","Bash+1","Pommel Strike","Evolve","Uppercut+1","Exhume","Disarm"],"relics":["Burning Blood","CeramicFish","Gambling Chip","The Courier"],"potions_floor_usage":[11],"damage_taken":[{"damage":12,"enemies":"Cultist","floor":1,"turns":4},{"damage":10,"enemies":"Small Slimes","floor":3,"turns":3},{"damage":40,"enemies":"3 Sentries","floor":7,"turns":10},{"damage":7,"enemies":"2 Louse","floor":8,"turns":4},{"damage":46,"enemies":"Gremlin Nob","floor":11,"turns":4}],"seed_played":"9023663357914590286","potions_obtained":[{"floor":7,"key":"Swift Potion"}],"is_trial":false,"path_per_floor":["M","?","M","$","?","R","E","M","T","$","E"],"character_chosen":"IRONCLAD","items_purchased":["Uppercut","Strength Potion"],"campfire_rested":0,"item_purchase_floors":[4,10],"current_hp_per_floor":[62,62,58,58,58,58,24,23,23,23,0],"gold":40,"neow_bonus":"RANDOM_COMMON_RELIC","is_prod":false,"is_daily":false,"chose_seed":false,"campfire_upgraded":1,"win_rate":0,"timestamp":1659726118,"path_taken":["M","?","?","?","?","R","E","M","T","$","E"],"build_version":"2022-03-07","purchased_purges":1,"victory":false,"max_hp_per_floor":[75,75,75,75,75,75,75,75,75,75,75],"card_choices":[{"not_picked":["True Grit","Havoc"],"picked":"Pommel Strike","floor":1},{"not_picked":["Sword Boomerang","Fire Breathing"],"picked":"Evolve","floor":3},{"not_picked":["Sword Boomerang","Warcry"],"picked":"Disarm","floor":7},{"not_picked":["Heavy Blade","Iron Wave","True Grit"],"picked":"SKIP","floor":8}],"player_experience":1113747,"relics_obtained":[{"floor":7,"key":"Gambling Chip"},{"floor":9,"key":"The Courier"}],"event_choices":[{"damage_healed":0,"gold_gain":0,"player_choice":"Forge","damage_taken":0,"max_hp_gain":0,"max_hp_loss":0,"event_name":"Accursed Blacksmith","floor":2,"gold_loss":0,"cards_upgraded":["Bash"]},{"damage_healed":0,"gold_gain":0,"cards_transformed":["Strike_R"],"player_choice":"Change","damage_taken":0,"max_hp_gain":0,"max_hp_loss":0,"event_name":"Living Wall","floor":5,"gold_loss":0,"cards_obtained":["Exhume"]}],"is_beta":false,"boss_relics":[],"items_purged_floors":[10],"is_endless":false,"potions_floor_spawned":[7],"killed_by":"Gremlin Nob","ascension_level":20}