{"gold_per_floor":[118,128,52,52,63,63,113,142,142,162,172,172,203,213,213,287,287,298,146,67,87,107,107,107],"floor_reached":24,"playtime":578,"items_purged":["Strike_R"],"score":416,"play_id":"d324479a-b558-4ec2-8e99-fe84a7c13f13","local_time":"20220804014947","is_ascension_mode":true,"campfire_choices":[{"data":"1","floor":6,"key":"LIFT"},{"data":"2","floor":12,"key":"LIFT"},{"data":"3","floor":15,"key":"LIFT"},{"floor":23,"key":"REST"}],"neow_cost":"NONE","seed_source_timestamp":87987883103800,"circlet_count":0,"master_deck":["AscendersBane","Strike_R","Strike_R","Defend_R","Defend_R","Defend_R","Defend_R","Bash","Twin Strike","Wild Strike","Inflame","Anger","Sword Boomerang","Sword Boomerang","Reaper","Feel No Pain","Dark Embrace","Battle Trance"],"relics":["Burning Blood","NeowsBlessing","Girya","Ice Cream","Peace Pipe","Bronze Scales","Empty Cage"],"potions_floor_usage":[8,24],"damage_taken":[{"damage":0,"enemies":"Small Slimes","floor":1,"turns":1},{"damage":0,"enemies":"Cultist","floor":2,"turns":1},{"damage":0,"enemies":"Jaw Worm","floor":5,"turns":1},{"damage":10,"enemies":"Lagavulin","floor":8,"turns":5},{"damage":20,"enemies":"Exordium Wildlife","floor":10,"turns":3},{"damage":7,"enemies":"2 Fungi Beasts","floor":11,"turns":3},{"damage":8,"enemies":"Gremlin Nob","floor":13,"turns":3},{"damage":7,"enemies":"Large Slime","floor":14,"turns":3},{"damage":45,"enemies":"Hexaghost","floor":16,"turns":8},{"damage":16,"enemies":"3 Byrds","floor":18,"turns":4},{"damage":34,"enemies":"Shell Parasite","floor":21,"turns":3},{"damage":35,"enemies":"Snake Plant","floor":22,"turns":3},{"damage":55,"enemies":"Book of Stabbing","floor":24,"turns":4}],"seed_played":"1387652827959966887","potions_obtained":[{"floor":2,"key":"Dexterity Potion"},{"floor":5,"key":"DistilledChaos"},{"floor":11,"key":"DuplicationPotion"},{"floor":14,"key":"FairyPotion"}],"is_trial":false,"path_per_floor":["M","M","$","?","M","R","?","E","T","M","M","R","E","M","R","B",null,"M","$","$","M","M","R","E"],"character_chosen":"IRONCLAD","items_purchased":["Inflame","Feel No Pain","Dark Embrace"],"campfire_rested":1,"item_purchase_floors":[3,19,20],"current_hp_per_floor":[74,75,75,70,75,75,75,71,71,57,56,56,54,53,53,14,60,50,50,50,22,29,51,0],"gold":107,"neow_bonus":"THREE_ENEMY_KILL","is_prod":false,"is_daily":false,"chose_seed":false,"campfire_upgraded":0,"win_rate":0,"timestamp":1659592187,"path_taken":["M","M","$","?","M","R","?","E","T","?","M","R","E","M","R","BOSS","M","?","$","M","M","R","E"],"build_version":"2022-03-07","purchased_purges":1,"victory":false,"max_hp_per_floor":[75,75,75,75,75,75,75,75,75,75,75,75,75,75,75,75,75,75,75,75,75,75,75,75],"card_choices":[{"not_picked":["Heavy Blade","True Grit"],"picked":"Twin Strike","floor":1},{"not_picked":["Shrug It Off","Fire Breathing"],"picked":"Wild Strike","floor":2},{"not_picked":["Clothesline","Heavy Blade"],"picked":"Anger","floor":5},{"not_picked":["Double Tap","Perfected Strike","Blood for Blood"],"picked":"SKIP","floor":8},{"not_picked":["Warcry","Carnage","Infernal Blade"],"picked":"SKIP","floor":10},{"not_picked":["Metallicize","Flex","Armaments"],"picked":"SKIP","floor":11},{"not_picked":["Anger","Searing Blow"],"picked":"Sword Boomerang","floor":13},{"not_picked":["Cleave","Shrug It Off"],"picked":"Sword Boomerang","floor":14},{"not_picked":["Double Tap","Feed"],"picked":"Reaper","floor":16},{"not_picked":["Pummel","Reckless Charge","Flex"],"picked":"SKIP","floor":18},{"not_picked":["Armaments","Sever Soul"],"picked":"Battle Trance","floor":21},{"not_picked":["Heavy Blade","Sentinel","Sword Boomerang"],"picked":"SKIP","floor":22}],"player_experience":1111457,"relics_obtained":[{"floor":8,"key":"Ice Cream"},{"floor":9,"key":"Peace Pipe"},{"floor":13,"key":"Bronze Scales"}],"event_choices":[{"damage_healed":0,"gold_gain":0,"player_choice":"Success","damage_taken":5,"relics_obtained":["Girya"],"max_hp_gain":0,"max_hp_loss":0,"event_name":"Scrap Ooze","floor":4,"gold_loss":0},{"damage_healed":0,"gold_gain":50,"player_choice":"Pray","damage_taken":0,"max_hp_gain":0,"max_hp_loss":0,"event_name":"Golden Shrine","floor":7,"gold_loss":0}],"is_beta":false,"boss_relics":[{"not_picked":["Mark of Pain","Runic Cube"],"picked":"Empty Cage"}],"items_purged_floors":[19],"is_endless":false,"potions_floor_spawned":[2,5,11,14],"killed_by":"Book of Stabbing","ascension_level":20}