{"gold_per_floor":[115,131,131,150,150,150,190,190,190,231,231,32,50,50,50,141,141,160,121,46,46,2,2,40,40,40,80,80],"floor_reached":28,"playtime":1539,"items_purged":[],"score":524,"play_id":"a2d27c50-cf44-4664-a6a6-f837d0ca7523","local_time":"20220816143237","is_ascension_mode":true,"campfire_choices":[{"data":"Armaments","floor":6.0,"key":"SMITH"},{"data":"Battle Trance","floor":8.0,"key":"SMITH"},{"data":"Disarm","floor":11,"key":"SMITH"},{"data":"Inflame","floor":15,"key":"SMITH"},{"data":"Entrench","floor":23,"key":"SMITH"},{"data":"Barricade","floor":25,"key":"SMITH"}],"neow_cost":"TEN_PERCENT_HP_LOSS","seed_source_timestamp":467982627934800,"circlet_count":0,"master_deck":["AscendersBane","Defend_R+1","Defend_R+1","Defend_R","Defend_R","Bash","Flame Barrier","Armaments+1","Battle Trance+1","Clothesline","Inflame+1","Disarm+1","Fiend Fire","Barricade+1","Body Slam","Entrench+1","Headbutt","Dark Embrace"],"special_seed":0,"relics":["Burning Blood","Golden Idol","The Courier","Eternal Feather","Lantern","Empty Cage","Bronze Scales","Tiny Chest","Bag of Marbles"],"potions_floor_usage":[10,16,19,27],"damage_taken":[{"damage":0.0,"enemies":"Jaw Worm","floor":1.0,"turns":5.0},{"damage":4.0,"enemies":"Small Slimes","floor":2.0,"turns":5.0},{"damage":3.0,"enemies":"2 Louse","floor":4.0,"turns":3.0},{"damage":25.0,"enemies":"3 Sentries","floor":7.0,"turns":9.0},{"damage":15,"enemies":"Lagavulin","floor":10,"turns":9},{"damage":5,"enemies":"Blue Slaver","floor":13,"turns":3},{"damage":24,"enemies":"Hexaghost","floor":16,"turns":13},{"damage":16,"enemies":"Chosen","floor":18,"turns":4},{"damage":28,"enemies":"2 Thieves","floor":19,"turns":5},{"damage":4,"enemies":"Book of Stabbing","floor":24,"turns":9},{"damage":36,"enemies":"Slavers","floor":27,"turns":8},{"damage":16,"enemies":"3 Cultists","floor":28,"turns":4}],"seed_played":"-5782325472420907134","potions_obtained":[{"floor":1.0,"key":"LiquidMemories"},{"floor":4.0,"key":"SpeedPotion"},{"floor":10,"key":"LiquidMemories"},{"floor":16,"key":"Dexterity Potion"},{"floor":27,"key":"Strength Potion"}],"is_trial":false,"path_per_floor":["M","M","?","M","?","R","E","R","T","E","R","$","M","?","R","B",null,"M","M","?","?","$","R","E","R","T","E","M"],"character_chosen":"IRONCLAD","items_purchased":["Fiend Fire","Lantern","Fire Potion"],"campfire_rested":0,"item_purchase_floors":[12,12,22],"current_hp_per_floor":[68,68,73,73,66,66,47,47,47,38,47,47,48,28,37,19,54,44,22,22,22,22,31,33,42,42,12,0],"gold":80,"neow_bonus":"TRANSFORM_TWO_CARDS","is_prod":false,"is_daily":false,"chose_seed":false,"campfire_upgraded":6,"win_rate":0,"timestamp":1660674757,"path_taken":["M","M","?","M","?","R","E","R","T","E","R","$","M","?","R","BOSS","M","M","?","?","$","R","E","R","T","E","M"],"build_version":"2022-03-07","purchased_purges":0,"victory":false,"max_hp_per_floor":[68,68,73,73,66,66,66,66,66,66,66,66,66,66,66,66,66,66,66,66,66,66,66,66,66,66,66,66],"relic_stats":{"counters":[12,77],"Golden Idol":62,"Bronze Scales":[54],"Eternal Feather":36,"Tiny Chest":0,"The Courier":60,"obtain_stats":[{"Lantern":12,"Golden Idol":5,"Bronze Scales":24,"Eternal Feather":10,"Tiny Chest":26,"The Courier":7,"Bag of Marbles":27,"Empty Cage":17,"Burning Blood":0},{"Lantern":5,"Golden Idol":3,"Bronze Scales":10,"Eternal Feather":5,"Tiny Chest":10,"The Courier":4,"Bag of Marbles":11,"Empty Cage":7,"Burning Blood":0},{"Lantern":31,"Golden Idol":13,"Bronze Scales":65,"Eternal Feather":31,"Tiny Chest":65,"The Courier":22,"Bag of Marbles":73,"Empty Cage":47,"Burning Blood":0}],"Burning Blood":55},"card_choices":[{"not_picked":["Dark Embrace","Headbutt"],"picked":"Battle Trance","floor":1.0},{"not_picked":["Iron Wave","Carnage"],"picked":"Clothesline","floor":2.0},{"not_picked":["Clothesline","Perfected Strike"],"picked":"Inflame","floor":4.0},{"not_picked":["Headbutt","Twin Strike","Combust"],"picked":"SKIP","floor":7.0},{"not_picked":["Flame Barrier","Sever Soul"],"picked":"Disarm","floor":10},{"not_picked":["Searing Blow","Rupture","Havoc"],"picked":"SKIP","floor":13},{"not_picked":["Exhume","Fiend Fire"],"picked":"Barricade","floor":16},{"not_picked":["Intimidate","Spot Weakness"],"picked":"Body Slam","floor":18},{"not_picked":["Perfected Strike","Clash","Iron Wave"],"picked":"SKIP","floor":19},{"not_picked":["Body Slam","Intimidate"],"picked":"Headbutt","floor":24},{"not_picked":["Juggernaut","Searing Blow"],"picked":"Dark Embrace","floor":27}],"player_experience":1288266,"relics_obtained":[{"floor":7.0,"key":"The Courier"},{"floor":10,"key":"Eternal Feather"},{"floor":24,"key":"Bronze Scales"},{"floor":26,"key":"Tiny Chest"},{"floor":27,"key":"Bag of Marbles"}],"event_choices":[{"damage_healed":0.0,"max_hp_gain":5.0,"max_hp_loss":0.0,"gold_gain":0.0,"event_name":"Big Fish","player_choice":"Donut","floor":3.0,"gold_loss":0.0,"damage_taken":0.0},{"damage_healed":0.0,"max_hp_gain":0.0,"max_hp_loss":7.0,"gold_gain":0.0,"event_name":"Golden Idol","player_choice":"Lose Max HP","floor":5.0,"gold_loss":0.0,"damage_taken":0.0,"relics_obtained":["Golden Idol"]},{"damage_healed":0,"gold_gain":0,"player_choice":"Entered Light","damage_taken":20,"max_hp_gain":0,"max_hp_loss":0,"event_name":"Shining Light","floor":14,"gold_loss":0,"cards_upgraded":["Defend_R","Defend_R"]},{"cards_removed":["Strike_R"],"damage_healed":0,"gold_gain":0,"player_choice":"Gave Gold","damage_taken":0,"max_hp_gain":0,"max_hp_loss":0,"event_name":"Beggar","floor":20,"gold_loss":75},{"damage_healed":0,"gold_gain":0,"player_choice":"Read","damage_taken":0,"max_hp_gain":0,"max_hp_loss":0,"event_name":"The Library","floor":21,"gold_loss":0,"cards_obtained":["Entrench"]}],"is_beta":false,"boss_relics":[{"not_picked":["Calling Bell","Tiny House"],"picked":"Empty Cage"}],"items_purged_floors":[],"is_endless":false,"potions_floor_spawned":[1,4,10,16,27],"killed_by":"3 Cultists","ascension_level":20}