{"gold_per_floor":[218,218,218,231,70,70,145,170,240,240,271,289,289,302,302,302],"floor_reached":16,"playtime":483,"items_purged":[],"score":216,"play_id":"18774b7e-89ba-49fa-a98b-6ac26969a20b","local_time":"20220815234258","is_ascension_mode":true,"campfire_choices":[{"data":"Hemokinesis","floor":6,"key":"SMITH"},{"data":"Bash","floor":10,"key":"SMITH"},{"data":"Iron Wave","floor":13,"key":"SMITH"},{"data":"Body Slam","floor":15,"key":"SMITH"}],"neow_cost":"NONE","seed_source_timestamp":415693094232900,"circlet_count":0,"master_deck":["AscendersBane","Strike_R","Strike_R","Strike_R","Defend_R","Defend_R","Defend_R","Defend_R","Bash+1","Power Through","Hemokinesis+1","Pommel Strike","Battle Trance","Iron Wave+1","Body Slam+1"],"relics":["Burning Blood","Medical Kit","Regal Pillow"],"potions_floor_usage":[8],"damage_taken":[{"damage":5,"enemies":"2 Louse","floor":1,"turns":3},{"damage":6,"enemies":"Small Slimes","floor":4,"turns":3},{"damage":12,"enemies":"Lagavulin","floor":8,"turns":6},{"damage":31,"enemies":"3 Sentries","floor":11,"turns":10},{"damage":2,"enemies":"Cultist","floor":12,"turns":2},{"damage":2,"enemies":"3 Louse","floor":14,"turns":3},{"damage":32,"enemies":"Hexaghost","floor":16,"turns":9}],"seed_played":"4418538460614218950","potions_obtained":[{"floor":4,"key":"PowerPotion"},{"floor":14,"key":"Ancient Potion"}],"is_trial":false,"path_per_floor":["M","?","?","M","$","R","?","E","T","R","E","M","R","M","R","B"],"character_chosen":"IRONCLAD","items_purchased":["Medical Kit"],"campfire_rested":0,"item_purchase_floors":[5],"current_hp_per_floor":[69,62,62,62,62,62,51,45,45,45,20,24,24,28,28,0],"gold":302,"neow_bonus":"HUNDRED_GOLD","is_prod":false,"is_daily":false,"chose_seed":false,"campfire_upgraded":4,"win_rate":0,"timestamp":1660621378,"path_taken":["M","?","?","?","$","R","?","E","T","R","E","M","R","M","R","BOSS"],"build_version":"2022-03-07","purchased_purges":0,"victory":false,"max_hp_per_floor":[75,75,75,75,75,75,75,75,75,75,75,75,75,75,75,75],"card_choices":[{"not_picked":["Sword Boomerang","Havoc"],"picked":"Power Through","floor":1},{"not_picked":["Twin Strike","Carnage","Iron Wave"],"picked":"SKIP","floor":4},{"not_picked":["Thunderclap","Dropkick"],"picked":"Pommel Strike","floor":8},{"not_picked":["Flex","Bloodletting"],"picked":"Battle Trance","floor":11},{"not_picked":["Wild Strike","Heavy Blade"],"picked":"Iron Wave","floor":12},{"not_picked":["Berserk","Sword Boomerang"],"picked":"Body Slam","floor":14}],"player_experience":1130394,"relics_obtained":[{"floor":11,"key":"Regal Pillow"}],"event_choices":[{"cards_removed":["Strike_R"],"damage_healed":0,"gold_gain":0,"player_choice":"Card Removal","damage_taken":7,"max_hp_gain":0,"max_hp_loss":0,"event_name":"Golden Wing","floor":2,"gold_loss":0},{"damage_healed":0,"gold_gain":0,"cards_transformed":["Strike_R"],"player_choice":"Transformed","damage_taken":0,"max_hp_gain":0,"max_hp_loss":0,"event_name":"Transmorgrifier","floor":3,"gold_loss":0,"cards_obtained":["Hemokinesis"]},{"damage_healed":0,"gold_gain":75,"player_choice":"Gather Gold","damage_taken":11,"max_hp_gain":0,"max_hp_loss":0,"event_name":"World of Goop","floor":7,"gold_loss":0}],"is_beta":false,"boss_relics":[],"items_purged_floors":[],"is_endless":false,"potions_floor_spawned":[4,14],"killed_by":"Hexaghost","ascension_level":20}