{"gold_per_floor":[119,119,119,132,142,142,167,167,167,185,204,279,313,334,334,417,417,436,361,388,331,354,354,354],"floor_reached":24,"playtime":1285,"items_purged":["Defend_R"],"score":416,"play_id":"7e6e0b0b-835f-4a42-9f4d-307ed1142ddc","local_time":"20220816145412","is_ascension_mode":true,"campfire_choices":[{"data":"Combust","floor":6,"key":"SMITH"},{"data":"Inflame","floor":15,"key":"SMITH"},{"floor":23,"key":"REST"}],"neow_cost":"NONE","seed_source_timestamp":469565983027800,"circlet_count":0,"master_deck":["AscendersBane","Strike_R","Strike_R","Defend_R","Defend_R","Defend_R","Bash","Combust+1","Twin Strike","Inflame+1","Sword Boomerang","Sword Boomerang","Impervious","Shockwave","Burning Pact","Inflame","Demon Form","True Grit+1"],"relics":["Burning Blood","Question Card","CeramicFish","StrikeDummy","Ornamental Fan","Philosopher\u0027s Stone"],"potions_floor_usage":[7,16,16,20,24],"damage_taken":[{"damage":4,"enemies":"Small Slimes","floor":1,"turns":4},{"damage":14,"enemies":"Jaw Worm","floor":4,"turns":5},{"damage":3,"enemies":"2 Louse","floor":5,"turns":3},{"damage":30,"enemies":"Lagavulin","floor":7,"turns":6},{"damage":7,"enemies":"Looter","floor":10,"turns":3},{"damage":15,"enemies":"Red Slaver","floor":11,"turns":2},{"damage":31,"enemies":"Gremlin Nob","floor":13,"turns":4},{"damage":2,"enemies":"Large Slime","floor":14,"turns":3},{"damage":20,"enemies":"Hexaghost","floor":16,"turns":7},{"damage":2,"enemies":"Chosen","floor":18,"turns":3},{"damage":22,"enemies":"2 Thieves","floor":20,"turns":4},{"damage":29,"enemies":"Snake Plant","floor":22,"turns":4},{"damage":56,"enemies":"Book of Stabbing","floor":24,"turns":4}],"seed_played":"7372743392505199810","potions_obtained":[{"floor":1,"key":"BloodPotion"},{"floor":5,"key":"Regen Potion"},{"floor":13,"key":"LiquidMemories"},{"floor":16,"key":"HeartOfIron"},{"floor":22,"key":"DistilledChaos"}],"is_trial":false,"path_per_floor":["M","?","?","M","M","R","E","T","T","M","M","?","E","M","R","B",null,"M","$","M","?","M","R","E"],"character_chosen":"IRONCLAD","items_purchased":[],"campfire_rested":1,"item_purchase_floors":[],"current_hp_per_floor":[70,75,68,60,63,63,53,53,53,52,43,32,7,11,11,13,63,67,67,51,51,28,52,0],"gold":354,"neow_bonus":"REMOVE_CARD","is_prod":false,"is_daily":false,"chose_seed":false,"campfire_upgraded":2,"win_rate":0,"timestamp":1660676052,"path_taken":["M","?","?","M","M","R","E","?","T","M","M","?","E","M","R","BOSS","M","$","M","?","?","R","E"],"build_version":"2022-03-07","purchased_purges":1,"victory":false,"max_hp_per_floor":[75,80,80,80,80,80,80,80,80,80,80,80,80,80,80,80,80,80,80,80,80,80,80,80],"relic_stats":{"counters":[13,52],"Ornamental Fan":[20],"CeramicFish":72,"Question Card":8,"obtain_stats":[{"Ornamental Fan":13,"CeramicFish":8,"Philosopher\u0027s Stone":17,"Question Card":7,"StrikeDummy":9,"Burning Blood":0},{"Ornamental Fan":7,"CeramicFish":4,"Philosopher\u0027s Stone":9,"Question Card":4,"StrikeDummy":4,"Burning Blood":0},{"Ornamental Fan":27,"CeramicFish":18,"Philosopher\u0027s Stone":37,"Question Card":18,"StrikeDummy":18,"Burning Blood":0}],"Burning Blood":72},"card_choices":[{"not_picked":["Pummel","Iron Wave"],"picked":"Combust","floor":1},{"not_picked":["Clash","Headbutt"],"picked":"Anger","floor":4},{"not_picked":["Body Slam","Sword Boomerang"],"picked":"Twin Strike","floor":5},{"not_picked":["Thunderclap","Rage"],"picked":"Inflame","floor":7},{"not_picked":["Infernal Blade","Hemokinesis","Cleave","Warcry"],"picked":"SKIP","floor":10},{"not_picked":["Bludgeon","Cleave","Searing Blow","Thunderclap"],"picked":"SKIP","floor":11},{"not_picked":["Warcry","Body Slam","Cleave"],"picked":"Sword Boomerang","floor":13},{"not_picked":["Perfected Strike","Rampage","Havoc"],"picked":"Sword Boomerang","floor":14},{"not_picked":["Bludgeon","Double Tap","Exhume"],"picked":"Impervious","floor":16},{"not_picked":["Ghostly Armor","Dropkick","Clothesline"],"picked":"Shockwave","floor":18},{"not_picked":["Perfected Strike","True Grit","Entrench"],"picked":"Burning Pact","floor":20},{"not_picked":["Disarm","Power Through","Whirlwind"],"picked":"True Grit+1","floor":22}],"player_experience":1289805,"relics_obtained":[{"floor":7,"key":"Question Card"},{"floor":8,"key":"CeramicFish"},{"floor":9,"key":"StrikeDummy"},{"floor":13,"key":"Ornamental Fan"}],"event_choices":[{"damage_healed":0,"gold_gain":0,"player_choice":"Donut","damage_taken":0,"max_hp_gain":5,"max_hp_loss":0,"event_name":"Big Fish","floor":2,"gold_loss":0},{"cards_removed":["Strike_R"],"damage_healed":0,"gold_gain":0,"player_choice":"Card Removal","damage_taken":7,"max_hp_gain":0,"max_hp_loss":0,"event_name":"Golden Wing","floor":3,"gold_loss":0},{"damage_healed":0,"gold_gain":75,"player_choice":"Gather Gold","damage_taken":11,"max_hp_gain":0,"max_hp_loss":0,"event_name":"World of Goop","floor":12,"gold_loss":0},{"damage_healed":0,"gold_gain":0,"cards_transformed":["Anger","Strike_R"],"player_choice":"Transformed Cards","damage_taken":0,"max_hp_gain":0,"max_hp_loss":0,"event_name":"Designer","floor":21,"gold_loss":75,"cards_obtained":["Inflame","Demon Form"]}],"is_beta":false,"boss_relics":[{"not_picked":["Black Star","Sozu"],"picked":"Philosopher\u0027s Stone"}],"items_purged_floors":[19],"is_endless":false,"potions_floor_spawned":[1,5,13,16,22],"killed_by":"Book of Stabbing","ascension_level":20}