{"gold_per_floor":[19,19,19,37,55,55,89,108,108,145,173,173,173,209,209,281,281,303,328,253,274,274,274,307,324,401,401,201,201,5,33,33,33],"floor_reached":33,"playtime":2136,"items_purged":["Strike_R","Strike_R","Strike_R"],"score":670,"play_id":"f218fce0-fe22-4da4-8574-4ec1b7ff048e","local_time":"20220913220540","is_ascension_mode":true,"campfire_choices":[{"data":"Armaments","floor":6,"key":"SMITH"},{"floor":13,"key":"REST"},{"data":"Uppercut","floor":15,"key":"SMITH"},{"data":"Strike_R","floor":23,"key":"PURGE"},{"data":"Burning Pact","floor":32,"key":"SMITH"}],"neow_cost":"NO_GOLD","seed_source_timestamp":608479254463900,"circlet_count":0,"master_deck":["AscendersBane","Defend_R","Defend_R","Defend_R","Defend_R","Bash","Feed","Armaments+1","Spot Weakness","Inflame","Uppercut+1","Twin Strike","Pummel","Pommel Strike","Dark Embrace","Cleave+1","Burning Pact+1","Sword Boomerang","Feel No Pain","Shrug It Off"],"relics":["Burning Blood","Peace Pipe","CeramicFish","HornCleat","FossilizedHelix","Gremlin Horn","Coffee Dripper","White Beast Statue"],"potions_floor_usage":[8,18,24,31,33],"damage_taken":[{"damage":14,"enemies":"Small Slimes","floor":1,"turns":4},{"damage":8,"enemies":"Cultist","floor":4,"turns":5},{"damage":4,"enemies":"2 Louse","floor":5,"turns":4},{"damage":59,"enemies":"Gremlin Nob","floor":7,"turns":5},{"damage":6,"enemies":"Gremlin Gang","floor":8,"turns":5},{"damage":49,"enemies":"Lagavulin","floor":10,"turns":9},{"damage":15,"enemies":"2 Fungi Beasts","floor":11,"turns":4},{"damage":0,"enemies":"Gremlin Nob","floor":14,"turns":4},{"damage":31,"enemies":"The Guardian","floor":16,"turns":13},{"damage":13,"enemies":"Spheric Guardian","floor":18,"turns":5},{"damage":8,"enemies":"2 Thieves","floor":19,"turns":4},{"damage":9,"enemies":"Centurion and Healer","floor":21,"turns":5},{"damage":22,"enemies":"Gremlin Leader","floor":24,"turns":7},{"damage":12,"enemies":"Snake Plant","floor":25,"turns":4},{"damage":0,"enemies":"3 Cultists","floor":31,"turns":4},{"damage":70,"enemies":"Champ","floor":33,"turns":14}],"seed_played":"2640855954580353541","potions_obtained":[{"floor":3,"key":"Strength Potion"},{"floor":3,"key":"FairyPotion"},{"floor":5,"key":"Fire Potion"},{"floor":11,"key":"Fire Potion"},{"floor":16,"key":"Explosive Potion"},{"floor":19,"key":"ElixirPotion"},{"floor":24,"key":"Fire Potion"},{"floor":25,"key":"SkillPotion"},{"floor":31,"key":"Weak Potion"}],"is_trial":false,"path_per_floor":["M","?","?","M","M","R","E","M","T","E","M","?","R","E","R","B",null,"M","M","$","M","?","R","E","M","T","?","$","T","$","M","R","B"],"character_chosen":"IRONCLAD","items_purchased":["Burning Pact","Sword Boomerang","Feel No Pain"],"campfire_rested":1,"item_purchase_floors":[28,28,30],"current_hp_per_floor":[60,60,60,58,64,64,15,18,18,13,8,8,36,45,45,24,82,79,80,80,81,47,47,34,31,31,31,31,31,31,41,41,0],"gold":33,"neow_bonus":"ONE_RARE_RELIC","is_prod":false,"is_daily":false,"chose_seed":false,"campfire_upgraded":3,"win_rate":0,"timestamp":1663121140,"path_taken":["M","?","?","M","M","R","E","M","T","E","?","?","R","E","R","BOSS","M","?","$","M","?","R","E","M","T","?","$","?","?","?","R","BOSS"],"build_version":"2022-03-07","purchased_purges":3,"victory":false,"max_hp_per_floor":[75,75,75,75,79,79,83,86,86,90,94,94,94,97,97,101,101,105,108,108,112,117,117,120,123,123,123,123,123,123,127,127,127],"relic_stats":{"Peace Pipe":1,"Gremlin Horn":[11,11],"counters":[16,96],"CeramicFish":99,"obtain_stats":[{"Peace Pipe":0,"HornCleat":9,"Gremlin Horn":14,"CeramicFish":7,"Coffee Dripper":17,"Burning Blood":0,"FossilizedHelix":10,"White Beast Statue":26},{"Peace Pipe":0,"HornCleat":5,"Gremlin Horn":8,"CeramicFish":4,"Coffee Dripper":9,"Burning Blood":0,"FossilizedHelix":6,"White Beast Statue":14},{"Peace Pipe":0,"HornCleat":23,"Gremlin Horn":40,"CeramicFish":18,"Coffee Dripper":53,"Burning Blood":0,"FossilizedHelix":32,"White Beast Statue":78}],"Burning Blood":90,"FossilizedHelix":[99],"White Beast Statue":[0.0,0.0,0.30000000000000004,0.0,0.7000000000000001,0.0,0.0,0.0,0.0,0.0,0.0,0.30000000000000004]},"card_choices":[{"not_picked":["Warcry","Fire Breathing","Bloodletting"],"picked":"SKIP","floor":1},{"not_picked":["Pommel Strike","Inflame"],"picked":"Armaments","floor":4},{"not_picked":["Iron Wave","Body Slam"],"picked":"Spot Weakness","floor":5},{"not_picked":["Rupture","Clash","Havoc"],"picked":"SKIP","floor":7},{"not_picked":["Flex","Heavy Blade"],"picked":"Inflame","floor":8},{"not_picked":["Second Wind","Infernal Blade"],"picked":"Uppercut","floor":10},{"not_picked":["Warcry","Spot Weakness"],"picked":"Twin Strike","floor":11},{"not_picked":["Iron Wave","Evolve"],"picked":"Pummel","floor":14},{"not_picked":["Wild Strike","Inflame"],"picked":"Pommel Strike","floor":18},{"not_picked":["Wild Strike","Warcry"],"picked":"Dark Embrace","floor":19},{"not_picked":["Sentinel","Pummel"],"picked":"Cleave+1","floor":21},{"not_picked":["Blood for Blood+1","Armaments+1","Body Slam"],"picked":"SKIP","floor":24},{"not_picked":["Metallicize","Perfected Strike","Whirlwind"],"picked":"SKIP","floor":25},{"not_picked":["Dark Embrace","Twin Strike"],"picked":"Shrug It Off","floor":31}],"player_experience":1145131,"relics_obtained":[{"floor":7,"key":"CeramicFish"},{"floor":9,"key":"HornCleat"},{"floor":10,"key":"FossilizedHelix"},{"floor":14,"key":"Gremlin Horn"},{"floor":26,"key":"White Beast Statue"}],"event_choices":[{"damage_healed":0,"gold_gain":0,"cards_transformed":["Strike_R"],"player_choice":"Change","damage_taken":0,"max_hp_gain":0,"max_hp_loss":0,"event_name":"Living Wall","floor":2,"gold_loss":0,"cards_obtained":["Feed"]},{"damage_healed":0,"gold_gain":0,"player_choice":"Got Potions","damage_taken":0,"max_hp_gain":0,"max_hp_loss":0,"event_name":"Lab","floor":3,"gold_loss":0},{"damage_healed":0,"gold_gain":0,"player_choice":"Ignored","damage_taken":0,"max_hp_gain":0,"max_hp_loss":0,"event_name":"WeMeetAgain","floor":12,"gold_loss":0},{"damage_healed":0,"gold_gain":0,"player_choice":"Shed Blood","damage_taken":39,"max_hp_gain":5,"max_hp_loss":0,"event_name":"Forgotten Altar","floor":22,"gold_loss":0},{"damage_healed":0,"gold_gain":0,"player_choice":"Ignored","damage_taken":0,"max_hp_gain":0,"max_hp_loss":0,"event_name":"The Mausoleum","floor":27,"gold_loss":0}],"is_beta":false,"boss_relics":[{"not_picked":["Ectoplasm","Mark of Pain"],"picked":"Coffee Dripper"}],"items_purged_floors":[20,28,30],"is_endless":false,"potions_floor_spawned":[5,11,16,19,24,25,31],"killed_by":"Champ","ascension_level":20}