{"gold_per_floor":[112,131,74,91,102,131,131,160,238,258,258,276,276,276,276,348,348,366,380,399,18,37,37],"floor_reached":23,"playtime":1878,"items_purged":["Strike_R"],"score":410,"play_id":"b41facfb-356c-480b-ab75-bd0da2e53bec","local_time":"20220913212950","is_ascension_mode":true,"campfire_choices":[{"data":"Armaments","floor":7,"key":"SMITH"},{"data":"Havoc","floor":11,"key":"SMITH"},{"floor":15,"key":"REST"}],"neow_cost":"NONE","seed_source_timestamp":606531515358300,"circlet_count":0,"master_deck":["AscendersBane","Strike_R","Strike_R","Strike_R","Defend_R","Defend_R","Defend_R","Defend_R","Bash","Armaments+1","Pommel Strike","Perfected Strike","Anger","Havoc+1","Pommel Strike","Immolate","Dark Embrace","Shrug It Off"],"special_seed":0,"relics":["Burning Blood","Unceasing Top","Charon\u0027s Ashes","Self Forming Clay","Snecko Eye","Brimstone"],"potions_floor_usage":[8,12,16,19],"damage_taken":[{"damage":12.0,"enemies":"Cultist","floor":1.0,"turns":4.0},{"damage":4.0,"enemies":"Jaw Worm","floor":2.0,"turns":3.0},{"damage":4.0,"enemies":"Small Slimes","floor":4.0,"turns":3.0},{"damage":13.0,"enemies":"Exordium Thugs","floor":5.0,"turns":4.0},{"damage":32.0,"enemies":"Gremlin Nob","floor":6.0,"turns":4.0},{"damage":19,"enemies":"Lagavulin","floor":8,"turns":6},{"damage":0,"enemies":"Large Slime","floor":10,"turns":2},{"damage":6,"enemies":"Lots of Slimes","floor":12,"turns":4},{"damage":30,"enemies":"The Guardian","floor":16,"turns":10},{"damage":7,"enemies":"Chosen","floor":18,"turns":3},{"damage":28,"enemies":"Shell Parasite","floor":19,"turns":5},{"damage":41,"enemies":"Shelled Parasite and Fungi","floor":20,"turns":6},{"damage":7,"enemies":"Snecko","floor":22,"turns":3},{"damage":32,"enemies":"Book of Stabbing","floor":23,"turns":2}],"seed_played":"4550932844150335348","potions_obtained":[{"floor":0.0,"key":"PowerPotion"},{"floor":0.0,"key":"Ancient Potion"},{"floor":6,"key":"FearPotion"},{"floor":10,"key":"AttackPotion"},{"floor":16,"key":"AttackPotion"},{"floor":18,"key":"Explosive Potion"},{"floor":19,"key":"FairyPotion"}],"is_trial":false,"path_per_floor":["M","M","$","M","M","E","R","E","T","M","R","M","?","?","R","B",null,"M","M","M","$","M","E"],"character_chosen":"IRONCLAD","items_purchased":["Energy Potion","Brimstone","Dark Embrace","SteroidPotion"],"campfire_rested":1,"item_purchase_floors":[3,21,21,21],"current_hp_per_floor":[62,64,64,66,59,33,33,20,20,26,26,26,19,19,41,17,61,60,38,28,28,27,0],"gold":37,"neow_bonus":"THREE_SMALL_POTIONS","is_prod":false,"is_daily":false,"chose_seed":false,"campfire_upgraded":2,"win_rate":0,"timestamp":1663118990,"path_taken":["M","M","?","?","M","E","R","E","T","M","R","M","?","?","R","BOSS","M","M","M","$","M","E"],"build_version":"2022-03-07","purchased_purges":1,"victory":false,"max_hp_per_floor":[75,75,75,75,75,75,75,75,75,75,75,75,75,75,75,75,75,75,75,75,75,75,75],"relic_stats":{"counters":[14,59],"Self Forming Clay":[69],"Snecko Eye":[25,42,36,29,-58],"Charon\u0027s Ashes":[36],"obtain_stats":[{"Self Forming Clay":9,"Brimstone":21,"Snecko Eye":17,"Charon\u0027s Ashes":8,"Burning Blood":0,"Unceasing Top":6},{"Self Forming Clay":6,"Brimstone":12,"Snecko Eye":9,"Charon\u0027s Ashes":6,"Burning Blood":0,"Unceasing Top":5},{"Self Forming Clay":24,"Brimstone":54,"Snecko Eye":40,"Charon\u0027s Ashes":24,"Burning Blood":0,"Unceasing Top":18}],"Burning Blood":78,"Unceasing Top":[0]},"card_choices":[{"not_picked":["Havoc","Flame Barrier"],"picked":"Perfected Strike","floor":1.0},{"not_picked":["Iron Wave","Fire Breathing"],"picked":"Armaments","floor":2.0},{"not_picked":["Twin Strike","Perfected Strike"],"picked":"Pommel Strike","floor":4.0},{"not_picked":["Wild Strike","Clash"],"picked":"Perfected Strike","floor":5.0},{"not_picked":["Twin Strike","Uppercut"],"picked":"Anger","floor":6},{"not_picked":["Sword Boomerang","Exhume","Thunderclap"],"picked":"SKIP","floor":8},{"not_picked":["Clash","Evolve"],"picked":"Havoc","floor":10},{"not_picked":["Heavy Blade","Body Slam","Sword Boomerang"],"picked":"SKIP","floor":12},{"not_picked":["Double Tap","Brutality"],"picked":"Immolate","floor":16},{"not_picked":["Sword Boomerang","Shrug It Off","Anger"],"picked":"SKIP","floor":18},{"not_picked":["Heavy Blade","Headbutt+1","Armaments"],"picked":"SKIP","floor":19},{"not_picked":["Havoc","Headbutt","Iron Wave+1"],"picked":"SKIP","floor":20},{"not_picked":["Headbutt","Hemokinesis"],"picked":"Shrug It Off","floor":22}],"player_experience":1143253,"relics_obtained":[{"floor":6,"key":"Unceasing Top"},{"floor":8,"key":"Charon\u0027s Ashes"},{"floor":9,"key":"Self Forming Clay"}],"event_choices":[{"cards_removed":["Strike_R"],"damage_healed":0,"gold_gain":0,"player_choice":"Card Removal","damage_taken":7,"max_hp_gain":0,"max_hp_loss":0,"event_name":"Golden Wing","floor":13,"gold_loss":0},{"damage_healed":0,"gold_gain":0,"cards_transformed":["Perfected Strike"],"player_choice":"Change","damage_taken":0,"max_hp_gain":0,"max_hp_loss":0,"event_name":"Living Wall","floor":14,"gold_loss":0,"cards_obtained":["Pommel Strike"]}],"is_beta":false,"boss_relics":[{"not_picked":["Velvet Choker","Busted Crown"],"picked":"Snecko Eye"}],"items_purged_floors":[21],"is_endless":false,"potions_floor_spawned":[1,6,10,16,18,19],"killed_by":"Book of Stabbing","ascension_level":20}