{"gold_per_floor":[115,129,129,179,18,44,44,75,154,183,193,212,212,225,225,298,298,310,310,310,235,266,266,279,295,318,318,349,368,398,216,216,292,292,305,131,131,143,161,187,62,93,93,112,112,143,143,172,172,172,172,172,172,2,2],"floor_reached":55,"playtime":3194,"items_purged":["Strike_R","Strike_R","Anger"],"score":2157,"play_id":"42b5d9d2-73e7-4214-a75f-a08dfd1e57de","local_time":"20220924203836","is_ascension_mode":true,"campfire_choices":[{"floor":7,"key":"REST"},{"data":"Armaments","floor":15,"key":"SMITH"},{"floor":23,"key":"REST"},{"data":"Pommel Strike","floor":27,"key":"SMITH"},{"data":"True Grit","floor":32,"key":"SMITH"},{"data":"Limit Break","floor":45,"key":"SMITH"},{"data":"Limit Break","floor":47,"key":"SMITH"},{"floor":49,"key":"RECALL"},{"data":"Disarm","floor":53,"key":"SMITH"}],"neow_cost":"NONE","seed_source_timestamp":337327186306200,"circlet_count":0,"master_deck":["AscendersBane","Defend_R","Defend_R","Defend_R+1","Defend_R","Bash+1","Dramatic Entrance","Inflame","Pommel Strike+1","Hemokinesis","Inflame","True Grit","Armaments+1","Barricade","Limit Break+1","Shrug It Off","Body Slam","Reaper","Feel No Pain+1","Seeing Red","Dark Embrace","Disarm+1","Reaper","True Grit+1","Feed","Seeing Red+1","Entrench","Thunderclap+1","Limit Break+1","True Grit+1"],"special_seed":0,"relics":["Burning Blood","Akabeko","Lantern","Anchor","Mummified Hand","Du-Vu Doll","Champion Belt","Philosopher\u0027s Stone","Red Mask","Happy Flower","Bronze Scales","Red Skull","Busted Crown","Ornamental Fan","Bird Faced Urn","Thread and Needle","Dream Catcher"],"potions_floor_usage":[10,16,28,30,40,46,55,55,55,55],"damage_taken":[{"damage":7,"enemies":"Jaw Worm","floor":1,"turns":2},{"damage":1,"enemies":"Small Slimes","floor":2,"turns":4},{"damage":27,"enemies":"3 Sentries","floor":6,"turns":9},{"damage":8,"enemies":"Gremlin Nob","floor":8,"turns":3},{"damage":15,"enemies":"Lagavulin","floor":10,"turns":5},{"damage":0,"enemies":"Cultist","floor":11,"turns":2},{"damage":16,"enemies":"Blue Slaver","floor":12,"turns":4},{"damage":2,"enemies":"Looter","floor":14,"turns":2},{"damage":2,"enemies":"Slime Boss","floor":16,"turns":4},{"damage":30,"enemies":"Spheric Guardian","floor":18,"turns":4},{"damage":2,"enemies":"Masked Bandits","floor":22,"turns":2},{"damage":2,"enemies":"Chosen","floor":24,"turns":3},{"damage":43,"enemies":"3 Cultists","floor":25,"turns":5},{"damage":30,"enemies":"Gremlin Leader","floor":28,"turns":6},{"damage":18,"enemies":"Shelled Parasite and Fungi","floor":29,"turns":4},{"damage":11,"enemies":"Book of Stabbing","floor":30,"turns":4},{"damage":4,"enemies":"Champ","floor":33,"turns":13},{"damage":32,"enemies":"3 Darklings","floor":35,"turns":8},{"damage":41,"enemies":"Orb Walker","floor":38,"turns":5},{"damage":25,"enemies":"Maw","floor":39,"turns":7},{"damage":35,"enemies":"Giant Head","floor":40,"turns":7},{"damage":68,"enemies":"Nemesis","floor":42,"turns":11},{"damage":16,"enemies":"4 Shapes","floor":44,"turns":3},{"damage":78,"enemies":"Reptomancer","floor":46,"turns":7},{"damage":67,"enemies":"Nemesis","floor":48,"turns":7},{"damage":49,"enemies":"Time Eater","floor":50,"turns":9},{"damage":101,"enemies":"Donu and Deca","floor":51,"turns":10},{"damage":127,"enemies":"Shield and Spear","floor":55,"turns":7}],"seed_played":"-6734582094904025734","potions_obtained":[{"floor":1,"key":"SpeedPotion"},{"floor":8,"key":"Weak Potion"},{"floor":14,"key":"DistilledChaos"},{"floor":18,"key":"FairyPotion"},{"floor":25,"key":"Regen Potion"},{"floor":28,"key":"SteroidPotion"},{"floor":44,"key":"BlessingOfTheForge"},{"floor":48,"key":"BlessingOfTheForge"}],"is_trial":false,"path_per_floor":["M","M","?","?","$","E","R","E","T","E","M","M","?","M","R","B",null,"M","?","?","?","?","R","M","M","T","R","E","M","E","$","R","B",null,"M","$","?","M","M","E","$","E","T","M","R","E","R","E","R","B","B",null,"R","$","E"],"character_chosen":"IRONCLAD","items_purchased":["Akabeko","True Grit","LiquidMemories","Entrench","Swift Potion","EntropicBrew"],"campfire_rested":2,"item_purchase_floors":[5,31,31,36,54,54],"current_hp_per_floor":[67,72,49,42,42,21,43,41,41,32,38,28,17,21,21,25,63,39,39,18,18,22,46,50,28,28,28,39,35,30,30,30,80,80,82,82,82,59,64,64,64,24,24,60,60,47,47,26,26,42,78,92,92,92,0],"gold":2,"neow_bonus":"RANDOM_COLORLESS","is_prod":false,"is_daily":false,"chose_seed":false,"campfire_upgraded":6,"win_rate":0,"timestamp":1664066316,"path_taken":["M","M","?","?","$","E","R","E","T","E","?","M","?","M","R","BOSS","M","?","?","?","?","R","M","?","T","R","E","M","E","$","R","BOSS","M","$","?","?","M","E","$","E","T","M","R","E","R","E","R","BOSS","BOSS","R","$","E"],"build_version":"2022-03-07","purchased_purges":3,"victory":false,"max_hp_per_floor":[75,75,75,75,75,75,75,75,75,75,75,75,75,75,75,75,75,75,75,80,80,80,80,80,80,80,80,80,80,80,80,80,80,80,84,84,84,87,87,91,91,91,91,94,94,94,94,94,94,94,97,97,97,97,97],"relic_stats":{"Dream Catcher":0,"Busted Crown":16,"Happy Flower":[36],"counters":[28,157],"Mummified Hand":[89],"Ornamental Fan":[12],"Bronze Scales":[301],"Bird Faced Urn":[54],"Champion Belt":[35],"obtain_stats":[{"Lantern":6,"Happy Flower":26,"Thread and Needle":46,"Burning Blood":0,"Akabeko":5,"Du-Vu Doll":10,"Anchor":8,"Dream Catcher":48,"Busted Crown":34,"Mummified Hand":9,"Ornamental Fan":40,"Bronze Scales":28,"Bird Faced Urn":42,"Philosopher\u0027s Stone":17,"Red Mask":22,"Champion Belt":13,"Red Skull":30},{"Lantern":3,"Happy Flower":13,"Thread and Needle":24,"Burning Blood":0,"Akabeko":2,"Du-Vu Doll":5,"Anchor":4,"Dream Catcher":25,"Busted Crown":17,"Mummified Hand":4,"Ornamental Fan":21,"Bronze Scales":14,"Bird Faced Urn":22,"Philosopher\u0027s Stone":9,"Red Mask":11,"Champion Belt":7,"Red Skull":16},{"Lantern":15,"Happy Flower":49,"Thread and Needle":124,"Burning Blood":0,"Akabeko":6,"Du-Vu Doll":23,"Anchor":18,"Dream Catcher":131,"Busted Crown":76,"Mummified Hand":18,"Ornamental Fan":103,"Bronze Scales":55,"Bird Faced Urn":114,"Philosopher\u0027s Stone":35,"Red Mask":41,"Champion Belt":29,"Red Skull":63}],"Burning Blood":156},"card_choices":[{"not_picked":["Finesse","Jack Of All Trades"],"picked":"Dramatic Entrance","floor":0.0},{"not_picked":["Sword Boomerang","Havoc"],"picked":"Inflame","floor":1},{"not_picked":["Clothesline","Seeing Red"],"picked":"Anger","floor":2},{"not_picked":["Flame Barrier","Intimidate"],"picked":"Pommel Strike","floor":6},{"not_picked":["Clothesline","Carnage"],"picked":"Hemokinesis","floor":8},{"not_picked":["Warcry","Entrench"],"picked":"Inflame","floor":10},{"not_picked":["Hemokinesis","Perfected Strike"],"picked":"True Grit","floor":11},{"not_picked":["Body Slam","Pommel Strike"],"picked":"Armaments","floor":12},{"not_picked":["Anger","Twin Strike"],"picked":"Barricade","floor":14},{"not_picked":["Fiend Fire","Berserk"],"picked":"Limit Break","floor":16},{"not_picked":["Whirlwind","Havoc+1"],"picked":"Shrug It Off","floor":18},{"not_picked":["Clash","True Grit"],"picked":"Feel No Pain+1","floor":24},{"not_picked":["Sever Soul","Heavy Blade"],"picked":"Seeing Red","floor":25},{"not_picked":["Shrug It Off","Second Wind"],"picked":"Dark Embrace","floor":28},{"not_picked":["Anger","Iron Wave"],"picked":"Disarm","floor":29},{"not_picked":["Flex","Clash"],"picked":"Reaper","floor":30},{"not_picked":["Barricade","Corruption"],"picked":"Feed","floor":33},{"not_picked":[],"picked":"Seeing Red+1","floor":35},{"not_picked":["Armaments"],"picked":"SKIP","floor":38},{"not_picked":[],"picked":"Thunderclap+1","floor":39},{"not_picked":["Wild Strike"],"picked":"SKIP","floor":40},{"not_picked":[],"picked":"Limit Break","floor":42},{"not_picked":[],"picked":"True Grit+1","floor":44},{"not_picked":["Anger"],"picked":"SKIP","floor":46},{"not_picked":["True Grit"],"picked":"SKIP","floor":48}],"player_experience":1148920,"relics_obtained":[{"floor":6,"key":"Lantern"},{"floor":8,"key":"Anchor"},{"floor":9,"key":"Mummified Hand"},{"floor":10,"key":"Du-Vu Doll"},{"floor":22,"key":"Red Mask"},{"floor":26,"key":"Happy Flower"},{"floor":28,"key":"Bronze Scales"},{"floor":30,"key":"Red Skull"},{"floor":40,"key":"Ornamental Fan"},{"floor":42,"key":"Bird Faced Urn"},{"floor":46,"key":"Thread and Needle"},{"floor":48,"key":"Dream Catcher"}],"event_choices":[{"damage_healed":0,"gold_gain":0,"player_choice":"Entered Light","damage_taken":23,"max_hp_gain":0,"max_hp_loss":0,"event_name":"Shining Light","floor":3,"gold_loss":0,"cards_upgraded":["Bash","Defend_R"]},{"damage_healed":0,"gold_gain":50,"player_choice":"Touch","damage_taken":7,"max_hp_gain":0,"max_hp_loss":0,"event_name":"FaceTrader","floor":4,"gold_loss":0},{"damage_healed":0,"gold_gain":0,"player_choice":"Success","damage_taken":11,"relics_obtained":["Champion Belt"],"max_hp_gain":0,"max_hp_loss":0,"event_name":"Scrap Ooze","floor":13,"gold_loss":0},{"damage_healed":0,"gold_gain":0,"cards_transformed":["Strike_R","Strike_R"],"player_choice":"Became Test Subject","damage_taken":0,"max_hp_gain":0,"max_hp_loss":0,"event_name":"Drug Dealer","floor":19,"gold_loss":0,"cards_obtained":["Body Slam","Reaper"]},{"damage_healed":0,"gold_gain":0,"player_choice":"Shed Blood","damage_taken":26,"max_hp_gain":5,"max_hp_loss":0,"event_name":"Forgotten Altar","floor":20,"gold_loss":0},{"cards_removed":["Strike_R"],"damage_healed":0,"gold_gain":0,"player_choice":"Gave Gold","damage_taken":0,"max_hp_gain":0,"max_hp_loss":0,"event_name":"Beggar","floor":21,"gold_loss":75},{"damage_healed":0,"gold_gain":0,"player_choice":"Fought Bandits","damage_taken":0,"max_hp_gain":0,"max_hp_loss":0,"event_name":"Masked Bandits","floor":22,"gold_loss":0},{"damage_healed":0,"gold_gain":0,"player_choice":"0 cards matched","damage_taken":0,"max_hp_gain":0,"max_hp_loss":0,"event_name":"Match and Keep!","floor":37,"gold_loss":0,"cards_obtained":[]}],"is_beta":false,"boss_relics":[{"not_picked":["Ectoplasm","Runic Cube"],"picked":"Philosopher\u0027s Stone"},{"not_picked":["Runic Dome","Sozu"],"picked":"Busted Crown"}],"items_purged_floors":[31,36,41],"is_endless":false,"potions_floor_spawned":[1,8,14,18,25,28,29,35,44,48],"killed_by":"Shield and Spear","ascension_level":20}