{"gold_per_floor":[361,361,125,138,59,59,97,97,97,141,165,181,181,181,181,274,274,297,316,316,42,60,60,96,9,9,9,25,49,63,87,87,183,183,196,260,593,613,293,293,320,338,338,356,384,384,401,401,401,401,401],"floor_reached":51,"playtime":2828,"items_purged":["Writhe","Strike_R","Strike_R"],"score":1549,"play_id":"b2d8755b-faea-4f83-8320-2c48f9e152c5","local_time":"20221014184756","is_ascension_mode":true,"campfire_choices":[{"data":"Iron Wave","floor":6.0,"key":"SMITH"},{"data":"Bash","floor":8.0,"key":"SMITH"},{"data":"Body Slam","floor":13.0,"key":"SMITH"},{"data":"True Grit","floor":15.0,"key":"SMITH"},{"floor":23.0,"key":"REST"},{"floor":27.0,"key":"REST"},{"data":"Dark Embrace","floor":32.0,"key":"SMITH"},{"data":"Strike_R","floor":40.0,"key":"PURGE"},{"floor":46,"key":"REST"},{"floor":49,"key":"RECALL"}],"neow_cost":"CURSE","seed_source_timestamp":0,"circlet_count":0,"master_deck":["AscendersBane","Strike_R","Defend_R","Defend_R","Defend_R","Defend_R","Bash+1","Iron Wave+1","Fire Breathing","True Grit+1","Infernal Blade+1","True Grit+1","Body Slam+1","Offering+1","Burning Pact+1","Rupture","Entrench+1","Madness+1","Feel No Pain","Dark Embrace+1","Shrug It Off+1","Body Slam","Offering+1","Shockwave+1","Feel No Pain","Decay","Warcry+1","Juggernaut","Body Slam+1"],"special_seed":0,"relics":["Burning Blood","Toolbox","Happy Flower","Toxic Egg 2","Oddly Smooth Stone","Cursed Key","Singing Bowl","Philosopher\u0027s Stone","Peace Pipe","Pear","Molten Egg 2"],"potions_floor_usage":[50,50,51],"damage_taken":[{"damage":1.0,"enemies":"2 Louse","floor":1.0,"turns":4.0},{"damage":7.0,"enemies":"Jaw Worm","floor":4.0,"turns":3.0},{"damage":23.0,"enemies":"Lagavulin","floor":7.0,"turns":6.0},{"damage":32.0,"enemies":"Gremlin Nob","floor":10.0,"turns":5.0},{"damage":5.0,"enemies":"Cultist","floor":11.0,"turns":4.0},{"damage":0.0,"enemies":"2 Fungi Beasts","floor":12.0,"turns":5.0},{"damage":15.0,"enemies":"Hexaghost","floor":16.0,"turns":9.0},{"damage":22.0,"enemies":"Chosen","floor":18.0,"turns":6.0},{"damage":6.0,"enemies":"2 Thieves","floor":19.0,"turns":4.0},{"damage":15.0,"enemies":"Shelled Parasite and Fungi","floor":22.0,"turns":4.0},{"damage":36.0,"enemies":"Slavers","floor":24.0,"turns":6.0},{"damage":8.0,"enemies":"Sentry and Sphere","floor":28.0,"turns":6.0},{"damage":6.0,"enemies":"Cultist and Chosen","floor":29.0,"turns":4.0},{"damage":6.0,"enemies":"3 Cultists","floor":30.0,"turns":4.0},{"damage":6.0,"enemies":"Snecko","floor":31.0,"turns":2.0},{"damage":12.0,"enemies":"Automaton","floor":33.0,"turns":7.0},{"damage":37.0,"enemies":"3 Darklings","floor":35.0,"turns":4.0},{"damage":12.0,"enemies":"2 Orb Walkers","floor":36.0,"turns":4.0},{"damage":1.0,"enemies":"Orb Walker","floor":38.0,"turns":3.0},{"damage":12.0,"enemies":"Reptomancer","floor":41.0,"turns":2.0},{"damage":12.0,"enemies":"Transient","floor":42.0,"turns":6.0},{"damage":40.0,"enemies":"3 Darklings","floor":44.0,"turns":4.0},{"damage":12,"enemies":"Giant Head","floor":45,"turns":2},{"damage":6,"enemies":"Writhing Mass","floor":47,"turns":3},{"damage":34,"enemies":"Awakened One","floor":50,"turns":8},{"damage":22,"enemies":"Time Eater","floor":51,"turns":3}],"seed_played":"-1655993846867014087","potions_obtained":[{"floor":1.0,"key":"Energy Potion"},{"floor":10.0,"key":"BlessingOfTheForge"},{"floor":14.0,"key":"Dexterity Potion"},{"floor":14.0,"key":"Block Potion"},{"floor":16.0,"key":"ColorlessPotion"},{"floor":28.0,"key":"Dexterity Potion"},{"floor":29.0,"key":"SteroidPotion"},{"floor":41.0,"key":"Regen Potion"},{"floor":42.0,"key":"Explosive Potion"}],"is_trial":false,"path_per_floor":["M","?","$","M","$","R","E","R","T","E","M","M","R","?","R","B",null,"M","M","?","$","M","R","E","$","T","R","M","M","M","M","R","B",null,"M","?","?","M","$","R","E","M","T","M","E","R","M","T","R","B","B"],"character_chosen":"IRONCLAD","items_purchased":["Toolbox","Fire Breathing","Entrench+1","Madness+1","Dark Embrace","Feel No Pain","EntropicBrew"],"campfire_rested":3,"item_purchase_floors":[3,5,21,21,25,39,39],"current_hp_per_floor":[73,68,68,67,67,67,50,50,50,24,25,31,31,31,31,22,57,41,41,41,41,32,52,24,24,24,45,43,45,45,47,47,41,66,37,33,33,38,38,38,44,55,55,21,15,42,42,42,42,14,0],"gold":401,"neow_bonus":"TWO_FIFTY_GOLD","is_prod":false,"is_daily":false,"chose_seed":false,"campfire_upgraded":5,"win_rate":0,"timestamp":1665787676,"path_taken":["M","?","$","M","$","R","E","R","T","E","M","M","R","?","R","BOSS","M","?","?","$","M","R","E","?","T","R","M","?","M","M","R","BOSS","M","?","?","M","$","R","E","M","T","M","E","R","M","?","R","BOSS","BOSS"],"build_version":"2022-10-04","purchased_purges":3,"victory":false,"max_hp_per_floor":[75,68,68,68,68,68,68,68,68,68,68,68,68,68,68,68,68,68,68,68,68,68,68,70,70,70,70,70,72,72,74,74,74,74,76,78,78,78,78,78,90,92,92,92,92,92,92,92,92,92,92],"relic_stats":{"Peace Pipe":1,"Happy Flower":[35],"Singing Bowl":14,"counters":[26,118],"Cursed Key":1,"obtain_stats":[{"Peace Pipe":36,"Pear":41,"Happy Flower":7,"Singing Bowl":24,"Golden Idol":2,"Toolbox":3,"Oddly Smooth Stone":10,"Philosopher\u0027s Stone":34,"Molten Egg 2":45,"Toxic Egg 2":9,"Cursed Key":17,"Burning Blood":0},{"Peace Pipe":18,"Pear":20,"Happy Flower":3,"Singing Bowl":11,"Golden Idol":1,"Toolbox":1,"Oddly Smooth Stone":4,"Philosopher\u0027s Stone":16,"Molten Egg 2":23,"Toxic Egg 2":3,"Cursed Key":7,"Burning Blood":0},{"Peace Pipe":87,"Pear":92,"Happy Flower":13,"Singing Bowl":56,"Golden Idol":4,"Toolbox":4,"Oddly Smooth Stone":18,"Philosopher\u0027s Stone":79,"Molten Egg 2":104,"Toxic Egg 2":13,"Cursed Key":36,"Burning Blood":0}],"Burning Blood":150},"card_choices":[{"not_picked":["Warcry","Thunderclap","Entrench"],"picked":"SKIP","floor":1.0},{"not_picked":["Sword Boomerang","Ghostly Armor"],"picked":"Iron Wave","floor":4.0},{"not_picked":["Shrug It Off","Sentinel"],"picked":"True Grit","floor":7.0},{"not_picked":["Reckless Charge","Pommel Strike"],"picked":"Infernal Blade+1","floor":10.0},{"not_picked":["Combust","Body Slam"],"picked":"True Grit+1","floor":11.0},{"not_picked":["Rupture","Pummel"],"picked":"Body Slam","floor":12.0},{"not_picked":["Bludgeon","Limit Break+1"],"picked":"Offering+1","floor":16.0},{"not_picked":["Anger","Rupture","Twin Strike"],"picked":"SKIP","floor":18.0},{"not_picked":["Thunderclap+1","Carnage"],"picked":"Burning Pact+1","floor":19.0},{"not_picked":["Armaments+1","Wild Strike+1"],"picked":"Feel No Pain","floor":22.0},{"not_picked":["Cleave","Second Wind+1","Pommel Strike"],"picked":"Singing Bowl","floor":24.0},{"not_picked":["True Grit+1","Armaments+1"],"picked":"Shrug It Off+1","floor":28.0},{"not_picked":["Clash+1","Inflame","Carnage"],"picked":"Singing Bowl","floor":29.0},{"not_picked":["Blood for Blood","Heavy Blade+1"],"picked":"Body Slam","floor":30.0},{"not_picked":["Clothesline","Cleave","Pummel"],"picked":"Singing Bowl","floor":31.0},{"not_picked":["Demon Form","Corruption"],"picked":"Offering+1","floor":33.0},{"not_picked":["Second Wind+1","Havoc+1","True Grit+1"],"picked":"Singing Bowl","floor":35.0},{"not_picked":["Anger","Sever Soul+1","Evolve"],"picked":"Singing Bowl","floor":36.0},{"not_picked":["Second Wind+1","Perfected Strike+1"],"picked":"Shockwave+1","floor":38.0},{"not_picked":["True Grit+1","Feel No Pain","Carnage"],"picked":"Singing Bowl","floor":41.0},{"not_picked":["Metallicize","Headbutt","Perfected Strike"],"picked":"Singing Bowl","floor":42.0},{"not_picked":["Inflame","Anger"],"picked":"Warcry+1","floor":44.0},{"not_picked":["Hemokinesis+1","Iron Wave+1"],"picked":"Juggernaut","floor":45},{"not_picked":["Intimidate+1","Cleave+1"],"picked":"Body Slam+1","floor":47}],"player_experience":1153905,"relics_obtained":[{"floor":7.0,"key":"Happy Flower"},{"floor":9.0,"key":"Toxic Egg 2"},{"floor":10.0,"key":"Oddly Smooth Stone"},{"floor":24.0,"key":"Singing Bowl"},{"floor":36.0,"key":"Peace Pipe"},{"floor":41.0,"key":"Pear"},{"floor":45,"key":"Molten Egg 2"}],"event_choices":[{"damage_healed":0.0,"max_hp_gain":0.0,"max_hp_loss":7.0,"gold_gain":0.0,"event_name":"Golden Idol","player_choice":"Lose Max HP","floor":2.0,"gold_loss":0.0,"damage_taken":0.0,"relics_obtained":["Golden Idol"]},{"damage_healed":0.0,"max_hp_gain":0.0,"max_hp_loss":0.0,"gold_gain":0.0,"event_name":"Lab","player_choice":"Got Potions","floor":14.0,"gold_loss":0.0,"damage_taken":0.0},{"damage_healed":0.0,"max_hp_gain":0.0,"max_hp_loss":0.0,"gold_gain":0.0,"cards_transformed":["Strike_R"],"event_name":"Transmorgrifier","player_choice":"Transformed","floor":20.0,"gold_loss":0.0,"damage_taken":0.0,"cards_obtained":["Rupture"]},{"damage_healed":0.0,"max_hp_gain":0.0,"max_hp_loss":0.0,"gold_gain":0.0,"event_name":"Mysterious Sphere","player_choice":"Fight","floor":36.0,"gold_loss":0.0,"damage_taken":0.0},{"damage_healed":0.0,"max_hp_gain":0.0,"max_hp_loss":0.0,"gold_gain":333.0,"event_name":"The Moai Head","player_choice":"Gave Idol","floor":37.0,"relics_lost":["Golden Idol"],"gold_loss":0.0,"damage_taken":0.0}],"is_beta":false,"boss_relics":[{"not_picked":["Runic Pyramid","Busted Crown"],"picked":"Cursed Key"},{"not_picked":["Coffee Dripper","Tiny House"],"picked":"Philosopher\u0027s Stone"}],"items_purged_floors":[3,21,39],"is_endless":false,"potions_floor_spawned":[1,10,16,28,29,31,41,42,44,47],"killed_by":"Time Eater","ascension_level":20}