{"gold_per_floor":[109,109,109,123,133,133,168,184,184,184,218,233,233,264,264,342,342,359,359,375,385,190,215,230,248,275,275,294,310,342,359,359,434,434,452,467,479,490,515,550,550,600,627,642,642,655,667,695,695,695,695,695,695,250,285,285],"floor_reached":56,"playtime":3912,"items_purged":["Strike_R","Strike_R"],"score":2375,"play_id":"b1cba9cd-831b-46e8-bc84-5e17deaeef88","local_time":"20221014195417","is_ascension_mode":true,"campfire_choices":[{"data":"Perfected Strike","floor":6.0,"key":"SMITH"},{"data":"Inflame","floor":10.0,"key":"SMITH"},{"data":"Bash","floor":15.0,"key":"SMITH"},{"floor":32,"key":"RECALL"},{"floor":41,"key":"REST"},{"floor":49,"key":"REST"},{"floor":53,"key":"REST"}],"neow_cost":"PERCENT_DAMAGE","seed_source_timestamp":226761721029500,"circlet_count":0,"master_deck":["AscendersBane","Strike_R","Strike_R","Defend_R","Defend_R","Defend_R","Defend_R","Bash+1","Master of Strategy+1","Bloodletting+1","Inflame+1","Whirlwind+1","Seeing Red+1","Twin Strike+1","True Grit+1","Battle Trance+1","Shrug It Off+1","Offering+1","Reaper+1","Flame Barrier+1","Inflame+1","True Grit+1","Dark Embrace","Warcry+1","Fiend Fire+1","Reaper+1","Juggernaut+1","Uppercut+1","Pommel Strike+1","Disarm+1","Pommel Strike+1","Power Through+1","Demon Form","Limit Break+1","Warcry+1","Headbutt+1","Shrug It Off+1","Warcry+1","Thinking Ahead+1"],"special_seed":0,"relics":["Burning Blood","Toxic Egg 2","Molten Egg 2","Pear","Singing Bowl","Shuriken","Fusion Hammer","Membership Card","Ginger","Vajra","Orichalcum","Astrolabe","Charon\u0027s Ashes","CaptainsWheel","Dream Catcher","Centennial Puzzle","Happy Flower","Paper Frog"],"potions_floor_usage":[16,21,23,33,38,40,51,51,56,56],"damage_taken":[{"damage":4.0,"enemies":"Jaw Worm","floor":1.0,"turns":5.0},{"damage":3.0,"enemies":"2 Louse","floor":4.0,"turns":3.0},{"damage":4.0,"enemies":"Small Slimes","floor":5.0,"turns":5.0},{"damage":33.0,"enemies":"3 Sentries","floor":7.0,"turns":8.0},{"damage":5.0,"enemies":"Exordium Thugs","floor":8.0,"turns":4.0},{"damage":3.0,"enemies":"Gremlin Nob","floor":11.0,"turns":2.0},{"damage":0.0,"enemies":"Large Slime","floor":12.0,"turns":4.0},{"damage":3.0,"enemies":"Lagavulin","floor":14.0,"turns":3.0},{"damage":3,"enemies":"Slime Boss","floor":16,"turns":3},{"damage":3,"enemies":"Chosen","floor":18,"turns":2},{"damage":11,"enemies":"2 Thieves","floor":20,"turns":2},{"damage":0,"enemies":"Snake Plant","floor":21,"turns":2},{"damage":13,"enemies":"Slavers","floor":23,"turns":2},{"damage":0,"enemies":"Sentry and Sphere","floor":24,"turns":2},{"damage":7,"enemies":"Chosen and Byrds","floor":25,"turns":3},{"damage":0,"enemies":"Snake Plant","floor":28,"turns":2},{"damage":6,"enemies":"Sentry and Sphere","floor":29,"turns":3},{"damage":5,"enemies":"Book of Stabbing","floor":30,"turns":4},{"damage":0,"enemies":"Centurion and Healer","floor":31,"turns":4},{"damage":12,"enemies":"Automaton","floor":33,"turns":5},{"damage":25,"enemies":"3 Darklings","floor":35,"turns":4},{"damage":14,"enemies":"Orb Walker","floor":36,"turns":4},{"damage":34,"enemies":"Spire Growth","floor":37,"turns":3},{"damage":78,"enemies":"Jaw Worm Horde","floor":38,"turns":4},{"damage":7,"enemies":"Mind Bloom Boss Battle","floor":39,"turns":4},{"damage":24,"enemies":"Nemesis","floor":40,"turns":5},{"damage":18,"enemies":"Transient","floor":44,"turns":6},{"damage":18,"enemies":"Writhing Mass","floor":46,"turns":6},{"damage":7,"enemies":"4 Shapes","floor":47,"turns":7},{"damage":12,"enemies":"Giant Head","floor":48,"turns":5},{"damage":37,"enemies":"Donu and Deca","floor":50,"turns":7},{"damage":87,"enemies":"Time Eater","floor":51,"turns":10},{"damage":67,"enemies":"Shield and Spear","floor":55,"turns":6},{"damage":82,"enemies":"The Heart","floor":56,"turns":3}],"seed_played":"3635201199171520155","potions_obtained":[{"floor":4.0,"key":"Explosive Potion"},{"floor":11.0,"key":"GamblersBrew"},{"floor":16,"key":"ColorlessPotion"},{"floor":21,"key":"Strength Potion"},{"floor":24,"key":"Energy Potion"},{"floor":28,"key":"PowerPotion"},{"floor":35,"key":"BlessingOfTheForge"},{"floor":36,"key":"GamblersBrew"},{"floor":44,"key":"BlessingOfTheForge"},{"floor":46,"key":"Regen Potion"},{"floor":47,"key":"Block Potion"}],"is_trial":false,"path_per_floor":["M","?","?","M","M","R","E","M","T","R","E","M","?","E","R","B",null,"M","?","M","M","$","E","M","M","T","?","M","M","E","M","R","B",null,"M","M","M","M","?","E","R","?","T","M","?","M","M","E","R","B","B",null,"R","$","E","B"],"character_chosen":"IRONCLAD","items_purchased":["Membership Card","Centennial Puzzle","Happy Flower","BloodPotion","FearPotion","Headbutt+1","Shrug It Off+1","Warcry+1","Thinking Ahead+1"],"campfire_rested":3,"item_purchase_floors":[22,54,54,54,54,54,54,54,54],"current_hp_per_floor":[52,47,52,55,57,57,30,31,41,41,44,50,50,53,53,58,84,87,87,82,88,88,81,87,88,88,88,94,94,96,96,96,90,95,96,96,79,75,74,58,88,88,88,104,104,106,106,105,108,105,29,88,110,110,51,0],"gold":285,"neow_bonus":"RANDOM_COLORLESS_2","is_prod":false,"is_daily":false,"chose_seed":false,"campfire_upgraded":3,"win_rate":0,"timestamp":1665791657,"path_taken":["M","?","?","M","M","R","E","M","T","R","E","M","?","E","R","BOSS","M","?","M","M","$","E","M","M","T","?","?","M","E","M","R","BOSS","M","?","?","M","?","E","R","?","T","?","?","M","?","E","R","BOSS","BOSS","R","$","E","BOSS"],"build_version":"2022-10-04","purchased_purges":2,"victory":false,"max_hp_per_floor":[75,75,80,80,80,80,80,80,90,90,90,90,90,90,90,92,92,92,92,92,92,92,92,92,94,94,94,94,94,96,96,96,96,96,96,96,98,100,100,102,102,102,102,104,104,106,106,108,108,108,108,108,110,110,112,112],"relic_stats":{"Singing Bowl":22,"Happy Flower":[3],"counters":[34,142],"Astrolabe":["Reaper","Juggernaut","Uppercut"],"Charon\u0027s Ashes":[347],"Ginger":[11],"Orichalcum":[126],"Burning Blood":170,"Dream Catcher":2,"Centennial Puzzle":[6],"Shuriken":[20],"Membership Card":478,"obtain_stats":[{"Pear":9,"Singing Bowl":11,"Happy Flower":54,"Astrolabe":34,"Vajra":26,"Charon\u0027s Ashes":39,"Ginger":23,"Orichalcum":30,"Burning Blood":0,"CaptainsWheel":40,"Dream Catcher":48,"Centennial Puzzle":54,"Shuriken":14,"Molten Egg 2":7,"Fusion Hammer":17,"Membership Card":22,"Toxic Egg 2":2,"Paper Frog":55},{"Pear":5,"Singing Bowl":6,"Happy Flower":32,"Astrolabe":20,"Vajra":15,"Charon\u0027s Ashes":25,"Ginger":13,"Orichalcum":18,"Burning Blood":0,"CaptainsWheel":26,"Dream Catcher":30,"Centennial Puzzle":32,"Shuriken":8,"Molten Egg 2":4,"Fusion Hammer":9,"Membership Card":12,"Toxic Egg 2":1,"Paper Frog":33},{"Pear":25,"Singing Bowl":27,"Happy Flower":133,"Astrolabe":68,"Vajra":50,"Charon\u0027s Ashes":87,"Ginger":45,"Orichalcum":59,"Burning Blood":0,"CaptainsWheel":92,"Dream Catcher":116,"Centennial Puzzle":133,"Shuriken":34,"Molten Egg 2":21,"Fusion Hammer":37,"Membership Card":43,"Toxic Egg 2":5,"Paper Frog":139}]},"card_choices":[{"not_picked":["Chrysalis","Transmutation"],"picked":"Master of Strategy","floor":0.0},{"not_picked":["True Grit","Clothesline"],"picked":"Perfected Strike","floor":1.0},{"not_picked":["Warcry+1","Dropkick"],"picked":"Bloodletting+1","floor":4.0},{"not_picked":["Clothesline","Wild Strike"],"picked":"Inflame","floor":5.0},{"not_picked":["Dropkick+1","Pommel Strike+1"],"picked":"Perfected Strike+1","floor":7.0},{"not_picked":["Feed+1","Perfected Strike+1"],"picked":"Whirlwind+1","floor":8.0},{"not_picked":["Combust","Iron Wave+1"],"picked":"Seeing Red+1","floor":11.0},{"not_picked":["Entrench+1","Headbutt+1"],"picked":"Twin Strike+1","floor":12.0},{"not_picked":["Burning Pact+1","Iron Wave+1"],"picked":"True Grit+1","floor":14.0},{"not_picked":["Corruption","Offering+1","Demon Form"],"picked":"Singing Bowl","floor":16},{"not_picked":["Second Wind+1","Flex+1"],"picked":"Battle Trance+1","floor":18},{"not_picked":["Clash+1","Iron Wave+1"],"picked":"Shrug It Off+1","floor":20},{"not_picked":["Bloodletting+1","Body Slam+1"],"picked":"Offering+1","floor":21},{"not_picked":["Fire Breathing","Anger+1"],"picked":"Reaper+1","floor":23},{"not_picked":["Havoc+1","Iron Wave+1"],"picked":"Flame Barrier+1","floor":24},{"not_picked":["Armaments+1","Pummel+1","Whirlwind+1"],"picked":"Singing Bowl","floor":25},{"not_picked":["Thunderclap+1","Anger+1"],"picked":"True Grit+1","floor":28},{"not_picked":["Armaments+1","Carnage+1"],"picked":"Dark Embrace","floor":29},{"not_picked":["Metallicize","Sword Boomerang+1","Spot Weakness+1"],"picked":"Singing Bowl","floor":30},{"not_picked":["Dropkick+1","Flame Barrier+1"],"picked":"Warcry+1","floor":31},{"not_picked":["Feed+1","Reaper+1"],"picked":"Fiend Fire+1","floor":33},{"not_picked":["Dual Wield+1","Shrug It Off+1"],"picked":"Pommel Strike+1","floor":35},{"not_picked":["Thunderclap+1","Combust"],"picked":"Disarm+1","floor":36},{"not_picked":["Anger+1","Clothesline+1","Cleave+1"],"picked":"Singing Bowl","floor":37},{"not_picked":["Body Slam+1","Twin Strike+1","Dropkick+1"],"picked":"Singing Bowl","floor":38},{"not_picked":["Thunderclap+1","Armaments+1"],"picked":"Pommel Strike+1","floor":39},{"not_picked":["Second Wind+1","Clothesline+1","Wild Strike+1"],"picked":"Singing Bowl","floor":40},{"not_picked":["Wild Strike+1","Rage+1","Bloodletting+1"],"picked":"Singing Bowl","floor":44},{"not_picked":["Thunderclap+1","Flex+1","Iron Wave+1"],"picked":"Singing Bowl","floor":46},{"not_picked":["Headbutt+1","Body Slam+1"],"picked":"Limit Break+1","floor":47},{"not_picked":["Carnage+1","Flame Barrier+1","Dual Wield+1"],"picked":"Singing Bowl","floor":48},{"not_picked":["Rampage+1","Thunderclap+1"],"picked":"Warcry+1","floor":49},{"not_picked":["Clash+1","Clothesline+1","Flex+1"],"picked":"Singing Bowl","floor":53},{"not_picked":["Cleave+1","Evolve","True Grit+1"],"picked":"Singing Bowl","floor":55}],"player_experience":1156733,"relics_obtained":[{"floor":7.0,"key":"Molten Egg 2"},{"floor":9.0,"key":"Pear"},{"floor":11.0,"key":"Singing Bowl"},{"floor":14.0,"key":"Shuriken"},{"floor":23,"key":"Ginger"},{"floor":26,"key":"Vajra"},{"floor":30,"key":"Orichalcum"},{"floor":39,"key":"Charon\u0027s Ashes"},{"floor":40,"key":"CaptainsWheel"},{"floor":48,"key":"Dream Catcher"},{"floor":55,"key":"Paper Frog"}],"event_choices":[{"damage_healed":0.0,"max_hp_gain":0.0,"max_hp_loss":0.0,"gold_gain":0.0,"event_name":"Scrap Ooze","player_choice":"Success","floor":2.0,"gold_loss":0.0,"damage_taken":5.0,"relics_obtained":["Toxic Egg 2"]},{"damage_healed":0.0,"max_hp_gain":5.0,"max_hp_loss":0.0,"gold_gain":0.0,"event_name":"Big Fish","player_choice":"Donut","floor":3.0,"gold_loss":0.0,"damage_taken":0.0},{"damage_healed":0.0,"max_hp_gain":0.0,"max_hp_loss":0.0,"gold_gain":0.0,"event_name":"Accursed Blacksmith","player_choice":"Forge","floor":13.0,"gold_loss":0.0,"damage_taken":0.0,"cards_upgraded":["Master of Strategy"]},{"damage_healed":0,"gold_gain":0,"player_choice":"Ignored","damage_taken":0,"max_hp_gain":0,"max_hp_loss":0,"event_name":"Vampires","floor":19,"gold_loss":0},{"damage_healed":0,"gold_gain":0,"player_choice":"Copied","damage_taken":0,"max_hp_gain":0,"max_hp_loss":0,"event_name":"Duplicator","floor":27,"gold_loss":0,"cards_obtained":["Inflame"]},{"damage_healed":0,"gold_gain":0,"player_choice":"Fight","damage_taken":0,"max_hp_gain":0,"max_hp_loss":0,"event_name":"MindBloom","floor":39,"gold_loss":0},{"damage_healed":0,"gold_gain":50,"player_choice":"Pray","damage_taken":0,"max_hp_gain":0,"max_hp_loss":0,"event_name":"Golden Shrine","floor":42,"gold_loss":0},{"damage_healed":0,"gold_gain":0,"player_choice":"2 cards matched","damage_taken":0,"max_hp_gain":0,"max_hp_loss":0,"event_name":"Match and Keep!","floor":45,"gold_loss":0,"cards_obtained":["Power Through","Demon Form"]}],"is_beta":false,"boss_relics":[{"not_picked":["Philosopher\u0027s Stone","SacredBark"],"picked":"Fusion Hammer"},{"not_picked":["Black Blood","Runic Cube"],"picked":"Astrolabe"}],"items_purged_floors":[22,54],"is_endless":false,"potions_floor_spawned":[4,11,16,18,21,24,28,29,30,35,36,44,46,47],"killed_by":"The Heart","ascension_level":20}