{"gold_per_floor":[111,131,131,149,149,149,165,196,223,223,255,272,272],"floor_reached":13,"playtime":490,"items_purged":[],"score":190,"play_id":"6841749b-8a5f-4932-8e81-528baec799b1","local_time":"20221008190900","is_ascension_mode":true,"campfire_choices":[{"data":"Pommel Strike","floor":6.0,"key":"SMITH"},{"floor":10.0,"key":"REST"}],"neow_cost":"NONE","seed_source_timestamp":1544185127931400,"circlet_count":0,"master_deck":["AscendersBane","Strike_R","Strike_R","Strike_R","Strike_R","Strike_R","Defend_R","Defend_R","Defend_R","Defend_R","Bash","Perfected Strike+1","Pommel Strike+1","Anger","Seeing Red","Inflame","Power Through"],"special_seed":0,"relics":["Burning Blood","Potion Belt","Ancient Tea Set","Smiling Mask","CaptainsWheel"],"potions_floor_usage":[13],"damage_taken":[{"damage":10.0,"enemies":"Small Slimes","floor":1.0,"turns":4.0},{"damage":9.0,"enemies":"Jaw Worm","floor":2.0,"turns":4.0},{"damage":0.0,"enemies":"2 Louse","floor":4.0,"turns":2.0},{"damage":14.0,"enemies":"Exordium Wildlife","floor":7.0,"turns":4.0},{"damage":35.0,"enemies":"Lagavulin","floor":8.0,"turns":6.0},{"damage":15.0,"enemies":"3 Sentries","floor":11.0,"turns":4.0},{"damage":14.0,"enemies":"3 Louse","floor":12.0,"turns":3.0},{"damage":57,"enemies":"Gremlin Gang","floor":13,"turns":5}],"seed_played":"3861188175198331370","potions_obtained":[{"floor":2.0,"key":"Fruit Juice"},{"floor":4.0,"key":"Fire Potion"},{"floor":8.0,"key":"EssenceOfSteel"},{"floor":11.0,"key":"PowerPotion"}],"is_trial":false,"path_per_floor":["M","M","?","M","?","R","M","E","T","R","E","M","M"],"character_chosen":"IRONCLAD","items_purchased":[],"campfire_rested":1,"item_purchase_floors":[],"current_hp_per_floor":[64,61,56,62,62,62,54,25,25,47,38,30,0],"gold":272,"neow_bonus":"THREE_CARDS","is_prod":false,"is_daily":false,"chose_seed":false,"campfire_upgraded":1,"win_rate":0,"timestamp":1665270540,"path_taken":["M","M","?","M","?","R","M","E","T","R","E","M","M"],"build_version":"2022-10-04","purchased_purges":0,"victory":false,"max_hp_per_floor":[75,75,75,75,75,75,75,75,75,75,75,75,75],"relic_stats":{"counters":[8,32],"Ancient Tea Set":[2],"Smiling Mask":0,"obtain_stats":[{"Potion Belt":3,"CaptainsWheel":11,"Ancient Tea Set":8,"Smiling Mask":9,"Burning Blood":0},{"Potion Belt":2,"CaptainsWheel":6,"Ancient Tea Set":5,"Smiling Mask":5,"Burning Blood":0},{"Potion Belt":8,"CaptainsWheel":24,"Ancient Tea Set":20,"Smiling Mask":20,"Burning Blood":0}],"Burning Blood":42},"card_choices":[{"not_picked":["Pommel Strike","Anger"],"picked":"Perfected Strike","floor":0.0},{"not_picked":["Shrug It Off","Warcry"],"picked":"Pommel Strike","floor":1.0},{"not_picked":["Heavy Blade","Carnage"],"picked":"Anger","floor":2.0},{"not_picked":["Perfected Strike","Fire Breathing","Clothesline"],"picked":"SKIP","floor":4.0},{"not_picked":["Cleave","Combust"],"picked":"Seeing Red","floor":7.0},{"not_picked":["Flex","Clash"],"picked":"Inflame","floor":8.0},{"not_picked":["Double Tap","Heavy Blade"],"picked":"Power Through","floor":11.0},{"not_picked":["Anger","Cleave","Havoc"],"picked":"SKIP","floor":12.0}],"player_experience":1152114,"relics_obtained":[{"floor":8.0,"key":"Ancient Tea Set"},{"floor":9.0,"key":"Smiling Mask"},{"floor":11.0,"key":"CaptainsWheel"}],"event_choices":[{"damage_healed":0.0,"max_hp_gain":0.0,"max_hp_loss":0.0,"gold_gain":0.0,"event_name":"Scrap Ooze","player_choice":"Success","floor":3.0,"gold_loss":0.0,"damage_taken":5.0,"relics_obtained":["Potion Belt"]},{"damage_healed":0.0,"max_hp_gain":0.0,"max_hp_loss":0.0,"gold_gain":0.0,"event_name":"Living Wall","player_choice":"Grow","floor":5.0,"gold_loss":0.0,"damage_taken":0.0,"cards_upgraded":["Perfected Strike"]}],"is_beta":false,"boss_relics":[],"items_purged_floors":[],"is_endless":false,"potions_floor_spawned":[2,4,8,11],"killed_by":"Gremlin Gang","ascension_level":20}