{"gold_per_floor":[361,381,149,161,133,162,162,197,220,240,240,252,272,305,305,379,379,391,402,402,130,143,177,189,213,225,269,293,336,368,390,402,414],"floor_reached":33,"playtime":3044,"items_purged":["Decay","Strike_R"],"score":716,"play_id":"af38360a-d876-47cd-a25d-4e44c79660bc","local_time":"20221020005305","is_ascension_mode":true,"campfire_choices":[{"data":"Perfected Strike","floor":7,"key":"SMITH"},{"data":"Armaments","floor":15,"key":"SMITH"},{"data":"Whirlwind","floor":24,"key":"SMITH"},{"data":"Shockwave","floor":32,"key":"SMITH"}],"neow_cost":"CURSE","seed_source_timestamp":266588766724100,"circlet_count":0,"master_deck":["AscendersBane","Strike_R","Strike_R","Strike_R","Strike_R","Defend_R","Defend_R","Defend_R","Defend_R","Bash","Perfected Strike+1","Thunderclap","Headbutt","Anger","Armaments+1","Shrug It Off","Fiend Fire","Metallicize+1","Dark Embrace","Madness","Whirlwind+1","Shockwave+1","Power Through+1"],"relics":["Burning Blood","Membership Card","Happy Flower","Oddly Smooth Stone","Toy Ornithopter","Anchor","Bag of Preparation","Coffee Dripper","Letter Opener","MawBank","Potion Belt","Gremlin Horn","Blue Candle"],"potions_floor_usage":[6,8,14,16,21,23,27,29,33,33],"damage_taken":[{"damage":25,"enemies":"Jaw Worm","floor":1,"turns":5},{"damage":1,"enemies":"Cultist","floor":2,"turns":3},{"damage":0,"enemies":"2 Louse","floor":4,"turns":2},{"damage":14,"enemies":"Exordium Thugs","floor":5,"turns":4},{"damage":8,"enemies":"Gremlin Nob","floor":6,"turns":3},{"damage":20,"enemies":"3 Sentries","floor":8,"turns":6},{"damage":21,"enemies":"Gremlin Gang","floor":10,"turns":4},{"damage":0,"enemies":"2 Fungi Beasts","floor":12,"turns":3},{"damage":1,"enemies":"Looter","floor":13,"turns":3},{"damage":14,"enemies":"Lagavulin","floor":14,"turns":4},{"damage":26,"enemies":"The Guardian","floor":16,"turns":12},{"damage":5,"enemies":"2 Thieves","floor":18,"turns":5},{"damage":20,"enemies":"Shell Parasite","floor":19,"turns":7},{"damage":21,"enemies":"3 Cultists","floor":22,"turns":6},{"damage":27,"enemies":"Gremlin Leader","floor":23,"turns":7},{"damage":3,"enemies":"Centurion and Healer","floor":25,"turns":6},{"damage":15,"enemies":"Slavers","floor":27,"turns":7},{"damage":11,"enemies":"Chosen and Byrds","floor":28,"turns":5},{"damage":0,"enemies":"Gremlin Leader","floor":29,"turns":5},{"damage":16,"enemies":"Snake Plant","floor":30,"turns":5},{"damage":16,"enemies":"Centurion and Healer","floor":31,"turns":3},{"damage":58,"enemies":"Automaton","floor":33,"turns":8}],"seed_played":"-1999618621847392768","potions_obtained":[{"floor":1,"key":"SkillPotion"},{"floor":5,"key":"PowerPotion"},{"floor":12,"key":"DistilledChaos"},{"floor":13,"key":"SkillPotion"},{"floor":14,"key":"BloodPotion"},{"floor":18,"key":"Weak Potion"},{"floor":23,"key":"PowerPotion"},{"floor":25,"key":"SkillPotion"},{"floor":28,"key":"Explosive Potion"},{"floor":29,"key":"BloodPotion"}],"is_trial":false,"path_per_floor":["M","M","$","M","M","E","R","E","T","M","?","M","M","E","R","B",null,"M","M","?","$","M","E","R","M","T","E","M","E","M","M","R","B"],"character_chosen":"IRONCLAD","items_purchased":["Membership Card","Fire Potion","Letter Opener","AttackPotion","Madness"],"campfire_rested":0,"item_purchase_floors":[3,3,21,21,21],"current_hp_per_floor":[49,54,54,60,52,50,50,36,36,21,21,27,32,29,29,14,60,61,47,47,67,52,36,36,39,39,35,30,41,31,21,21,0],"gold":414,"neow_bonus":"TWO_FIFTY_GOLD","is_prod":false,"is_daily":false,"chose_seed":false,"campfire_upgraded":4,"win_rate":0,"timestamp":1666241585,"path_taken":["M","M","$","M","M","E","R","E","T","M","?","?","M","E","R","BOSS","M","M","?","$","M","E","R","M","T","E","M","E","M","M","R","BOSS"],"build_version":"2022-10-04","purchased_purges":2,"victory":false,"max_hp_per_floor":[75,75,75,75,75,75,75,75,75,75,75,75,75,75,75,75,75,75,75,75,75,75,75,75,75,75,75,75,75,75,75,75,75],"relic_stats":{"Happy Flower":[32],"Gremlin Horn":[9,9],"counters":[22,113],"Blue Candle":[0],"Bag of Preparation":[24],"Membership Card":334,"Letter Opener":[65],"MawBank":120,"obtain_stats":[{"Potion Belt":26,"Happy Flower":6,"Gremlin Horn":27,"Blue Candle":29,"Oddly Smooth Stone":8,"Bag of Preparation":14,"Letter Opener":21,"MawBank":23,"Burning Blood":0,"Anchor":11,"Coffee Dripper":17,"Membership Card":3,"Toy Ornithopter":9},{"Potion Belt":16,"Happy Flower":5,"Gremlin Horn":17,"Blue Candle":19,"Oddly Smooth Stone":6,"Bag of Preparation":10,"Letter Opener":13,"MawBank":15,"Burning Blood":0,"Anchor":7,"Coffee Dripper":11,"Membership Card":2,"Toy Ornithopter":6},{"Potion Belt":80,"Happy Flower":17,"Gremlin Horn":87,"Blue Candle":97,"Oddly Smooth Stone":23,"Bag of Preparation":37,"Letter Opener":61,"MawBank":74,"Burning Blood":0,"Anchor":27,"Coffee Dripper":49,"Membership Card":8,"Toy Ornithopter":23}],"Burning Blood":126,"Toy Ornithopter":40},"card_choices":[{"not_picked":["Armaments","Inflame"],"picked":"Perfected Strike","floor":1},{"not_picked":["Clothesline","Rage"],"picked":"Flame Barrier","floor":2},{"not_picked":["Clash","Clothesline"],"picked":"Thunderclap","floor":4},{"not_picked":["Iron Wave","Juggernaut"],"picked":"Headbutt","floor":5},{"not_picked":["Shrug It Off","Infernal Blade"],"picked":"Anger","floor":6},{"not_picked":["Clash","Intimidate","Searing Blow"],"picked":"SKIP","floor":8},{"not_picked":["Bloodletting","Flex","True Grit"],"picked":"SKIP","floor":10},{"not_picked":["Body Slam","Pummel","Warcry"],"picked":"SKIP","floor":12},{"not_picked":["Iron Wave","Whirlwind"],"picked":"Armaments","floor":13},{"not_picked":["Cleave","Power Through"],"picked":"Shrug It Off","floor":14},{"not_picked":["Bludgeon","Feed"],"picked":"Fiend Fire","floor":16},{"not_picked":["Pummel","Iron Wave","Shrug It Off"],"picked":"SKIP","floor":18},{"not_picked":["Sentinel","Flex"],"picked":"Metallicize+1","floor":19},{"not_picked":["Heavy Blade","Twin Strike","Havoc"],"picked":"SKIP","floor":22},{"not_picked":["Heavy Blade","Twin Strike","Havoc"],"picked":"SKIP","floor":22},{"not_picked":["Feed","Heavy Blade"],"picked":"Whirlwind","floor":23},{"not_picked":["Dropkick","Battle Trance"],"picked":"Shockwave","floor":25},{"not_picked":["Heavy Blade","Dark Embrace","Havoc"],"picked":"SKIP","floor":27},{"not_picked":["Heavy Blade","True Grit"],"picked":"Power Through+1","floor":28},{"not_picked":["Anger","Pommel Strike","Headbutt+1"],"picked":"SKIP","floor":29},{"not_picked":["Wild Strike","Dropkick+1","Body Slam"],"picked":"SKIP","floor":30},{"not_picked":["Cleave","Searing Blow","Flame Barrier"],"picked":"SKIP","floor":31}],"player_experience":1177459,"relics_obtained":[{"floor":6,"key":"Happy Flower"},{"floor":8,"key":"Oddly Smooth Stone"},{"floor":9,"key":"Toy Ornithopter"},{"floor":14,"key":"Bag of Preparation"},{"floor":23,"key":"MawBank"},{"floor":26,"key":"Potion Belt"},{"floor":27,"key":"Gremlin Horn"},{"floor":29,"key":"Blue Candle"}],"event_choices":[{"cards_removed":["Flame Barrier"],"damage_healed":0,"gold_gain":0,"player_choice":"Gave Card","damage_taken":0,"relics_obtained":["Anchor"],"max_hp_gain":0,"max_hp_loss":0,"event_name":"WeMeetAgain","floor":11,"gold_loss":0},{"damage_healed":0,"gold_gain":0,"player_choice":"Read","damage_taken":0,"max_hp_gain":0,"max_hp_loss":0,"event_name":"The Library","floor":20,"gold_loss":0,"cards_obtained":["Dark Embrace"]}],"is_beta":false,"boss_relics":[{"not_picked":["Black Star","Fusion Hammer"],"picked":"Coffee Dripper"}],"items_purged_floors":[3,21],"is_endless":false,"potions_floor_spawned":[1,5,12,13,14,18,23,25,28,29],"killed_by":"Automaton","ascension_level":20}