{"gold_per_floor":[17,17,38,59,73,116,141,141],"floor_reached":8,"playtime":421,"items_purged":[],"score":120,"play_id":"a6cf62b0-cbde-41c6-8dc3-ede8eb0bcf12","local_time":"20221020014336","is_ascension_mode":true,"campfire_choices":[],"neow_cost":"NO_GOLD","seed_source_timestamp":272242226382500,"circlet_count":0,"master_deck":["AscendersBane","Strike_R","Strike_R","Strike_R","Strike_R","Defend_R","Defend_R","Defend_R","Bash","Dark Embrace","Sword Boomerang","Fire Breathing","Shockwave","Flame Barrier"],"relics":["Burning Blood","Golden Idol","Peace Pipe"],"potions_floor_usage":[5,5,5,6],"damage_taken":[{"damage":11,"enemies":"Small Slimes","floor":1,"turns":3},{"damage":8,"enemies":"2 Louse","floor":3,"turns":5},{"damage":16,"enemies":"Jaw Worm","floor":4,"turns":4},{"damage":20,"enemies":"Large Slime","floor":5,"turns":6},{"damage":35,"enemies":"3 Sentries","floor":6,"turns":5},{"damage":12,"enemies":"Blue Slaver","floor":7,"turns":6},{"damage":15,"enemies":"Lagavulin","floor":8,"turns":7}],"seed_played":"-5722484115375067010","potions_obtained":[{"floor":3,"key":"ElixirPotion"},{"floor":4,"key":"EntropicBrew"}],"is_trial":false,"path_per_floor":["M","?","M","M","M","E","M","E"],"character_chosen":"IRONCLAD","items_purchased":[],"campfire_rested":0,"item_purchase_floors":[],"current_hp_per_floor":[63,63,61,51,37,21,15,0],"gold":141,"neow_bonus":"REMOVE_TWO","is_prod":false,"is_daily":false,"chose_seed":false,"campfire_upgraded":0,"win_rate":0,"timestamp":1666244616,"path_taken":["M","?","M","M","M","E","M","E"],"build_version":"2022-10-04","purchased_purges":0,"victory":false,"max_hp_per_floor":[75,68,68,68,68,68,68,68],"relic_stats":{"Peace Pipe":0,"counters":[7,36],"Golden Idol":25,"obtain_stats":[{"Peace Pipe":6,"Golden Idol":2,"Burning Blood":0},{"Peace Pipe":5,"Golden Idol":1,"Burning Blood":0},{"Peace Pipe":23,"Golden Idol":3,"Burning Blood":0}],"Burning Blood":36},"card_choices":[{"not_picked":["Warcry","Sword Boomerang"],"picked":"Dark Embrace","floor":1},{"not_picked":["Thunderclap","Heavy Blade","Body Slam"],"picked":"SKIP","floor":3},{"not_picked":["Body Slam","Thunderclap"],"picked":"Sword Boomerang","floor":4},{"not_picked":["Clash","Dark Embrace"],"picked":"Fire Breathing","floor":5},{"not_picked":["Pommel Strike","Seeing Red"],"picked":"Shockwave","floor":6},{"not_picked":["Fire Breathing","Battle Trance"],"picked":"Flame Barrier","floor":7}],"player_experience":1183050,"relics_obtained":[{"floor":6,"key":"Peace Pipe"}],"event_choices":[{"damage_healed":0,"gold_gain":0,"player_choice":"Lose Max HP","damage_taken":0,"relics_obtained":["Golden Idol"],"max_hp_gain":0,"max_hp_loss":7,"event_name":"Golden Idol","floor":2,"gold_loss":0}],"is_beta":false,"boss_relics":[],"items_purged_floors":[],"is_endless":false,"potions_floor_spawned":[3,4],"killed_by":"Lagavulin","ascension_level":20}