{"gold_per_floor":[119,119,131,141,156,181,181,211,281,315,315,326,346,375,375,449,449,460,57,77,127,137,168,168,186,232,232,258,258],"floor_reached":29,"playtime":1487,"items_purged":["Strike_R"],"score":590,"play_id":"f7cd3ba0-283b-4e0a-aa6a-48064b5c9749","local_time":"20221020211138","is_ascension_mode":true,"campfire_choices":[{"data":"Perfected Strike","floor":7,"key":"SMITH"},{"data":"Inflame","floor":11,"key":"SMITH"},{"data":"Battle Trance","floor":15,"key":"SMITH"},{"data":"True Grit","floor":24,"key":"SMITH"}],"neow_cost":"TEN_PERCENT_HP_LOSS","seed_source_timestamp":341259385455400,"circlet_count":0,"master_deck":["AscendersBane","Strike_R","Strike_R","Strike_R","Strike_R","Defend_R+1","Defend_R","Defend_R","Defend_R","Bash","Twin Strike","Anger","Perfected Strike+1","Inflame+1","Power Through","Metallicize+1","Dark Embrace+1","Disarm+1","Burning Pact","Battle Trance+1","Impervious","CurseOfTheBell","True Grit+1","Corruption+1","Fire Breathing+1","Sentinel","Evolve+1","RitualDagger","Battle Trance+1"],"relics":["Burning Blood","Torii","Frozen Egg 2","Ginger","Mummified Hand","Nunchaku","War Paint","Calling Bell","MealTicket","Singing Bowl","Turnip","Centennial Puzzle","Sundial","Red Skull","Lantern"],"potions_floor_usage":[8,14,28],"damage_taken":[{"damage":8,"enemies":"2 Louse","floor":1,"turns":3},{"damage":8,"enemies":"Jaw Worm","floor":3,"turns":4},{"damage":0,"enemies":"Cultist","floor":4,"turns":3},{"damage":7,"enemies":"2 Fungi Beasts","floor":5,"turns":3},{"damage":32,"enemies":"Gremlin Nob","floor":6,"turns":4},{"damage":12,"enemies":"3 Sentries","floor":8,"turns":6},{"damage":12,"enemies":"Lagavulin","floor":10,"turns":6},{"damage":1,"enemies":"Blue Slaver","floor":12,"turns":2},{"damage":1,"enemies":"Exordium Wildlife","floor":13,"turns":3},{"damage":13,"enemies":"Gremlin Nob","floor":14,"turns":4},{"damage":6,"enemies":"The Guardian","floor":16,"turns":12},{"damage":25,"enemies":"Shell Parasite","floor":18,"turns":8},{"damage":8,"enemies":"3 Byrds","floor":20,"turns":6},{"damage":0,"enemies":"Cultist and Chosen","floor":22,"turns":5},{"damage":15,"enemies":"Slavers","floor":23,"turns":5},{"damage":13,"enemies":"Snecko","floor":25,"turns":5},{"damage":25,"enemies":"Gremlin Leader","floor":28,"turns":6},{"damage":14,"enemies":"Centurion and Healer","floor":29,"turns":4}],"seed_played":"-7043504099868482812","potions_obtained":[{"floor":3,"key":"Energy Potion"},{"floor":8,"key":"AttackPotion"},{"floor":10,"key":"Strength Potion"},{"floor":18,"key":"SkillPotion"}],"is_trial":false,"path_per_floor":["M","?","M","M","M","E","R","E","T","E","R","M","M","E","R","B",null,"M","$","M","?","M","E","R","M","T","?","E","M"],"character_chosen":"IRONCLAD","items_purchased":["Corruption+1","Centennial Puzzle"],"campfire_rested":0,"item_purchase_floors":[19,19],"current_hp_per_floor":[66,66,64,68,67,41,41,35,35,29,29,34,39,32,32,32,59,40,55,53,47,55,46,46,39,39,33,14,0],"gold":258,"neow_bonus":"ONE_RARE_RELIC","is_prod":false,"is_daily":false,"chose_seed":false,"campfire_upgraded":4,"win_rate":0,"timestamp":1666314698,"path_taken":["M","?","M","M","M","E","R","E","T","E","R","M","M","E","R","BOSS","M","$","M","?","?","E","R","M","T","?","E","M"],"build_version":"2022-10-04","purchased_purges":1,"victory":false,"max_hp_per_floor":[68,68,68,68,68,68,68,68,68,68,68,68,68,68,68,68,68,68,68,68,68,70,70,70,70,70,70,70,70],"relic_stats":{"Torii":29,"Singing Bowl":2,"counters":[18,89],"Ginger":[11],"War Paint":["Disarm","Defend_R"],"Burning Blood":100,"Nunchaku":[10],"Centennial Puzzle":[15],"Mummified Hand":[54],"Sundial":[2],"MealTicket":15,"Turnip":[6],"obtain_stats":[{"Lantern":28,"Torii":0,"Singing Bowl":17,"Ginger":8,"Frozen Egg 2":6,"War Paint":14,"Burning Blood":0,"Calling Bell":17,"Nunchaku":10,"Centennial Puzzle":19,"Mummified Hand":9,"Sundial":23,"MealTicket":17,"Turnip":17,"Red Skull":26},{"Lantern":17,"Torii":0,"Singing Bowl":11,"Ginger":6,"Frozen Egg 2":5,"War Paint":10,"Burning Blood":0,"Calling Bell":11,"Nunchaku":7,"Centennial Puzzle":12,"Mummified Hand":6,"Sundial":15,"MealTicket":11,"Turnip":11,"Red Skull":16},{"Lantern":85,"Torii":0,"Singing Bowl":50,"Ginger":23,"Frozen Egg 2":17,"War Paint":38,"Burning Blood":0,"Calling Bell":50,"Nunchaku":29,"Centennial Puzzle":58,"Mummified Hand":23,"Sundial":74,"MealTicket":50,"Turnip":50,"Red Skull":79}]},"card_choices":[{"not_picked":["Thunderclap","Fire Breathing"],"picked":"Twin Strike","floor":1},{"not_picked":["Armaments","Pommel Strike"],"picked":"Anger","floor":3},{"not_picked":["Infernal Blade","Ghostly Armor"],"picked":"Perfected Strike","floor":4},{"not_picked":["Clash","Iron Wave"],"picked":"Inflame","floor":5},{"not_picked":["Heavy Blade","Iron Wave"],"picked":"Power Through","floor":6},{"not_picked":["Clash","Wild Strike"],"picked":"Metallicize+1","floor":8},{"not_picked":["Body Slam","Headbutt"],"picked":"Dark Embrace+1","floor":10},{"not_picked":["Dual Wield","Flex"],"picked":"Disarm","floor":12},{"not_picked":["Carnage","Headbutt"],"picked":"Burning Pact","floor":13},{"not_picked":["Clothesline","Spot Weakness"],"picked":"Battle Trance","floor":14},{"not_picked":["Bludgeon","Limit Break"],"picked":"Impervious","floor":16},{"not_picked":["Iron Wave","Searing Blow"],"picked":"True Grit","floor":18},{"not_picked":["True Grit","Armaments"],"picked":"Fire Breathing+1","floor":20},{"not_picked":["Perfected Strike","Blood for Blood","Sever Soul"],"picked":"Singing Bowl","floor":22},{"not_picked":["Havoc","Uppercut"],"picked":"Sentinel","floor":23},{"not_picked":["Headbutt","Wild Strike"],"picked":"Evolve+1","floor":25},{"not_picked":["Searing Blow","Bloodletting"],"picked":"Battle Trance+1","floor":28}],"player_experience":1189398,"relics_obtained":[{"floor":6,"key":"Frozen Egg 2"},{"floor":8,"key":"Ginger"},{"floor":9,"key":"Mummified Hand"},{"floor":10,"key":"Nunchaku"},{"floor":14,"key":"War Paint"},{"floor":17,"key":"MealTicket"},{"floor":17,"key":"Singing Bowl"},{"floor":17,"key":"Turnip"},{"floor":23,"key":"Sundial"},{"floor":26,"key":"Red Skull"},{"floor":28,"key":"Lantern"}],"event_choices":[{"damage_healed":0,"gold_gain":0,"player_choice":"Ignored","damage_taken":0,"max_hp_gain":0,"max_hp_loss":0,"event_name":"Liars Game","floor":2,"gold_loss":0},{"damage_healed":0,"gold_gain":50,"player_choice":"Touch","damage_taken":6,"max_hp_gain":0,"max_hp_loss":0,"event_name":"FaceTrader","floor":21,"gold_loss":0},{"damage_healed":0,"gold_gain":0,"player_choice":"Joined the Cult","damage_taken":6,"max_hp_gain":0,"max_hp_loss":0,"event_name":"Nest","floor":27,"gold_loss":0,"cards_obtained":["RitualDagger"]}],"is_beta":false,"boss_relics":[{"not_picked":["Ectoplasm","Black Star"],"picked":"Calling Bell"}],"items_purged_floors":[19],"is_endless":false,"potions_floor_spawned":[3,8,10,13,18,20],"killed_by":"Centurion and Healer","ascension_level":20}