{"gold_per_floor":[110,110,125,148,148,148,73,104,129,129,172,41,71,94,94,189,189,213,236,286,286,48,48,87,106,106,150,193,193,193,223,223,297,297,312,337,350,572,572,572,572],"floor_reached":41,"playtime":2088,"items_purged":["Strike_R"],"score":1131,"play_id":"bca558c5-35d8-4475-9422-7e024387e61a","local_time":"20221020012805","is_ascension_mode":true,"campfire_choices":[{"data":"Perfected Strike","floor":6,"key":"SMITH"},{"data":"Perfected Strike","floor":10,"key":"SMITH"},{"data":"Shockwave","floor":15,"key":"SMITH"},{"data":"Immolate","floor":23,"key":"SMITH"},{"floor":29,"key":"REST"},{"floor":32,"key":"REST"},{"data":"Feel No Pain","floor":40,"key":"SMITH"}],"neow_cost":"NONE","seed_source_timestamp":269643790465899,"circlet_count":0,"master_deck":["AscendersBane","Strike_R","Strike_R","Strike_R","Defend_R","Defend_R","Defend_R","Defend_R","Bash","Perfected Strike+1","Perfected Strike+1","Second Wind","Bloodletting","Combust","Shockwave+1","Seeing Red","Immolate+1","Evolve","Writhe","Burning Pact","Impervious","Barricade","Perfected Strike+1","Perfected Strike","Sentinel","Armaments+1","Double Tap+1","True Grit+1","Battle Trance+1","Feel No Pain+1"],"relics":["Burning Blood","Bronze Scales","Bloody Idol","Anchor","Pen Nib","Happy Flower","Vajra","Odd Mushroom","SlaversCollar","Ice Cream","Orrery","InkBottle","Thread and Needle","Red Mask","Darkstone Periapt","Toxic Egg 2","Velvet Choker","Prayer Wheel"],"potions_floor_usage":[11,28,28,33,37],"damage_taken":[{"damage":5,"enemies":"2 Louse","floor":1,"turns":3},{"damage":7,"enemies":"Jaw Worm","floor":3,"turns":2},{"damage":7,"enemies":"Small Slimes","floor":4,"turns":3},{"damage":8,"enemies":"Gremlin Nob","floor":8,"turns":3},{"damage":0,"enemies":"3 Sentries","floor":11,"turns":6},{"damage":4,"enemies":"The Mushroom Lair","floor":13,"turns":4},{"damage":1,"enemies":"Looter","floor":14,"turns":2},{"damage":4,"enemies":"Slime Boss","floor":16,"turns":5},{"damage":1,"enemies":"Spheric Guardian","floor":18,"turns":3},{"damage":23,"enemies":"3 Byrds","floor":19,"turns":3},{"damage":25,"enemies":"Gremlin Leader","floor":24,"turns":4},{"damage":16,"enemies":"Centurion and Healer","floor":25,"turns":11},{"damage":12,"enemies":"Masked Bandits","floor":27,"turns":5},{"damage":9,"enemies":"Slavers","floor":28,"turns":4},{"damage":20,"enemies":"Gremlin Leader","floor":31,"turns":5},{"damage":29,"enemies":"Automaton","floor":33,"turns":9},{"damage":17,"enemies":"Orb Walker","floor":35,"turns":4},{"damage":18,"enemies":"Mind Bloom Boss Battle","floor":36,"turns":5},{"damage":41,"enemies":"3 Darklings","floor":37,"turns":6},{"damage":35,"enemies":"Giant Head","floor":41,"turns":7}],"seed_played":"-733255743691916120","potions_obtained":[{"floor":1,"key":"Strength Potion"},{"floor":8,"key":"Swift Potion"},{"floor":14,"key":"FearPotion"},{"floor":27,"key":"Weak Potion"},{"floor":31,"key":"Swift Potion"},{"floor":35,"key":"BloodPotion"},{"floor":37,"key":"Dexterity Potion"}],"is_trial":false,"path_per_floor":["M","?","M","M","?","R","?","E","T","R","E","$","?","M","R","B",null,"M","M","?","?","$","R","E","M","T","?","E","R","?","E","R","B",null,"M","?","M","?","?","R","E"],"character_chosen":"IRONCLAD","items_purchased":["Combust","Shockwave","Orrery"],"campfire_rested":2,"item_purchase_floors":[12,12,22],"current_hp_per_floor":[69,68,67,66,31,31,31,29,29,29,35,35,37,42,42,44,62,67,50,50,50,50,50,31,21,21,15,12,32,32,23,43,25,57,51,44,27,32,32,32,0],"gold":572,"neow_bonus":"RANDOM_COMMON_RELIC","is_prod":false,"is_daily":false,"chose_seed":false,"campfire_upgraded":5,"win_rate":0,"timestamp":1666243685,"path_taken":["M","?","M","M","?","R","?","E","T","R","E","$","?","M","R","BOSS","M","M","?","?","$","R","E","M","T","?","E","R","?","E","R","BOSS","M","?","M","?","?","R","E"],"build_version":"2022-10-04","purchased_purges":1,"victory":false,"max_hp_per_floor":[75,68,68,68,68,68,68,68,68,68,68,68,68,68,68,68,68,68,68,68,68,68,68,68,68,68,68,68,68,68,68,68,68,68,68,68,68,68,68,68,68],"relic_stats":{"Ice Cream":[63],"Darkstone Periapt":0,"Happy Flower":[27],"counters":[20,94],"Bronze Scales":[251],"Bloody Idol":30,"Prayer Wheel":1,"Pen Nib":[12],"obtain_stats":[{"Ice Cream":21,"Darkstone Periapt":28,"Happy Flower":9,"Golden Idol":2,"Vajra":11,"Velvet Choker":34,"Thread and Needle":26,"Pen Nib":8,"Odd Mushroom":13,"Burning Blood":0,"SlaversCollar":17,"Anchor":5,"Bronze Scales":0,"Bloody Idol":30,"Orrery":22,"Prayer Wheel":36,"Red Mask":27,"Toxic Egg 2":31,"InkBottle":24},{"Ice Cream":10,"Darkstone Periapt":14,"Happy Flower":4,"Golden Idol":1,"Vajra":5,"Velvet Choker":16,"Thread and Needle":12,"Pen Nib":4,"Odd Mushroom":6,"Burning Blood":0,"SlaversCollar":8,"Anchor":3,"Bronze Scales":0,"Bloody Idol":14,"Orrery":10,"Prayer Wheel":18,"Red Mask":13,"Toxic Egg 2":15,"InkBottle":11},{"Ice Cream":34,"Darkstone Periapt":58,"Happy Flower":11,"Golden Idol":3,"Vajra":17,"Velvet Choker":72,"Thread and Needle":49,"Pen Nib":11,"Odd Mushroom":21,"Burning Blood":0,"SlaversCollar":28,"Anchor":8,"Bronze Scales":0,"Bloody Idol":58,"Orrery":34,"Prayer Wheel":81,"Red Mask":54,"Toxic Egg 2":63,"InkBottle":38}],"Burning Blood":114,"InkBottle":[17]},"card_choices":[{"not_picked":["Bloodletting","Havoc"],"picked":"Perfected Strike","floor":1},{"not_picked":["Sword Boomerang","True Grit"],"picked":"Perfected Strike","floor":3},{"not_picked":["Infernal Blade","Clothesline","Heavy Blade"],"picked":"SKIP","floor":4},{"not_picked":["Uppercut","Fiend Fire"],"picked":"Second Wind","floor":8},{"not_picked":["Armaments","Clash"],"picked":"Bloodletting","floor":11},{"not_picked":["Inflame","Whirlwind"],"picked":"Seeing Red","floor":14},{"not_picked":["Reaper","Demon Form"],"picked":"Immolate","floor":16},{"not_picked":["True Grit","Sentinel"],"picked":"Evolve","floor":18},{"not_picked":["Entrench+1","Flex","Infernal Blade"],"picked":"SKIP","floor":19},{"not_picked":["Wild Strike+1","Iron Wave"],"picked":"Burning Pact","floor":22},{"not_picked":["Anger","Battle Trance"],"picked":"Impervious","floor":22},{"not_picked":["Cleave+1","Reckless Charge"],"picked":"Barricade","floor":24},{"not_picked":["Heavy Blade","Twin Strike"],"picked":"Perfected Strike+1","floor":25},{"not_picked":["Shockwave","Headbutt"],"picked":"Perfected Strike","floor":27},{"not_picked":["Bludgeon","Fiend Fire"],"picked":"Sentinel","floor":28},{"not_picked":["Anger","Flex+1"],"picked":"Armaments+1","floor":31},{"not_picked":["Demon Form","Limit Break+1"],"picked":"Double Tap+1","floor":33},{"not_picked":["Clash","Hemokinesis","Iron Wave"],"picked":"SKIP","floor":35},{"not_picked":["Armaments+1","Cleave+1"],"picked":"True Grit+1","floor":36},{"not_picked":["Headbutt","Perfected Strike"],"picked":"Battle Trance+1","floor":37},{"not_picked":["Cleave","Anger"],"picked":"Feel No Pain","floor":37}],"player_experience":1180503,"relics_obtained":[{"floor":8,"key":"Pen Nib"},{"floor":9,"key":"Happy Flower"},{"floor":11,"key":"Vajra"},{"floor":13,"key":"Odd Mushroom"},{"floor":24,"key":"InkBottle"},{"floor":26,"key":"Thread and Needle"},{"floor":27,"key":"Red Mask"},{"floor":28,"key":"Darkstone Periapt"},{"floor":31,"key":"Toxic Egg 2"},{"floor":36,"key":"Prayer Wheel"}],"event_choices":[{"damage_healed":0,"gold_gain":0,"player_choice":"Lose Max HP","damage_taken":0,"relics_obtained":["Golden Idol"],"max_hp_gain":0,"max_hp_loss":7,"event_name":"Golden Idol","floor":2,"gold_loss":0},{"damage_healed":0,"gold_gain":0,"player_choice":"Success","damage_taken":35,"relics_obtained":["Anchor"],"max_hp_gain":0,"max_hp_loss":0,"event_name":"Scrap Ooze","floor":5,"gold_loss":0},{"cards_removed":["Strike_R"],"damage_healed":0,"gold_gain":0,"player_choice":"Card Removal","damage_taken":0,"max_hp_gain":0,"max_hp_loss":0,"event_name":"The Cleric","floor":7,"gold_loss":75},{"damage_healed":0,"gold_gain":0,"player_choice":"Fought Mushrooms","damage_taken":0,"max_hp_gain":0,"max_hp_loss":0,"event_name":"Mushrooms","floor":13,"gold_loss":0},{"damage_healed":0,"gold_gain":50,"player_choice":"Stole From Cult","damage_taken":0,"max_hp_gain":0,"max_hp_loss":0,"event_name":"Nest","floor":20,"gold_loss":0},{"damage_healed":0,"gold_gain":0,"player_choice":"Opened","damage_taken":0,"relics_obtained":["Ice Cream"],"max_hp_gain":0,"max_hp_loss":0,"event_name":"The Mausoleum","floor":21,"gold_loss":0,"cards_obtained":["Writhe"]},{"damage_healed":0,"gold_gain":0,"player_choice":"Fought Bandits","damage_taken":0,"max_hp_gain":0,"max_hp_loss":0,"event_name":"Masked Bandits","floor":27,"gold_loss":0},{"damage_healed":0,"gold_gain":0,"player_choice":"Gave Idol","damage_taken":0,"relics_obtained":["Bloody Idol"],"max_hp_gain":0,"max_hp_loss":0,"event_name":"Forgotten Altar","floor":30,"relics_lost":["Golden Idol"],"gold_loss":0},{"damage_healed":0,"gold_gain":0,"player_choice":"Fight","damage_taken":0,"max_hp_gain":0,"max_hp_loss":0,"event_name":"MindBloom","floor":36,"gold_loss":0},{"damage_healed":0,"gold_gain":222,"player_choice":"Wore Mask","damage_taken":0,"max_hp_gain":0,"max_hp_loss":0,"event_name":"Tomb of Lord Red Mask","floor":38,"gold_loss":0},{"damage_healed":0,"gold_gain":0,"player_choice":"Ignored","damage_taken":0,"max_hp_gain":0,"max_hp_loss":0,"event_name":"The Moai Head","floor":39,"gold_loss":0}],"is_beta":false,"boss_relics":[{"not_picked":["Calling Bell","Runic Cube"],"picked":"SlaversCollar"},{"not_picked":["Black Star","Sozu"],"picked":"Velvet Choker"}],"items_purged_floors":[22],"is_endless":false,"potions_floor_spawned":[1,8,14,16,19,27,31,35,37],"killed_by":"Giant Head","ascension_level":20}