{"gold_per_floor":[116,132,132,150,163,193,193,225,225,239,239,264,264,294,294,370,370,381,391,331,342,65,90,90,106,106,122,154,154],"floor_reached":29,"playtime":1713,"items_purged":["Strike_R","Perfected Strike"],"score":620,"play_id":"58990ad6-f204-4db5-98b0-bdd32b8057aa","local_time":"20221018203801","is_ascension_mode":true,"campfire_choices":[{"data":"Hemokinesis","floor":7.0,"key":"SMITH"},{"data":"Flame Barrier","floor":11.0,"key":"SMITH"},{"data":"Berserk","floor":15.0,"key":"SMITH"},{"floor":24,"key":"REST"}],"neow_cost":"NONE","seed_source_timestamp":166196279341300,"circlet_count":0,"master_deck":["AscendersBane","Strike_R","Strike_R","Strike_R","Defend_R","Defend_R","Defend_R","Defend_R","Bash","Feed+1","Ghostly Armor","Twin Strike","Hemokinesis+1","Flame Barrier+1","Burning Pact","Berserk+1","Demon Form","Dark Embrace","Shockwave","Cleave","Reaper"],"special_seed":0,"relics":["Burning Blood","Red Skull","The Courier","Pantograph","Odd Mushroom","Runic Dome","Membership Card","Meat on the Bone","StoneCalendar","Blue Candle"],"potions_floor_usage":[23,23,28,28,29],"damage_taken":[{"damage":14.0,"enemies":"Jaw Worm","floor":1.0,"turns":4.0},{"damage":11.0,"enemies":"Small Slimes","floor":2.0,"turns":4.0},{"damage":0.0,"enemies":"Cultist","floor":4.0,"turns":3.0},{"damage":7.0,"enemies":"3 Louse","floor":5.0,"turns":3.0},{"damage":32.0,"enemies":"Gremlin Nob","floor":6.0,"turns":4.0},{"damage":14.0,"enemies":"3 Sentries","floor":8.0,"turns":4.0},{"damage":14.0,"enemies":"Exordium Thugs","floor":10.0,"turns":4.0},{"damage":8.0,"enemies":"The Mushroom Lair","floor":12.0,"turns":4.0},{"damage":21.0,"enemies":"Lagavulin","floor":14.0,"turns":7.0},{"damage":36.0,"enemies":"The Guardian","floor":16.0,"turns":9.0},{"damage":32.0,"enemies":"2 Thieves","floor":18.0,"turns":4.0},{"damage":12.0,"enemies":"3 Byrds","floor":19.0,"turns":6.0},{"damage":46.0,"enemies":"Snake Plant","floor":21.0,"turns":5.0},{"damage":16,"enemies":"Gremlin Leader","floor":23,"turns":5},{"damage":12,"enemies":"Centurion and Healer","floor":25,"turns":7},{"damage":18,"enemies":"3 Cultists","floor":27,"turns":7},{"damage":78,"enemies":"Slavers","floor":28,"turns":7},{"damage":24,"enemies":"Cultist and Chosen","floor":29,"turns":6}],"seed_played":"-1572395384479133216","potions_obtained":[{"floor":1.0,"key":"PowerPotion"},{"floor":4.0,"key":"ColorlessPotion"},{"floor":6.0,"key":"AttackPotion"},{"floor":8.0,"key":"SteroidPotion"},{"floor":16.0,"key":"LiquidMemories"},{"floor":19.0,"key":"Block Potion"},{"floor":25,"key":"Ancient Potion"},{"floor":27,"key":"BloodPotion"},{"floor":28,"key":"AttackPotion"}],"is_trial":false,"path_per_floor":["M","M","?","M","M","E","R","E","T","M","R","?","?","E","R","B",null,"M","M","$","M","$","E","R","M","T","M","E","M"],"character_chosen":"IRONCLAD","items_purchased":["Membership Card","Meat on the Bone"],"campfire_rested":1,"item_purchase_floors":[22,22],"current_hp_per_floor":[63,61,61,71,74,48,48,44,44,36,36,38,38,23,23,22,81,59,53,53,17,17,19,51,57,57,61,23,0],"gold":154,"neow_bonus":"ONE_RANDOM_RARE_CARD","is_prod":false,"is_daily":false,"chose_seed":false,"campfire_upgraded":3,"win_rate":0,"timestamp":1666139881,"path_taken":["M","M","?","M","M","E","R","E","T","M","R","?","?","E","R","BOSS","M","M","$","M","$","E","R","M","T","M","E","?"],"build_version":"2022-10-04","purchased_purges":2,"victory":false,"max_hp_per_floor":[78,81,81,85,89,89,89,93,93,93,93,97,97,97,97,101,101,105,105,105,109,109,109,109,109,109,113,113,113],"card_choices":[{"not_picked":["Shrug It Off","Clothesline"],"picked":"Perfected Strike","floor":1.0},{"not_picked":["Headbutt","Second Wind"],"picked":"Ghostly Armor","floor":2.0},{"not_picked":["Flex","Headbutt"],"picked":"Twin Strike","floor":4.0},{"not_picked":["Flex","Shrug It Off","Reckless Charge"],"picked":"SKIP","floor":5.0},{"not_picked":["Perfected Strike","Twin Strike"],"picked":"Hemokinesis","floor":6.0},{"not_picked":["Ghostly Armor","Headbutt"],"picked":"Flame Barrier","floor":8.0},{"not_picked":["Ghostly Armor","Reckless Charge"],"picked":"Burning Pact","floor":10.0},{"not_picked":["Shrug It Off","Hemokinesis"],"picked":"Berserk","floor":12.0},{"not_picked":["Combust","Clash","Clothesline"],"picked":"SKIP","floor":14.0},{"not_picked":["Juggernaut","Brutality"],"picked":"Demon Form","floor":16.0},{"not_picked":["Twin Strike","Rage+1"],"picked":"Dark Embrace","floor":18.0},{"not_picked":["Clothesline","Searing Blow","Seeing Red"],"picked":"SKIP","floor":19.0},{"not_picked":["Dropkick","Ghostly Armor+1"],"picked":"Shockwave","floor":21.0},{"not_picked":["Searing Blow","True Grit","Flame Barrier"],"picked":"SKIP","floor":23},{"not_picked":["Iron Wave","Dark Embrace","Warcry"],"picked":"SKIP","floor":25},{"not_picked":["Pommel Strike","Thunderclap"],"picked":"Cleave","floor":27},{"not_picked":["Dropkick+1","Shrug It Off"],"picked":"Reaper","floor":28}],"player_experience":1160645,"relics_obtained":[{"floor":6.0,"key":"Red Skull"},{"floor":8.0,"key":"The Courier"},{"floor":9.0,"key":"Pantograph"},{"floor":12.0,"key":"Odd Mushroom"},{"floor":23,"key":"StoneCalendar"},{"floor":28,"key":"Blue Candle"}],"event_choices":[{"damage_healed":0.0,"max_hp_gain":0.0,"max_hp_loss":0.0,"gold_gain":0.0,"event_name":"Living Wall","player_choice":"Grow","floor":3.0,"gold_loss":0.0,"damage_taken":0.0,"cards_upgraded":["Feed"]},{"damage_healed":0.0,"max_hp_gain":0.0,"max_hp_loss":0.0,"gold_gain":0.0,"event_name":"Mushrooms","player_choice":"Fought Mushrooms","floor":12.0,"gold_loss":0.0,"damage_taken":0.0},{"cards_removed":["Strike_R"],"damage_healed":0.0,"max_hp_gain":0.0,"max_hp_loss":0.0,"gold_gain":0.0,"event_name":"Purifier","player_choice":"Purged","floor":13.0,"gold_loss":0.0,"damage_taken":0.0}],"is_beta":false,"boss_relics":[{"not_picked":["Fusion Hammer","SacredBark"],"picked":"Runic Dome"}],"items_purged_floors":[20,22],"is_endless":false,"potions_floor_spawned":[1,4,6,8,16,19,25,27,28],"killed_by":"Cultist and Chosen","ascension_level":20}