{"gold_per_floor":[109,119,44,55,73,106,106,123,123,123,154,170,186,221,221,292,292,306,320,320,370,270,605,620,620,620,47,63,95,113,140,140,218,218,235,253,253,253,305,305,255,255,282,302,302,319,353,365,365,365,365,365,365,6,39,39],"floor_reached":57,"playtime":5389,"items_purged":["Pain","Strike_R","Strike_R","Strike_R"],"score":2853,"play_id":"9c3bc532-df2e-4a76-8f25-9e1e2f99fdf1","local_time":"20221019221258","is_ascension_mode":true,"campfire_choices":[{"data":"Brutality","floor":7.0,"key":"SMITH"},{"floor":10.0,"key":"REST"},{"data":"Armaments","floor":15.0,"key":"SMITH"},{"data":"Offering","floor":25.0,"key":"SMITH"},{"data":"Shockwave","floor":32.0,"key":"SMITH"},{"data":"Dark Embrace","floor":40.0,"key":"SMITH"},{"floor":42.0,"key":"RECALL"},{"data":"Battle Trance","floor":49.0,"key":"SMITH"},{"data":"Feel No Pain","floor":53,"key":"SMITH"}],"neow_cost":"CURSE","seed_source_timestamp":254523887251100,"circlet_count":0,"master_deck":["AscendersBane","Defend_R","Defend_R","Defend_R","Defend_R","Blood for Blood","Inflame","Dark Embrace+1","Headbutt","Carnage","Brutality+1","Power Through","Anger","Shrug It Off","Armaments+1","Offering+1","Intimidate","Second Wind","Rupture","Feel No Pain+1","Battle Trance+1","Shockwave+1","Immolate","Reaper","Seeing Red","Sentinel+1","Body Slam","True Grit+1"],"special_seed":0,"relics":["Burning Blood","Vajra","Akabeko","Nunchaku","Eternal Feather","Runic Pyramid","Old Coin","Meat on the Bone","Orrery","Ancient Tea Set","Smiling Mask","Coffee Dripper","FossilizedHelix","Pen Nib","Magic Flower","Pantograph","Gremlin Horn"],"potions_floor_usage":[50,56,56],"damage_taken":[{"damage":4.0,"enemies":"Cultist","floor":1.0,"turns":3.0},{"damage":16.0,"enemies":"2 Louse","floor":2.0,"turns":5.0},{"damage":7.0,"enemies":"Small Slimes","floor":4.0,"turns":4.0},{"damage":11.0,"enemies":"3 Louse","floor":5.0,"turns":4.0},{"damage":34.0,"enemies":"Gremlin Nob","floor":6.0,"turns":4.0},{"damage":14.0,"enemies":"Blue Slaver","floor":8.0,"turns":4.0},{"damage":24.0,"enemies":"3 Sentries","floor":11.0,"turns":6.0},{"damage":21.0,"enemies":"Exordium Thugs","floor":12.0,"turns":4.0},{"damage":4.0,"enemies":"Lots of Slimes","floor":13.0,"turns":4.0},{"damage":5.0,"enemies":"Lagavulin","floor":14.0,"turns":6.0},{"damage":14.0,"enemies":"Hexaghost","floor":16.0,"turns":9.0},{"damage":22.0,"enemies":"Shell Parasite","floor":18.0,"turns":4.0},{"damage":7.0,"enemies":"Chosen","floor":19.0,"turns":4.0},{"damage":33.0,"enemies":"Slavers","floor":23.0,"turns":8.0},{"damage":9.0,"enemies":"Sentry and Sphere","floor":24.0,"turns":4.0},{"damage":8.0,"enemies":"Snecko","floor":28.0,"turns":3.0},{"damage":15.0,"enemies":"Book of Stabbing","floor":29.0,"turns":5.0},{"damage":15.0,"enemies":"Snake Plant","floor":30.0,"turns":4.0},{"damage":38.0,"enemies":"Slavers","floor":31.0,"turns":4.0},{"damage":28.0,"enemies":"Collector","floor":33.0,"turns":8.0},{"damage":34.0,"enemies":"3 Darklings","floor":35.0,"turns":6.0},{"damage":37.0,"enemies":"3 Shapes","floor":36.0,"turns":3.0},{"damage":46.0,"enemies":"2 Orb Walkers","floor":39.0,"turns":4.0},{"damage":15.0,"enemies":"Sphere and 2 Shapes","floor":44.0,"turns":4.0},{"damage":11.0,"enemies":"Transient","floor":46.0,"turns":6.0},{"damage":14.0,"enemies":"Giant Head","floor":47.0,"turns":5.0},{"damage":12.0,"enemies":"Spire Growth","floor":48.0,"turns":4.0},{"damage":29,"enemies":"Awakened One","floor":50,"turns":8},{"damage":24,"enemies":"Donu and Deca","floor":51,"turns":7},{"damage":61,"enemies":"Shield and Spear","floor":55,"turns":5},{"damage":77,"enemies":"The Heart","floor":56,"turns":8}],"seed_played":"-4782010126613814950","potions_obtained":[{"floor":4.0,"key":"CultistPotion"},{"floor":5.0,"key":"GamblersBrew"},{"floor":6.0,"key":"Swift Potion"},{"floor":16.0,"key":"AttackPotion"},{"floor":19.0,"key":"Regen Potion"},{"floor":28.0,"key":"Block Potion"},{"floor":29.0,"key":"SpeedPotion"},{"floor":30.0,"key":"ColorlessPotion"},{"floor":33.0,"key":"SpeedPotion"},{"floor":36.0,"key":"SkillPotion"},{"floor":44.0,"key":"Dexterity Potion"},{"floor":48.0,"key":"Swift Potion"}],"is_trial":false,"path_per_floor":["M","M","$","M","M","E","R","M","T","R","E","M","M","E","R","B",null,"M","M","?","?","$","E","M","R","T","$","M","E","M","E","R","B",null,"M","M","?","?","?","R","$","R","T","M","?","M","E","M","R","B","B",null,"R","$","E","B",null],"character_chosen":"IRONCLAD","items_purchased":["Meat on the Bone","Orrery","Pantograph","DuplicationPotion"],"campfire_rested":1,"item_purchase_floors":[27,27,54,54],"current_hp_per_floor":[70,60,60,59,54,26,26,18,18,40,22,7,9,10,19,11,59,43,42,42,42,42,30,27,39,39,39,49,52,55,35,50,40,66,72,61,61,61,48,63,63,71,71,70,70,71,63,71,71,71,71,71,71,71,69,35],"gold":39,"neow_bonus":"TRANSFORM_TWO_CARDS","is_prod":false,"is_daily":false,"chose_seed":false,"campfire_upgraded":7,"win_rate":0,"timestamp":1666231978,"path_taken":["M","M","$","M","M","E","R","M","T","R","E","M","M","E","R","BOSS","M","?","?","?","$","E","M","R","T","$","M","E","M","E","R","BOSS","M","M","?","?","?","R","$","R","T","M","?","M","E","M","R","BOSS","BOSS","R","$","E","BOSS"],"build_version":"2022-10-04","purchased_purges":4,"victory":true,"max_hp_per_floor":[75,75,75,75,75,75,75,75,75,75,75,75,75,75,75,75,75,75,75,75,75,75,75,75,75,75,75,75,75,75,75,75,75,75,75,75,71,71,71,71,71,71,71,71,71,71,71,71,71,71,71,71,71,71,71,71],"relic_stats":{"Gremlin Horn":[0,0],"counters":[31,157],"Magic Flower":[51],"Eternal Feather":59,"Pen Nib":[11],"Ancient Tea Set":[8],"Smiling Mask":100,"Burning Blood":170,"Nunchaku":[26],"Pantograph":2,"obtain_stats":[{"Gremlin Horn":55,"Vajra":6,"Magic Flower":47,"Eternal Feather":14,"Pen Nib":43,"Ancient Tea Set":29,"Smiling Mask":31,"Burning Blood":0,"Akabeko":9,"Old Coin":23,"Nunchaku":11,"Pantograph":54,"Orrery":27,"Coffee Dripper":34,"FossilizedHelix":39,"Runic Pyramid":17,"Meat on the Bone":27},{"Gremlin Horn":30,"Vajra":5,"Magic Flower":26,"Eternal Feather":10,"Pen Nib":23,"Ancient Tea Set":17,"Smiling Mask":19,"Burning Blood":0,"Akabeko":6,"Old Coin":14,"Nunchaku":7,"Pantograph":29,"Orrery":15,"Coffee Dripper":20,"FossilizedHelix":23,"Runic Pyramid":11,"Meat on the Bone":15},{"Gremlin Horn":149,"Vajra":20,"Magic Flower":125,"Eternal Feather":44,"Pen Nib":110,"Ancient Tea Set":81,"Smiling Mask":89,"Burning Blood":0,"Akabeko":24,"Old Coin":69,"Nunchaku":30,"Pantograph":144,"Orrery":73,"Coffee Dripper":97,"FossilizedHelix":110,"Runic Pyramid":53,"Meat on the Bone":73}],"FossilizedHelix":[97],"Meat on the Bone":90},"card_choices":[{"not_picked":["Pommel Strike","Evolve"],"picked":"Dark Embrace","floor":1.0},{"not_picked":["Rage","Warcry"],"picked":"Headbutt","floor":2.0},{"not_picked":["Headbutt","Perfected Strike"],"picked":"Carnage","floor":4.0},{"not_picked":["Shrug It Off","Clash"],"picked":"Brutality","floor":5.0},{"not_picked":["Wild Strike","Bloodletting","Power Through"],"picked":"SKIP","floor":6.0},{"not_picked":["Inflame","Sword Boomerang"],"picked":"Power Through","floor":8.0},{"not_picked":["Limit Break","Barricade"],"picked":"Anger","floor":11.0},{"not_picked":["Havoc","Body Slam"],"picked":"Shrug It Off","floor":12.0},{"not_picked":["Clothesline","Pummel","True Grit"],"picked":"SKIP","floor":13.0},{"not_picked":["Cleave","Berserk"],"picked":"Armaments","floor":14.0},{"not_picked":["Reaper","Limit Break"],"picked":"Offering","floor":16.0},{"not_picked":["Clothesline","Thunderclap"],"picked":"Intimidate","floor":18.0},{"not_picked":["True Grit","Wild Strike"],"picked":"Second Wind","floor":19.0},{"not_picked":["Wild Strike","Warcry","Searing Blow"],"picked":"SKIP","floor":23.0},{"not_picked":["Berserk","Disarm"],"picked":"Rupture","floor":24.0},{"not_picked":["Bloodletting","Pommel Strike"],"picked":"Feel No Pain","floor":27.0},{"not_picked":["Bludgeon","Body Slam"],"picked":"Battle Trance","floor":28.0},{"not_picked":["Metallicize","Dropkick"],"picked":"Shockwave","floor":29.0},{"not_picked":["Carnage","Sever Soul","Armaments"],"picked":"SKIP","floor":30.0},{"not_picked":["Clothesline","Armaments"],"picked":"Immolate","floor":31.0},{"not_picked":["Berserk","Impervious"],"picked":"Reaper","floor":33.0},{"not_picked":["Ghostly Armor","Flex","Clash"],"picked":"SKIP","floor":35.0},{"not_picked":["Ghostly Armor","Flex","Clash"],"picked":"SKIP","floor":35.0},{"not_picked":["Cleave","Havoc"],"picked":"Seeing Red","floor":36.0},{"not_picked":["Ghostly Armor","Headbutt"],"picked":"Sentinel+1","floor":44.0},{"not_picked":["Thunderclap","Searing Blow+1"],"picked":"Body Slam","floor":46.0},{"not_picked":["Body Slam","Headbutt","Carnage"],"picked":"SKIP","floor":47.0},{"not_picked":["Cleave","Twin Strike+1"],"picked":"True Grit+1","floor":48.0},{"not_picked":["Heavy Blade","Thunderclap+1","Hemokinesis"],"picked":"SKIP","floor":55}],"player_experience":1168417,"relics_obtained":[{"floor":6.0,"key":"Vajra"},{"floor":9.0,"key":"Akabeko"},{"floor":11.0,"key":"Nunchaku"},{"floor":14.0,"key":"Eternal Feather"},{"floor":23.0,"key":"Old Coin"},{"floor":29.0,"key":"Ancient Tea Set"},{"floor":31.0,"key":"Smiling Mask"},{"floor":39.0,"key":"FossilizedHelix"},{"floor":43.0,"key":"Pen Nib"},{"floor":47.0,"key":"Magic Flower"},{"floor":55,"key":"Gremlin Horn"}],"event_choices":[{"damage_healed":0.0,"max_hp_gain":0.0,"max_hp_loss":0.0,"gold_gain":0.0,"event_name":"The Mausoleum","player_choice":"Ignored","floor":20.0,"gold_loss":0.0,"damage_taken":0.0},{"damage_healed":0.0,"max_hp_gain":0.0,"max_hp_loss":0.0,"gold_gain":50.0,"event_name":"Nest","player_choice":"Stole From Cult","floor":21.0,"gold_loss":0.0,"damage_taken":0.0},{"damage_healed":0.0,"max_hp_gain":0.0,"max_hp_loss":4.0,"gold_gain":0.0,"event_name":"Winding Halls","player_choice":"Max HP","floor":37.0,"gold_loss":0.0,"damage_taken":0.0},{"damage_healed":0.0,"max_hp_gain":0.0,"max_hp_loss":0.0,"gold_gain":0.0,"event_name":"Tomb of Lord Red Mask","player_choice":"Ignored","floor":38.0,"gold_loss":0.0,"damage_taken":0.0},{"damage_healed":0.0,"max_hp_gain":0.0,"max_hp_loss":0.0,"gold_gain":0.0,"event_name":"Mysterious Sphere","player_choice":"Fight","floor":39.0,"gold_loss":0.0,"damage_taken":0.0},{"cards_removed":["Bash"],"damage_healed":0.0,"max_hp_gain":0.0,"max_hp_loss":0.0,"gold_gain":0.0,"event_name":"Falling","player_choice":"Removed Attack","floor":45.0,"gold_loss":0.0,"damage_taken":0.0}],"is_beta":false,"boss_relics":[{"not_picked":["Cursed Key","Sozu"],"picked":"Runic Pyramid"},{"not_picked":["SlaversCollar","Snecko Eye"],"picked":"Coffee Dripper"}],"items_purged_floors":[3,22,27,41],"is_endless":false,"potions_floor_spawned":[4,5,6,16,19,28,29,30,33,36,44,47,48],"ascension_level":20}