{"gold_per_floor":[114,114,130,145,158,186,198,68,93,93,123,133,208,234,234,308,308,318,318,62,75,75,87,87,2,2,2,13,31,31,31],"floor_reached":31,"playtime":1385,"items_purged":["Strike_R","Strike_R"],"score":564,"play_id":"a2c28011-1e39-4fdc-9cda-ec2780c22a24","local_time":"20221020021240","is_ascension_mode":true,"campfire_choices":[{"data":"Spot Weakness","floor":15,"key":"SMITH"},{"data":"Barricade","floor":24,"key":"SMITH"}],"neow_cost":"TEN_PERCENT_HP_LOSS","seed_source_timestamp":273022950409300,"circlet_count":0,"master_deck":["AscendersBane","Strike_R","Defend_R","Defend_R","Defend_R","Defend_R","Bash","Fiend Fire+1","Power Through","Anger","Feel No Pain","Spot Weakness+1","Sword Boomerang","Flame Barrier","Barricade+1","Entrench","Body Slam","Ghostly Armor","Feel No Pain","Disarm","Writhe","Inflame"],"relics":["Burning Blood","Singing Bowl","Bag of Marbles","Nunchaku","Smiling Mask","Cursed Key","Orrery","Oddly Smooth Stone"],"potions_floor_usage":[6,16,18,29],"damage_taken":[{"damage":2,"enemies":"Jaw Worm","floor":1,"turns":3},{"damage":0,"enemies":"Cultist","floor":3,"turns":3},{"damage":4,"enemies":"Small Slimes","floor":4,"turns":3},{"damage":4,"enemies":"Red Slaver","floor":5,"turns":3},{"damage":36,"enemies":"Lagavulin","floor":6,"turns":9},{"damage":4,"enemies":"Exordium Thugs","floor":7,"turns":4},{"damage":11,"enemies":"Gremlin Nob","floor":11,"turns":3},{"damage":0,"enemies":"Blue Slaver","floor":12,"turns":1},{"damage":15,"enemies":"Lagavulin","floor":14,"turns":5},{"damage":18,"enemies":"Hexaghost","floor":16,"turns":9},{"damage":7,"enemies":"Chosen","floor":18,"turns":5},{"damage":29,"enemies":"3 Byrds","floor":21,"turns":6},{"damage":1,"enemies":"Cultist and Chosen","floor":23,"turns":9},{"damage":37,"enemies":"Snake Plant","floor":28,"turns":5},{"damage":7,"enemies":"Centurion and Healer","floor":29,"turns":14},{"damage":22,"enemies":"3 Cultists","floor":31,"turns":5}],"seed_played":"3050535055511801696","potions_obtained":[{"floor":1,"key":"SteroidPotion"},{"floor":6,"key":"Energy Potion"},{"floor":16,"key":"ColorlessPotion"}],"is_trial":false,"path_per_floor":["M","?","M","M","M","E","M","$","T","$","E","M","?","E","R","B",null,"M","?","$","M","T","M","R","?","T","?","M","M","$","M"],"character_chosen":"IRONCLAD","items_purchased":["AttackPotion","Orrery","Feel No Pain"],"campfire_rested":0,"item_purchase_floors":[8,20,20],"current_hp_per_floor":[68,68,68,68,68,38,40,40,40,40,37,45,34,25,25,13,57,58,58,58,35,35,42,42,42,42,42,13,14,14,0],"gold":31,"neow_bonus":"THREE_RARE_CARDS","is_prod":false,"is_daily":false,"chose_seed":false,"campfire_upgraded":2,"win_rate":0,"timestamp":1666246360,"path_taken":["M","?","M","?","M","E","M","$","T","?","E","?","?","E","R","BOSS","M","?","$","?","?","M","R","?","T","?","M","M","$","M"],"build_version":"2022-10-04","purchased_purges":2,"victory":false,"max_hp_per_floor":[68,68,68,68,68,68,68,68,68,68,70,72,72,72,72,72,72,74,74,74,74,74,76,76,76,76,76,78,80,80,80],"relic_stats":{"Nunchaku":[7],"Singing Bowl":12,"counters":[16,87],"Smiling Mask":50,"Cursed Key":1,"obtain_stats":[{"Nunchaku":11,"Singing Bowl":6,"Orrery":20,"Oddly Smooth Stone":25,"Bag of Marbles":9,"Smiling Mask":14,"Cursed Key":17,"Burning Blood":0},{"Nunchaku":7,"Singing Bowl":5,"Orrery":11,"Oddly Smooth Stone":13,"Bag of Marbles":6,"Smiling Mask":9,"Cursed Key":10,"Burning Blood":0},{"Nunchaku":28,"Singing Bowl":21,"Orrery":48,"Oddly Smooth Stone":63,"Bag of Marbles":25,"Smiling Mask":34,"Cursed Key":43,"Burning Blood":0}],"Burning Blood":76},"card_choices":[{"not_picked":["Offering","Brutality"],"picked":"Fiend Fire","floor":0},{"not_picked":["Body Slam","Headbutt"],"picked":"Power Through","floor":1},{"not_picked":["Clothesline","Pommel Strike"],"picked":"Anger","floor":3},{"not_picked":["Iron Wave","Shrug It Off","Body Slam"],"picked":"SKIP","floor":4},{"not_picked":["Sword Boomerang","Twin Strike"],"picked":"Feel No Pain","floor":5},{"not_picked":["Clash","Feel No Pain"],"picked":"Spot Weakness","floor":6},{"not_picked":["Wild Strike","True Grit"],"picked":"Sword Boomerang","floor":7},{"not_picked":["Thunderclap","Infernal Blade","Clash"],"picked":"Singing Bowl","floor":11},{"not_picked":["Armaments","Clothesline","Body Slam"],"picked":"Singing Bowl","floor":12},{"not_picked":["Fiend Fire","Iron Wave"],"picked":"Flame Barrier","floor":14},{"not_picked":["Fiend Fire","Brutality"],"picked":"Barricade","floor":16},{"not_picked":["Flex","Twin Strike","Reckless Charge"],"picked":"Singing Bowl","floor":18},{"not_picked":["Reckless Charge","Twin Strike"],"picked":"Entrench","floor":20},{"not_picked":["Rampage","Shrug It Off"],"picked":"Body Slam","floor":20},{"not_picked":["Flame Barrier","Havoc"],"picked":"Ghostly Armor","floor":20},{"not_picked":["Brutality","Shrug It Off"],"picked":"Disarm","floor":21},{"not_picked":["Clothesline","True Grit","Twin Strike"],"picked":"Singing Bowl","floor":23},{"not_picked":["Havoc","Flex","Fiend Fire"],"picked":"Singing Bowl","floor":28},{"not_picked":["Sword Boomerang","Headbutt","Heavy Blade"],"picked":"Singing Bowl","floor":29}],"player_experience":1183814,"relics_obtained":[{"floor":6,"key":"Singing Bowl"},{"floor":9,"key":"Bag of Marbles"},{"floor":11,"key":"Nunchaku"},{"floor":14,"key":"Smiling Mask"}],"event_choices":[{"damage_healed":0,"gold_gain":0,"player_choice":"Upgraded","damage_taken":0,"max_hp_gain":0,"max_hp_loss":0,"event_name":"Upgrade Shrine","floor":2,"gold_loss":0,"cards_upgraded":["Fiend Fire"]},{"damage_healed":0,"gold_gain":75,"player_choice":"Gather Gold","damage_taken":11,"max_hp_gain":0,"max_hp_loss":0,"event_name":"World of Goop","floor":13,"gold_loss":0},{"cards_removed":["Strike_R"],"damage_healed":0,"gold_gain":0,"player_choice":"Offered Basic","damage_taken":0,"max_hp_gain":0,"max_hp_loss":0,"event_name":"Bonfire Elementals","floor":19,"gold_loss":0},{"damage_healed":0,"gold_gain":0,"player_choice":"Obtained Relic","damage_taken":0,"relics_obtained":["Oddly Smooth Stone"],"max_hp_gain":0,"max_hp_loss":0,"event_name":"Addict","floor":25,"gold_loss":85},{"damage_healed":0,"gold_gain":0,"cards_transformed":["Strike_R"],"player_choice":"Transformed","damage_taken":0,"max_hp_gain":0,"max_hp_loss":0,"event_name":"Transmorgrifier","floor":27,"gold_loss":0,"cards_obtained":["Inflame"]}],"is_beta":false,"boss_relics":[{"not_picked":["Black Blood","Tiny House"],"picked":"Cursed Key"}],"items_purged_floors":[8,20],"is_endless":false,"potions_floor_spawned":[1,6,11,16],"killed_by":"3 Cultists","ascension_level":20}