{"gold_per_floor":[11,11,11,31,42,42,71,35,35,50,11,31,51,67,67,140,140,151,151,51,51,51],"floor_reached":22,"playtime":1022,"items_purged":[],"score":472,"play_id":"3b12228a-7dc4-4b66-af84-7387f901af4c","local_time":"20221018220108","is_ascension_mode":true,"campfire_choices":[{"data":"Rampage","floor":6,"key":"SMITH"},{"floor":15,"key":"REST"}],"neow_cost":"NO_GOLD","seed_source_timestamp":171892533736500,"circlet_count":0,"master_deck":["AscendersBane","Strike_R","Strike_R","Strike_R","Defend_R","Defend_R","Defend_R","Defend_R","Bash","Corruption","Pommel Strike","Dual Wield","Rampage+1","Shockwave","Metallicize","Shrug It Off","Headbutt","Barricade","Pommel Strike+1","Ghostly","Ghostly","Ghostly"],"relics":["Burning Blood","FossilizedHelix","Mercury Hourglass","SlaversCollar"],"potions_floor_usage":[7,12,22],"damage_taken":[{"damage":0,"enemies":"2 Louse","floor":1,"turns":3},{"damage":11,"enemies":"Jaw Worm","floor":4,"turns":6},{"damage":7,"enemies":"Small Slimes","floor":5,"turns":3},{"damage":53,"enemies":"3 Sentries","floor":7,"turns":14},{"damage":0,"enemies":"Blue Slaver","floor":10,"turns":3},{"damage":14,"enemies":"Exordium Thugs","floor":12,"turns":5},{"damage":0,"enemies":"2 Fungi Beasts","floor":13,"turns":3},{"damage":4,"enemies":"3 Louse","floor":14,"turns":4},{"damage":0,"enemies":"Slime Boss","floor":16,"turns":8},{"damage":29,"enemies":"Spheric Guardian","floor":18,"turns":6},{"damage":2,"enemies":"2 Thieves","floor":20,"turns":5},{"damage":50,"enemies":"Chosen and Byrds","floor":22,"turns":7}],"seed_played":"6385814521162833859","potions_obtained":[{"floor":4,"key":"ColorlessPotion"},{"floor":10,"key":"BlessingOfTheForge"},{"floor":13,"key":"Fruit Juice"}],"is_trial":false,"path_per_floor":["M","?","?","M","M","R","E","?","T","M","$","M","M","M","R","B",null,"M","?","M","?","M"],"character_chosen":"IRONCLAD","items_purchased":["Metallicize"],"campfire_rested":1,"item_purchase_floors":[11],"current_hp_per_floor":[74,74,67,62,61,61,14,14,14,20,20,12,18,20,42,48,68,45,37,37,29,0],"gold":51,"neow_bonus":"THREE_RARE_CARDS","is_prod":false,"is_daily":false,"chose_seed":false,"campfire_upgraded":1,"win_rate":0,"timestamp":1666144868,"path_taken":["M","?","?","M","M","R","E","?","T","M","?","M","M","M","R","BOSS","M","?","M","?","M"],"build_version":"2022-10-04","purchased_purges":0,"victory":false,"max_hp_per_floor":[75,75,75,75,75,75,75,75,75,75,75,75,75,75,75,75,75,75,37,37,42,47],"card_choices":[{"not_picked":["Brutality","Impervious"],"picked":"Corruption","floor":0},{"not_picked":["Second Wind","Sword Boomerang"],"picked":"Pommel Strike","floor":1},{"not_picked":["Iron Wave","Ghostly Armor"],"picked":"Rampage","floor":4},{"not_picked":["Intimidate","Body Slam"],"picked":"Shockwave","floor":5},{"not_picked":["Uppercut","Wild Strike","Clash"],"picked":"SKIP","floor":7},{"not_picked":["Power Through","Clothesline","Havoc"],"picked":"SKIP","floor":10},{"not_picked":["Spot Weakness","Intimidate"],"picked":"Shrug It Off","floor":12},{"not_picked":["Rage","Body Slam","Pommel Strike"],"picked":"SKIP","floor":13},{"not_picked":["Intimidate","Searing Blow"],"picked":"Headbutt","floor":14},{"not_picked":["Demon Form","Bludgeon"],"picked":"Barricade","floor":16},{"not_picked":["Carnage","Power Through"],"picked":"Pommel Strike+1","floor":18},{"not_picked":["Warcry","Dual Wield","Wild Strike"],"picked":"SKIP","floor":20}],"player_experience":1166008,"relics_obtained":[{"floor":7,"key":"FossilizedHelix"},{"floor":9,"key":"Mercury Hourglass"}],"event_choices":[{"damage_healed":0,"gold_gain":0,"cards_transformed":["Strike_R"],"player_choice":"Change","damage_taken":0,"max_hp_gain":0,"max_hp_loss":0,"event_name":"Living Wall","floor":2,"gold_loss":0,"cards_obtained":["Dual Wield"]},{"cards_removed":["Strike_R"],"damage_healed":0,"gold_gain":0,"player_choice":"Card Removal","damage_taken":7,"max_hp_gain":0,"max_hp_loss":0,"event_name":"Golden Wing","floor":3,"gold_loss":0},{"damage_healed":0,"gold_gain":0,"player_choice":"Left Gold","damage_taken":0,"max_hp_gain":0,"max_hp_loss":0,"event_name":"World of Goop","floor":8,"gold_loss":36},{"damage_healed":0,"gold_gain":0,"player_choice":"Became a Ghost","damage_taken":0,"max_hp_gain":0,"max_hp_loss":38,"event_name":"Ghosts","floor":19,"gold_loss":0,"cards_obtained":["Ghostly","Ghostly","Ghostly"]},{"damage_healed":0,"gold_gain":0,"player_choice":"Shed Blood","damage_taken":13,"max_hp_gain":5,"max_hp_loss":0,"event_name":"Forgotten Altar","floor":21,"gold_loss":0}],"is_beta":false,"boss_relics":[{"not_picked":["Black Blood","Runic Cube"],"picked":"SlaversCollar"}],"items_purged_floors":[],"is_endless":false,"potions_floor_spawned":[4,10,13],"killed_by":"Chosen and Byrds","ascension_level":20}