{"gold_per_floor":[112,112,124,134,134,145,145],"floor_reached":7,"playtime":343,"items_purged":[],"score":86,"play_id":"2ca347ca-5b6c-4c02-98d7-047b05afa9f6","local_time":"20221020014928","is_ascension_mode":true,"campfire_choices":[],"neow_cost":"TEN_PERCENT_HP_LOSS","seed_source_timestamp":272672118280100,"circlet_count":0,"master_deck":["AscendersBane","Strike_R","Strike_R","Strike_R","Strike_R","Strike_R","Defend_R","Defend_R","Defend_R","Defend_R","Bash","Corruption","Twin Strike","Shrug It Off","Sever Soul"],"relics":["Burning Blood","Tiny Chest"],"potions_floor_usage":[7],"damage_taken":[{"damage":6,"enemies":"Cultist","floor":1,"turns":3},{"damage":12,"enemies":"2 Louse","floor":3,"turns":2},{"damage":14,"enemies":"Jaw Worm","floor":4,"turns":4},{"damage":38,"enemies":"Gremlin Gang","floor":6,"turns":7},{"damage":29,"enemies":"3 Sentries","floor":7,"turns":6}],"seed_played":"5438179423535261694","potions_obtained":[{"floor":3,"key":"DuplicationPotion"},{"floor":4,"key":"Ancient Potion"}],"is_trial":false,"path_per_floor":["M","T","M","M","?","M","E"],"character_chosen":"IRONCLAD","items_purchased":[],"campfire_rested":0,"item_purchase_floors":[],"current_hp_per_floor":[68,68,62,54,59,27,0],"gold":145,"neow_bonus":"THREE_RARE_CARDS","is_prod":false,"is_daily":false,"chose_seed":false,"campfire_upgraded":0,"win_rate":0,"timestamp":1666244968,"path_taken":["M","?","M","M","?","M","E"],"build_version":"2022-10-04","purchased_purges":0,"victory":false,"max_hp_per_floor":[68,68,68,68,73,73,73],"relic_stats":{"counters":[5,22],"Tiny Chest":0,"obtain_stats":[{"Tiny Chest":2,"Burning Blood":0},{"Tiny Chest":1,"Burning Blood":0},{"Tiny Chest":3,"Burning Blood":0}],"Burning Blood":24},"card_choices":[{"not_picked":["Juggernaut","Bludgeon"],"picked":"Corruption","floor":0},{"not_picked":["Havoc","Second Wind"],"picked":"Twin Strike","floor":1},{"not_picked":["Thunderclap","Seeing Red"],"picked":"Shrug It Off","floor":3},{"not_picked":["Iron Wave","Body Slam","Twin Strike"],"picked":"SKIP","floor":4},{"not_picked":["Heavy Blade","Iron Wave"],"picked":"Sever Soul","floor":6}],"player_experience":1183471,"relics_obtained":[{"floor":2,"key":"Tiny Chest"}],"event_choices":[{"damage_healed":0,"gold_gain":0,"player_choice":"Donut","damage_taken":0,"max_hp_gain":5,"max_hp_loss":0,"event_name":"Big Fish","floor":5,"gold_loss":0}],"is_beta":false,"boss_relics":[],"items_purged_floors":[],"is_endless":false,"potions_floor_spawned":[3,4,6],"killed_by":"3 Sentries","ascension_level":20}