{"gold_per_floor":[110,129,129,145,163,163,174,174,174,209,209,227,259,271,271,348,348,364,364,381,397,159,159],"floor_reached":23,"playtime":1387,"items_purged":["Strike_R"],"score":410,"play_id":"bf2a83c7-8ae1-4af1-9b83-8758923bb950","local_time":"20221109013532","is_ascension_mode":true,"campfire_choices":[{"data":"Perfected Strike","floor":6,"key":"SMITH"},{"data":"Perfected Strike","floor":8,"key":"SMITH"},{"data":"Shockwave","floor":15,"key":"SMITH"}],"neow_cost":"PERCENT_DAMAGE","seed_source_timestamp":169249241663100,"circlet_count":0,"master_deck":["AscendersBane","Strike_R","Strike_R","Defend_R","Defend_R","Defend_R","Bash","Twin Strike","Perfected Strike+1","Shrug It Off","Perfected Strike+1","Spot Weakness","Dark Embrace","Shockwave+1","Corruption","Offering","Shrug It Off","Infernal Blade","Seeing Red","Sword Boomerang"],"relics":["Burning Blood","InkBottle","Pear","Pantograph"],"potions_floor_usage":[16,18,21,23,23,23],"damage_taken":[{"damage":0,"enemies":"Small Slimes","floor":1,"turns":2},{"damage":0,"enemies":"Cultist","floor":2,"turns":2},{"damage":0,"enemies":"2 Louse","floor":4,"turns":3},{"damage":17,"enemies":"Lots of Slimes","floor":5,"turns":6},{"damage":5,"enemies":"Looter","floor":7,"turns":5},{"damage":8,"enemies":"Gremlin Nob","floor":10,"turns":3},{"damage":0,"enemies":"2 Fungi Beasts","floor":12,"turns":3},{"damage":28,"enemies":"Lagavulin","floor":13,"turns":8},{"damage":6,"enemies":"3 Louse","floor":14,"turns":4},{"damage":36,"enemies":"Hexaghost","floor":16,"turns":7},{"damage":32,"enemies":"Chosen","floor":18,"turns":6},{"damage":25,"enemies":"Shell Parasite","floor":20,"turns":5},{"damage":24,"enemies":"Cultist and Chosen","floor":21,"turns":7},{"damage":19,"enemies":"Gremlin Leader","floor":23,"turns":4}],"seed_played":"3163055441919040957","potions_obtained":[{"floor":10,"key":"Weak Potion"},{"floor":12,"key":"GamblersBrew"},{"floor":14,"key":"BlessingOfTheForge"},{"floor":16,"key":"Fruit Juice"},{"floor":20,"key":"BlessingOfTheForge"}],"is_trial":false,"path_per_floor":["M","M","?","M","M","R","M","R","T","E","T","M","E","M","R","B",null,"M","?","M","M","$","E"],"character_chosen":"IRONCLAD","items_purchased":["Sword Boomerang","EntropicBrew"],"campfire_rested":0,"item_purchase_floors":[22,22],"current_hp_per_floor":[56,62,62,68,57,57,58,58,58,56,66,72,50,50,50,45,75,49,49,30,17,17,0],"gold":159,"neow_bonus":"TRANSFORM_TWO_CARDS","is_prod":false,"is_daily":false,"chose_seed":false,"campfire_upgraded":3,"win_rate":0,"timestamp":1667975732,"path_taken":["M","M","?","?","M","R","M","R","T","E","?","M","E","M","R","BOSS","M","?","?","M","$","E"],"build_version":"2022-10-04","purchased_purges":1,"victory":false,"max_hp_per_floor":[75,75,75,75,75,75,75,75,75,75,85,85,85,85,85,85,85,85,85,85,90,90,90],"relic_stats":{"counters":[14,65],"Pantograph":25,"obtain_stats":[{"Pear":11,"Pantograph":13,"Burning Blood":0,"InkBottle":10},{"Pear":6,"Pantograph":8,"Burning Blood":0,"InkBottle":6},{"Pear":21,"Pantograph":32,"Burning Blood":0,"InkBottle":21}],"Burning Blood":78,"InkBottle":[11]},"card_choices":[{"not_picked":["Heavy Blade","Sword Boomerang"],"picked":"Shrug It Off","floor":1},{"not_picked":["Flex","Clothesline","True Grit"],"picked":"SKIP","floor":2},{"not_picked":["Clothesline","Evolve"],"picked":"Perfected Strike","floor":4},{"not_picked":["Intimidate","Clash","Cleave"],"picked":"SKIP","floor":5},{"not_picked":["Perfected Strike","Twin Strike"],"picked":"Spot Weakness","floor":7},{"not_picked":["Spot Weakness","Pummel","Clothesline"],"picked":"SKIP","floor":10},{"not_picked":["Infernal Blade","Havoc"],"picked":"Dark Embrace","floor":12},{"not_picked":["Armaments","Cleave"],"picked":"Shockwave","floor":13},{"not_picked":["Flex","Spot Weakness"],"picked":"Corruption","floor":14},{"not_picked":["Immolate","Limit Break"],"picked":"Offering","floor":16},{"not_picked":["Bloodletting","Clash"],"picked":"Shrug It Off","floor":18},{"not_picked":["Havoc","Evolve"],"picked":"Infernal Blade","floor":20},{"not_picked":["Armaments","Uppercut"],"picked":"Seeing Red","floor":21}],"player_experience":1210190,"relics_obtained":[{"floor":10,"key":"InkBottle"},{"floor":11,"key":"Pear"},{"floor":13,"key":"Pantograph"}],"event_choices":[{"cards_removed":["Strike_R"],"damage_healed":0,"gold_gain":0,"player_choice":"Purged","damage_taken":0,"max_hp_gain":0,"max_hp_loss":0,"event_name":"Purifier","floor":3,"gold_loss":0},{"damage_healed":0,"gold_gain":0,"player_choice":"Ignored","damage_taken":0,"max_hp_gain":0,"max_hp_loss":0,"event_name":"N\u0027loth","floor":19,"gold_loss":0}],"is_beta":false,"boss_relics":[{"not_picked":["Pandora\u0027s Box","Empty Cage","Busted Crown"]}],"items_purged_floors":[22],"is_endless":false,"potions_floor_spawned":[10,12,14,16,20],"killed_by":"Gremlin Leader","ascension_level":20}