{"gold_per_floor":[109,126,126,142,142,180,180,219,219,219,237,237,280,296,296,392,392,413,2,40,40,40,40,83,83,383,383,383],"floor_reached":28,"playtime":1968,"items_purged":["Strike_R"],"score":504,"play_id":"b83337ac-5b5a-45cd-ab6f-5937176d4038","local_time":"20221108210500","is_ascension_mode":true,"campfire_choices":[{"data":"Shockwave","floor":7,"key":"SMITH"},{"floor":10,"key":"REST"},{"data":"Combust","floor":12,"key":"SMITH"},{"data":"Sword Boomerang","floor":15,"key":"SMITH"},{"data":"Corruption","floor":23,"key":"SMITH"},{"data":"Feed","floor":25,"key":"SMITH"},{"data":"Ghostly","floor":27,"key":"SMITH"}],"neow_cost":"NONE","seed_source_timestamp":152436396795100,"circlet_count":0,"master_deck":["AscendersBane","Defend_R","Defend_R","Defend_R+1","Defend_R","Bash","Shockwave+1","Combust+1","Cleave","Battle Trance","Sword Boomerang+1","Sever Soul","Shrug It Off","Offering","Anger+1","Wild Strike+1","Shrug It Off","Feel No Pain","Seeing Red","Corruption+1","Ghostly","Ghostly","Ghostly+1","Metallicize","Whirlwind","Feed+1"],"relics":["Burning Blood","Golden Idol","Du-Vu Doll","Pantograph","Strawberry","Astrolabe","TheAbacus","Red Mask","The Courier","Old Coin"],"potions_floor_usage":[4,6,8,18,24,28],"damage_taken":[{"damage":8,"enemies":"Small Slimes","floor":1,"turns":5},{"damage":5,"enemies":"2 Louse","floor":2,"turns":3},{"damage":13,"enemies":"Jaw Worm","floor":4,"turns":5},{"damage":26,"enemies":"3 Sentries","floor":6,"turns":5},{"damage":14,"enemies":"Lagavulin","floor":8,"turns":6},{"damage":0,"enemies":"Exordium Thugs","floor":11,"turns":4},{"damage":20,"enemies":"3 Sentries","floor":13,"turns":4},{"damage":0,"enemies":"Exordium Wildlife","floor":14,"turns":2},{"damage":23,"enemies":"Slime Boss","floor":16,"turns":7},{"damage":19,"enemies":"2 Thieves","floor":18,"turns":3},{"damage":17,"enemies":"Masked Bandits","floor":20,"turns":3},{"damage":15,"enemies":"Book of Stabbing","floor":24,"turns":5},{"damage":39,"enemies":"Gremlin Leader","floor":28,"turns":5}],"seed_played":"5594942449717906521","potions_obtained":[{"floor":0,"key":"BloodPotion"},{"floor":0,"key":"PowerPotion"},{"floor":4,"key":"Strength Potion"},{"floor":6,"key":"Energy Potion"},{"floor":14,"key":"Fruit Juice"},{"floor":20,"key":"DistilledChaos"}],"is_trial":false,"path_per_floor":["M","M","?","M","?","E","R","E","T","R","M","R","E","M","R","B",null,"M","$","?","?","?","R","E","R","T","R","E"],"character_chosen":"IRONCLAD","items_purchased":["Feel No Pain","Seeing Red","TheAbacus"],"campfire_rested":1,"item_purchase_floors":[19,19,19],"current_hp_per_floor":[66,67,67,68,48,28,28,20,20,40,46,46,39,45,45,53,70,57,57,46,37,37,37,28,28,28,28,0],"gold":383,"neow_bonus":"THREE_SMALL_POTIONS","is_prod":false,"is_daily":false,"chose_seed":false,"campfire_upgraded":6,"win_rate":0,"timestamp":1667959500,"path_taken":["M","M","?","M","?","E","R","E","T","R","M","R","E","M","R","BOSS","M","$","?","?","?","R","E","R","T","R","E"],"build_version":"2022-10-04","purchased_purges":1,"victory":false,"max_hp_per_floor":[75,75,68,68,68,68,68,68,68,68,68,68,75,75,75,75,75,75,75,75,37,37,37,37,37,37,37,42],"relic_stats":{"TheAbacus":[12],"counters":[13,57],"Golden Idol":75,"Pantograph":25,"Astrolabe":["Anger","Clash","Wild Strike"],"The Courier":0,"obtain_stats":[{"Du-Vu Doll":6,"TheAbacus":19,"Golden Idol":3,"Pantograph":9,"Strawberry":13,"Astrolabe":17,"The Courier":24,"Red Mask":20,"Burning Blood":0,"Old Coin":26},{"Du-Vu Doll":4,"TheAbacus":10,"Golden Idol":2,"Pantograph":5,"Strawberry":7,"Astrolabe":9,"The Courier":12,"Red Mask":11,"Burning Blood":0,"Old Coin":12},{"Du-Vu Doll":18,"TheAbacus":44,"Golden Idol":8,"Pantograph":24,"Strawberry":32,"Astrolabe":41,"The Courier":52,"Red Mask":47,"Burning Blood":0,"Old Coin":52}],"Burning Blood":72},"card_choices":[{"not_picked":["Wild Strike","Thunderclap"],"picked":"Shockwave","floor":1},{"not_picked":["Spot Weakness","Wild Strike"],"picked":"Combust","floor":2},{"not_picked":["Sword Boomerang","Reckless Charge"],"picked":"Cleave","floor":4},{"not_picked":["Heavy Blade","Sword Boomerang"],"picked":"Battle Trance","floor":6},{"not_picked":["Intimidate","Clash"],"picked":"Sword Boomerang","floor":8},{"not_picked":["Warcry","Iron Wave","Fire Breathing"],"picked":"SKIP","floor":11},{"not_picked":["Pummel","Reaper"],"picked":"Sever Soul","floor":13},{"not_picked":["Flex","Inflame"],"picked":"Shrug It Off","floor":14},{"not_picked":["Demon Form","Bludgeon"],"picked":"Offering","floor":16},{"not_picked":["Cleave","Warcry"],"picked":"Shrug It Off","floor":18},{"not_picked":["Clash","Sever Soul"],"picked":"Corruption","floor":20},{"not_picked":["Headbutt","Flame Barrier"],"picked":"Feed","floor":24}],"player_experience":1201882,"relics_obtained":[{"floor":6,"key":"Du-Vu Doll"},{"floor":9,"key":"Pantograph"},{"floor":13,"key":"Strawberry"},{"floor":20,"key":"Red Mask"},{"floor":24,"key":"The Courier"},{"floor":26,"key":"Old Coin"}],"event_choices":[{"damage_healed":0,"gold_gain":0,"player_choice":"Lose Max HP","damage_taken":0,"relics_obtained":["Golden Idol"],"max_hp_gain":0,"max_hp_loss":7,"event_name":"Golden Idol","floor":3,"gold_loss":0},{"damage_healed":0,"gold_gain":0,"player_choice":"Entered Light","damage_taken":20,"max_hp_gain":0,"max_hp_loss":0,"event_name":"Shining Light","floor":5,"gold_loss":0,"cards_upgraded":["Strike_R","Defend_R"]},{"damage_healed":0,"gold_gain":0,"player_choice":"Fought Bandits","damage_taken":0,"max_hp_gain":0,"max_hp_loss":0,"event_name":"Masked Bandits","floor":20,"gold_loss":0},{"damage_healed":0,"gold_gain":0,"player_choice":"Became a Ghost","damage_taken":0,"max_hp_gain":0,"max_hp_loss":38,"event_name":"Ghosts","floor":21,"gold_loss":0,"cards_obtained":["Ghostly","Ghostly","Ghostly"]},{"damage_healed":0,"gold_gain":0,"cards_transformed":["Clash","Strike_R"],"player_choice":"Became Test Subject","damage_taken":0,"max_hp_gain":0,"max_hp_loss":0,"event_name":"Drug Dealer","floor":22,"gold_loss":0,"cards_obtained":["Metallicize","Whirlwind"]}],"is_beta":false,"boss_relics":[{"not_picked":["Velvet Choker","Busted Crown"],"picked":"Astrolabe"}],"items_purged_floors":[19],"is_endless":false,"potions_floor_spawned":[2,4,6,14,16,20],"killed_by":"Gremlin Leader","ascension_level":20}