{"gold_per_floor":[115,115,134,209,225,225,255,274,274,308,71,71,95,155,155,155],"floor_reached":16,"playtime":537,"items_purged":["Strike_R"],"score":216,"play_id":"900a9136-ff13-4326-9f9d-c5603a5eb332","local_time":"20221105223306","is_ascension_mode":true,"campfire_choices":[{"data":"Bludgeon","floor":6.0,"key":"SMITH"},{"data":"Offering","floor":12.0,"key":"SMITH"},{"floor":15,"key":"REST"}],"neow_cost":"TEN_PERCENT_HP_LOSS","seed_source_timestamp":1729495983891200,"circlet_count":0,"master_deck":["AscendersBane","Strike_R","Strike_R","Strike_R","Strike_R","Defend_R","Defend_R","Defend_R","Defend_R","Bash","Bludgeon+1","Bloodletting","Headbutt","Anger","Offering+1"],"special_seed":0,"relics":["Burning Blood","Letter Opener","Toxic Egg 2","Singing Bowl","Happy Flower","Strawberry","PreservedInsect"],"potions_floor_usage":[],"damage_taken":[{"damage":12.0,"enemies":"Small Slimes","floor":1.0,"turns":5.0},{"damage":9.0,"enemies":"Jaw Worm","floor":3.0,"turns":3.0},{"damage":2.0,"enemies":"2 Louse","floor":5.0,"turns":3.0},{"damage":8.0,"enemies":"Gremlin Nob","floor":7.0,"turns":3.0},{"damage":6.0,"enemies":"Large Slime","floor":8.0,"turns":4.0},{"damage":21.0,"enemies":"Lagavulin","floor":10.0,"turns":5.0},{"damage":43,"enemies":"Lagavulin Event","floor":14,"turns":4},{"damage":53,"enemies":"The Guardian","floor":16,"turns":8}],"seed_played":"-8446161817532375061","potions_obtained":[{"floor":5.0,"key":"Regen Potion"},{"floor":8.0,"key":"Explosive Potion"}],"is_trial":false,"path_per_floor":["M","?","M","?","M","R","E","M","T","E","$","R","T","?","R","B"],"character_chosen":"IRONCLAD","items_purchased":["Happy Flower"],"campfire_rested":1,"item_purchase_floors":[11],"current_hp_per_floor":[62,67,64,53,57,57,55,55,55,56,56,56,63,28,53,0],"gold":155,"neow_bonus":"THREE_RARE_CARDS","is_prod":false,"is_daily":false,"chose_seed":false,"campfire_upgraded":2,"win_rate":0,"timestamp":1667701986,"path_taken":["M","?","M","?","M","R","E","M","T","E","$","R","?","?","R","BOSS"],"build_version":"2022-10-04","purchased_purges":1,"victory":false,"max_hp_per_floor":[68,73,73,73,73,73,73,73,73,75,75,75,82,84,84,84],"relic_stats":{"Singing Bowl":4,"Happy Flower":[4],"counters":[8,35],"PreservedInsect":0,"Letter Opener":[0],"obtain_stats":[{"Singing Bowl":10,"Happy Flower":11,"Strawberry":13,"PreservedInsect":14,"Letter Opener":7,"Toxic Egg 2":9,"Burning Blood":0},{"Singing Bowl":6,"Happy Flower":6,"Strawberry":6,"PreservedInsect":7,"Letter Opener":4,"Toxic Egg 2":5,"Burning Blood":0},{"Singing Bowl":23,"Happy Flower":23,"Strawberry":23,"PreservedInsect":27,"Letter Opener":14,"Toxic Egg 2":18,"Burning Blood":0}],"Burning Blood":42},"card_choices":[{"not_picked":["Brutality","Barricade"],"picked":"Bludgeon","floor":0.0},{"not_picked":["Flex","Dual Wield","Havoc"],"picked":"SKIP","floor":1.0},{"not_picked":["Shrug It Off","Thunderclap"],"picked":"Bloodletting","floor":3.0},{"not_picked":["Shrug It Off","Pommel Strike"],"picked":"Headbutt","floor":5.0},{"not_picked":["Perfected Strike","Sentinel"],"picked":"Anger","floor":7.0},{"not_picked":["Iron Wave","Shockwave"],"picked":"Offering","floor":8.0},{"not_picked":["Dual Wield+1","Bludgeon","Perfected Strike"],"picked":"Singing Bowl","floor":10.0},{"not_picked":["Iron Wave","Sword Boomerang","Clash"],"picked":"Singing Bowl","floor":14}],"player_experience":1195992,"relics_obtained":[{"floor":7.0,"key":"Letter Opener"},{"floor":9.0,"key":"Toxic Egg 2"},{"floor":10.0,"key":"Singing Bowl"},{"floor":13.0,"key":"Strawberry"},{"floor":14,"key":"PreservedInsect"}],"event_choices":[{"damage_healed":0.0,"max_hp_gain":5.0,"max_hp_loss":0.0,"gold_gain":0.0,"event_name":"Big Fish","player_choice":"Donut","floor":2.0,"gold_loss":0.0,"damage_taken":0.0},{"damage_healed":0.0,"max_hp_gain":0.0,"max_hp_loss":0.0,"gold_gain":75.0,"event_name":"World of Goop","player_choice":"Gather Gold","floor":4.0,"gold_loss":0.0,"damage_taken":11.0},{"damage_healed":0,"gold_gain":30,"player_choice":"Searched \u00272\u0027 times","damage_taken":0,"max_hp_gain":0,"max_hp_loss":0,"event_name":"Dead Adventurer","floor":14,"gold_loss":0}],"is_beta":false,"boss_relics":[],"items_purged_floors":[11],"is_endless":false,"potions_floor_spawned":[5,8],"killed_by":"The Guardian","ascension_level":20}