{"gold_per_floor":[116,128,128,128,203,203,203,238,250,262,294,21,21,55,55,148,148,171,171,188,238,253,253,253,253],"floor_reached":25,"playtime":982,"items_purged":[],"score":414,"play_id":"cd9b2ad8-1295-4d08-ac1c-be22b84b1790","local_time":"20221109015203","is_ascension_mode":true,"campfire_choices":[{"data":"Sever Soul","floor":6,"key":"SMITH"},{"floor":10,"key":"REST"},{"data":"Shockwave","floor":15,"key":"SMITH"},{"floor":23,"key":"REST"}],"neow_cost":"NONE","seed_source_timestamp":170644826076500,"circlet_count":0,"master_deck":["AscendersBane","Strike_R","Strike_R","Strike_R","Defend_R","Defend_R","Defend_R","Defend_R","Bash+1","Sever Soul+1","Shockwave+1","Headbutt","Corruption","Armaments","Pummel","Anger+1","Feed","Seeing Red+1","True Grit+1"],"relics":["Burning Blood","Bloody Idol","MawBank","Calipers","Toxic Egg 2","Whetstone","Black Star"],"potions_floor_usage":[14,16,16,25],"damage_taken":[{"damage":6,"enemies":"Cultist","floor":1,"turns":3},{"damage":4,"enemies":"Small Slimes","floor":2,"turns":3},{"damage":55,"enemies":"3 Sentries","floor":8,"turns":11},{"damage":5,"enemies":"2 Louse","floor":11,"turns":3},{"damage":6,"enemies":"Gremlin Nob","floor":14,"turns":3},{"damage":35,"enemies":"Hexaghost","floor":16,"turns":8},{"damage":12,"enemies":"Chosen","floor":18,"turns":4},{"damage":36,"enemies":"Shell Parasite","floor":20,"turns":6},{"damage":21,"enemies":"Snecko","floor":22,"turns":7},{"damage":60,"enemies":"Slavers","floor":25,"turns":5}],"seed_played":"7922029320120096000","potions_obtained":[{"floor":1,"key":"ElixirPotion"},{"floor":8,"key":"Strength Potion"},{"floor":14,"key":"Strength Potion"},{"floor":18,"key":"SpeedPotion"}],"is_trial":false,"path_per_floor":["M","M","?","?","?","R","?","E","T","R","M","$","?","E","R","B",null,"M","?","M","?","M","R","T","E"],"character_chosen":"IRONCLAD","items_purchased":["Toxic Egg 2"],"campfire_rested":2,"item_purchase_floors":[12],"current_hp_per_floor":[68,70,75,75,64,64,64,15,15,36,37,37,37,37,37,8,56,54,54,32,37,30,54,54,0],"gold":253,"neow_bonus":"THREE_CARDS","is_prod":false,"is_daily":false,"chose_seed":false,"campfire_upgraded":2,"win_rate":0,"timestamp":1667976723,"path_taken":["M","M","?","?","?","R","?","E","T","R","M","$","?","E","R","BOSS","M","?","M","?","M","R","?","E"],"build_version":"2022-10-04","purchased_purges":0,"victory":false,"max_hp_per_floor":[75,75,80,80,80,80,72,72,72,72,72,72,72,72,72,72,72,76,76,79,79,82,82,82,82],"relic_stats":{"Calipers":[0],"counters":[10,53],"Bloody Idol":15,"Black Star":0,"Whetstone":["Anger","Bash"],"MawBank":48,"obtain_stats":[{"Calipers":9,"Golden Idol":7,"Bloody Idol":19,"Black Star":17,"Whetstone":14,"Toxic Egg 2":12,"MawBank":8,"Burning Blood":0},{"Calipers":3,"Golden Idol":2,"Bloody Idol":7,"Black Star":6,"Whetstone":5,"Toxic Egg 2":4,"MawBank":3,"Burning Blood":0},{"Calipers":17,"Golden Idol":6,"Bloody Idol":35,"Black Star":31,"Whetstone":23,"Toxic Egg 2":20,"MawBank":17,"Burning Blood":0}],"Burning Blood":54},"card_choices":[{"not_picked":["Whirlwind","Sword Boomerang"],"picked":"Sever Soul","floor":0},{"not_picked":["Inflame","Havoc"],"picked":"Shockwave","floor":1},{"not_picked":["Warcry","Barricade"],"picked":"Headbutt","floor":2},{"not_picked":["Double Tap","Cleave"],"picked":"Armaments","floor":8},{"not_picked":["Wild Strike","Twin Strike","Havoc"],"picked":"SKIP","floor":11},{"not_picked":["Uppercut","Juggernaut"],"picked":"Anger","floor":14},{"not_picked":["Berserk","Barricade"],"picked":"Feed","floor":16},{"not_picked":["Headbutt","Hemokinesis"],"picked":"Seeing Red+1","floor":18},{"not_picked":["Fire Breathing","Evolve+1"],"picked":"True Grit+1","floor":20},{"not_picked":["Havoc+1","Perfected Strike","Body Slam"],"picked":"SKIP","floor":22}],"player_experience":1211577,"relics_obtained":[{"floor":8,"key":"MawBank"},{"floor":9,"key":"Calipers"},{"floor":14,"key":"Whetstone"}],"event_choices":[{"damage_healed":0,"gold_gain":0,"player_choice":"Donut","damage_taken":0,"max_hp_gain":5,"max_hp_loss":0,"event_name":"Big Fish","floor":3,"gold_loss":0},{"damage_healed":0,"gold_gain":0,"cards_transformed":["Strike_R"],"player_choice":"Change","damage_taken":0,"max_hp_gain":0,"max_hp_loss":0,"event_name":"Living Wall","floor":4,"gold_loss":0,"cards_obtained":["Corruption"]},{"damage_healed":0,"gold_gain":75,"player_choice":"Gather Gold","damage_taken":11,"max_hp_gain":0,"max_hp_loss":0,"event_name":"World of Goop","floor":5,"gold_loss":0},{"damage_healed":0,"gold_gain":0,"player_choice":"Lose Max HP","damage_taken":0,"relics_obtained":["Golden Idol"],"max_hp_gain":0,"max_hp_loss":8,"event_name":"Golden Idol","floor":7,"gold_loss":0},{"damage_healed":0,"gold_gain":0,"cards_transformed":["Strike_R"],"player_choice":"Transformed","damage_taken":0,"max_hp_gain":0,"max_hp_loss":0,"event_name":"Transmorgrifier","floor":13,"gold_loss":0,"cards_obtained":["Pummel"]},{"damage_healed":0,"gold_gain":0,"player_choice":"Gave Idol","damage_taken":0,"relics_obtained":["Bloody Idol"],"max_hp_gain":0,"max_hp_loss":0,"event_name":"Forgotten Altar","floor":19,"relics_lost":["Golden Idol"],"gold_loss":0},{"damage_healed":0,"gold_gain":50,"player_choice":"Stole From Cult","damage_taken":0,"max_hp_gain":0,"max_hp_loss":0,"event_name":"Nest","floor":21,"gold_loss":0}],"is_beta":false,"boss_relics":[{"not_picked":["Mark of Pain","Busted Crown"],"picked":"Black Star"}],"items_purged_floors":[],"is_endless":false,"potions_floor_spawned":[1,8,14,18],"killed_by":"Slavers","ascension_level":20}