{"gold_per_floor":[367,385,67,67,79,79,108,123,123,183,197,213,26,57,57,129,129,109,126,126],"floor_reached":20,"playtime":1013,"items_purged":["Strike_R","Strike_R"],"score":376,"play_id":"ac5e1377-ad00-4403-9022-dee959fe03f3","local_time":"20221110115900","is_ascension_mode":true,"campfire_choices":[{"data":"Carnage","floor":6,"key":"SMITH"},{"data":"Armaments","floor":15,"key":"SMITH"}],"neow_cost":"PERCENT_DAMAGE","seed_source_timestamp":28931754034100,"circlet_count":0,"master_deck":["AscendersBane","Strike_R","Strike_R","Strike_R","Defend_R","Defend_R","Defend_R","Defend_R","Bash","Sever Soul+1","Armaments+1","Power Through","Carnage+1","Dark Embrace+1","Immolate","Evolve+1","Feel No Pain+1","Ghostly Armor","Impervious","Disarm"],"relics":["Burning Blood","Happy Flower","Tiny Chest","Frozen Egg 2","Calipers","Mark of Pain"],"potions_floor_usage":[7,10,14,16],"damage_taken":[{"damage":2,"enemies":"Cultist","floor":1,"turns":4},{"damage":1,"enemies":"Small Slimes","floor":2,"turns":4},{"damage":0,"enemies":"2 Louse","floor":5,"turns":2},{"damage":15,"enemies":"Lagavulin","floor":7,"turns":5},{"damage":2,"enemies":"2 Fungi Beasts","floor":8,"turns":3},{"damage":14,"enemies":"Large Slime","floor":10,"turns":8},{"damage":8,"enemies":"Blue Slaver","floor":11,"turns":4},{"damage":8,"enemies":"Exordium Thugs","floor":12,"turns":3},{"damage":10,"enemies":"3 Sentries","floor":14,"turns":10},{"damage":34,"enemies":"The Guardian","floor":16,"turns":16},{"damage":4,"enemies":"2 Thieves","floor":18,"turns":4},{"damage":0,"enemies":"Spheric Guardian","floor":19,"turns":4},{"damage":75,"enemies":"Masked Bandits","floor":20,"turns":5}],"seed_played":"1058670584395838593","potions_obtained":[{"floor":1,"key":"LiquidMemories"},{"floor":8,"key":"ColorlessPotion"},{"floor":10,"key":"SkillPotion"},{"floor":12,"key":"ColorlessPotion"}],"is_trial":false,"path_per_floor":["M","M","$","?","M","R","E","M","T","M","M","M","$","E","R","B",null,"M","M","?"],"character_chosen":"IRONCLAD","items_purchased":["Power Through","Happy Flower","Feel No Pain+1"],"campfire_rested":0,"item_purchase_floors":[3,3,13],"current_hp_per_floor":[54,59,59,59,65,65,56,60,60,52,50,48,48,44,44,16,60,62,68,0],"gold":126,"neow_bonus":"TWO_FIFTY_GOLD","is_prod":false,"is_daily":false,"chose_seed":false,"campfire_upgraded":2,"win_rate":0,"timestamp":1668099540,"path_taken":["M","M","?","?","M","R","E","M","T","?","?","M","$","E","R","BOSS","M","M","?"],"build_version":"2022-10-04","purchased_purges":2,"victory":false,"max_hp_per_floor":[75,75,75,75,75,75,75,75,75,75,75,75,75,75,75,75,75,75,75,75],"relic_stats":{"Calipers":[78],"Happy Flower":[21],"counters":[13,72],"Tiny Chest":0,"obtain_stats":[{"Calipers":14,"Happy Flower":3,"Tiny Chest":7,"Mark of Pain":17,"Frozen Egg 2":9,"Burning Blood":0},{"Calipers":9,"Happy Flower":2,"Tiny Chest":4,"Mark of Pain":10,"Frozen Egg 2":5,"Burning Blood":0},{"Calipers":43,"Happy Flower":8,"Tiny Chest":15,"Mark of Pain":59,"Frozen Egg 2":18,"Burning Blood":0}],"Burning Blood":72},"card_choices":[{"not_picked":["Whirlwind","Flex"],"picked":"Sever Soul","floor":1},{"not_picked":["Sword Boomerang","Perfected Strike"],"picked":"Armaments","floor":2},{"not_picked":["Combust","Battle Trance"],"picked":"Carnage","floor":5},{"not_picked":["Rampage","Wild Strike","Body Slam"],"picked":"SKIP","floor":7},{"not_picked":["Clash","Cleave","Twin Strike"],"picked":"SKIP","floor":8},{"not_picked":["Wild Strike","Shrug It Off"],"picked":"Dark Embrace+1","floor":10},{"not_picked":["Wild Strike","Anger"],"picked":"Immolate","floor":11},{"not_picked":["True Grit","Power Through"],"picked":"Evolve+1","floor":12},{"not_picked":["Cleave","Flex"],"picked":"Ghostly Armor","floor":14},{"not_picked":["Feed","Double Tap"],"picked":"Impervious","floor":16},{"not_picked":["Uppercut","Iron Wave+1"],"picked":"Disarm","floor":18},{"not_picked":["Warcry","Body Slam","Clash"],"picked":"SKIP","floor":19}],"player_experience":1213936,"relics_obtained":[{"floor":7,"key":"Tiny Chest"},{"floor":9,"key":"Frozen Egg 2"},{"floor":14,"key":"Calipers"}],"event_choices":[{"damage_healed":0,"gold_gain":0,"player_choice":"Upgraded","damage_taken":0,"max_hp_gain":0,"max_hp_loss":0,"event_name":"Upgrade Shrine","floor":4,"gold_loss":0,"cards_upgraded":["Sever Soul"]},{"damage_healed":0,"gold_gain":0,"player_choice":"Fought Bandits","damage_taken":0,"max_hp_gain":0,"max_hp_loss":0,"event_name":"Masked Bandits","floor":20,"gold_loss":0}],"is_beta":false,"boss_relics":[{"not_picked":["Tiny House","Velvet Choker"],"picked":"Mark of Pain"}],"items_purged_floors":[3,13],"is_endless":false,"potions_floor_spawned":[1,8,10,12],"killed_by":"Masked Bandits","ascension_level":20}