{"gold_per_floor":[10,28,41,41,61,61,92,150,229,253,270,300,314,331,331,407,407,418,438,438,138,88,88,108,142,142,152,183,201,201,227,227,299,299,316,129,149,149,149,149],"floor_reached":40,"playtime":2013,"items_purged":["Strike_R","Bash"],"score":916,"play_id":"a063c3e4-456e-4963-b0fc-c87b382134e0","local_time":"20221110153835","is_ascension_mode":true,"campfire_choices":[{"data":"Sever Soul","floor":6,"key":"SMITH"},{"data":"Metallicize","floor":15,"key":"SMITH"},{"data":"Flame Barrier","floor":23,"key":"SMITH"},{"data":"Juggernaut","floor":32,"key":"SMITH"}],"neow_cost":"NO_GOLD","seed_source_timestamp":41106473107700,"circlet_count":0,"master_deck":["AscendersBane","Defend_R","Defend_R","Defend_R","Defend_R","Sever Soul+1","Fire Breathing","Clothesline","Metallicize+1","Ghostly Armor","Carnage","Wild Strike+1","Impervious","Shrug It Off","Fiend Fire+1","Flame Barrier+1","Blood for Blood+1","Double Tap","Pommel Strike+1","Pommel Strike+1","Warcry+1","Barricade","Shrug It Off","Juggernaut+1","Corruption","Body Slam+1","Dark Embrace","Evolve"],"relics":["Burning Blood","TungstenRod","Oddly Smooth Stone","Self Forming Clay","Molten Egg 2","Boot","Mark of Pain","Lantern","Nunchaku","WingedGreaves","Ginger","Regal Pillow","Black Star"],"potions_floor_usage":[7,7,16,28,31,40,40,40,40],"damage_taken":[{"damage":14,"enemies":"Jaw Worm","floor":1,"turns":5},{"damage":11,"enemies":"Small Slimes","floor":2,"turns":4},{"damage":10,"enemies":"Cultist","floor":3,"turns":5},{"damage":9,"enemies":"Looter","floor":5,"turns":4},{"damage":26,"enemies":"Lagavulin","floor":7,"turns":9},{"damage":11,"enemies":"3 Sentries","floor":8,"turns":6},{"damage":0,"enemies":"Large Slime","floor":11,"turns":6},{"damage":7,"enemies":"Gremlin Nob","floor":12,"turns":3},{"damage":5,"enemies":"2 Fungi Beasts","floor":13,"turns":2},{"damage":0,"enemies":"Exordium Wildlife","floor":14,"turns":3},{"damage":11,"enemies":"The Guardian","floor":16,"turns":14},{"damage":0,"enemies":"Chosen","floor":18,"turns":5},{"damage":5,"enemies":"Spheric Guardian","floor":19,"turns":4},{"damage":2,"enemies":"Centurion and Healer","floor":24,"turns":5},{"damage":29,"enemies":"Gremlin Leader","floor":25,"turns":8},{"damage":0,"enemies":"3 Cultists","floor":27,"turns":5},{"damage":26,"enemies":"Slavers","floor":28,"turns":6},{"damage":10,"enemies":"Sentry and Sphere","floor":29,"turns":6},{"damage":11,"enemies":"Gremlin Leader","floor":31,"turns":5},{"damage":24,"enemies":"Automaton","floor":33,"turns":10},{"damage":30,"enemies":"3 Darklings","floor":35,"turns":5},{"damage":14,"enemies":"Orb Walker","floor":37,"turns":4},{"damage":37,"enemies":"Reptomancer","floor":40,"turns":3}],"seed_played":"-1454916140802106090","potions_obtained":[{"floor":1,"key":"Weak Potion"},{"floor":5,"key":"Regen Potion"},{"floor":7,"key":"CultistPotion"},{"floor":16,"key":"ElixirPotion"},{"floor":19,"key":"Strength Potion"},{"floor":24,"key":"BloodPotion"},{"floor":28,"key":"Weak Potion"},{"floor":35,"key":"EntropicBrew"}],"is_trial":false,"path_per_floor":["M","M","M","?","M","R","E","?","T","T","M","E","M","M","R","B",null,"M","M","?","$","?","R","M","E","T","M","E","M","?","E","R","B",null,"M","$","M","?","?","E"],"character_chosen":"IRONCLAD","items_purchased":["Pommel Strike+1","Lantern","Dark Embrace"],"campfire_rested":0,"item_purchase_floors":[21,21,36],"current_hp_per_floor":[60,55,51,46,43,43,38,33,33,33,39,38,39,45,45,40,66,72,73,73,73,73,73,75,52,52,58,53,49,49,44,44,26,63,39,39,31,31,31,0],"gold":149,"neow_bonus":"TRANSFORM_TWO_CARDS","is_prod":false,"is_daily":false,"chose_seed":false,"campfire_upgraded":4,"win_rate":0,"timestamp":1668112715,"path_taken":["M","M","M","?","M","R","E","?","T","?","M","E","M","M","R","BOSS","M","M","?","$","?","R","M","E","T","M","E","?","?","E","R","BOSS","M","$","M","?","?","E"],"build_version":"2022-10-04","purchased_purges":2,"victory":false,"max_hp_per_floor":[75,75,75,75,75,75,75,75,75,75,75,75,75,75,75,75,75,75,75,75,75,75,75,75,75,75,75,75,75,75,75,75,75,75,75,75,75,71,71,71],"card_choices":[{"not_picked":["Dropkick","Pummel"],"picked":"Clothesline","floor":1},{"not_picked":["Second Wind","Thunderclap"],"picked":"Metallicize","floor":2},{"not_picked":["Rupture","Heavy Blade"],"picked":"Ghostly Armor","floor":3},{"not_picked":["Intimidate","Sword Boomerang","Thunderclap"],"picked":"SKIP","floor":5},{"not_picked":["Shrug It Off","Spot Weakness","Twin Strike"],"picked":"SKIP","floor":7},{"not_picked":["Shrug It Off","Power Through"],"picked":"Carnage","floor":8},{"not_picked":["Warcry","Sentinel"],"picked":"Wild Strike+1","floor":11},{"not_picked":["Heavy Blade+1","Thunderclap+1"],"picked":"Impervious","floor":12},{"not_picked":["Burning Pact","Armaments"],"picked":"Shrug It Off","floor":13},{"not_picked":["Wild Strike+1","Searing Blow+1","Heavy Blade+1"],"picked":"SKIP","floor":14},{"not_picked":["Juggernaut","Limit Break"],"picked":"Fiend Fire+1","floor":16},{"not_picked":["Flame Barrier","Sever Soul+1","Dropkick+1"],"picked":"SKIP","floor":18},{"not_picked":["Sever Soul+1","Dropkick+1"],"picked":"Flame Barrier","floor":18},{"not_picked":["Blood for Blood+1","Heavy Blade+1","Sword Boomerang+1"],"picked":"SKIP","floor":19},{"not_picked":["Sever Soul+1","Burning Pact"],"picked":"Pommel Strike+1","floor":24},{"not_picked":["Pummel+1","Clash+1"],"picked":"Warcry+1","floor":25},{"not_picked":["Havoc","Flame Barrier","Sword Boomerang+1"],"picked":"SKIP","floor":27},{"not_picked":["Sword Boomerang+1","Headbutt+1"],"picked":"Barricade","floor":28},{"not_picked":["Searing Blow+1","Bloodletting"],"picked":"Shrug It Off","floor":29},{"not_picked":["Dual Wield","Sword Boomerang+1"],"picked":"Juggernaut","floor":31},{"not_picked":["Double Tap","Juggernaut"],"picked":"Corruption","floor":33},{"not_picked":["Perfected Strike+1","Twin Strike+1"],"picked":"Body Slam+1","floor":35},{"not_picked":["Pommel Strike+1","Searing Blow+1"],"picked":"Evolve","floor":37}],"player_experience":1214949,"relics_obtained":[{"floor":7,"key":"Oddly Smooth Stone"},{"floor":8,"key":"Self Forming Clay"},{"floor":9,"key":"Molten Egg 2"},{"floor":12,"key":"Boot"},{"floor":25,"key":"Nunchaku"},{"floor":26,"key":"WingedGreaves"},{"floor":28,"key":"Ginger"},{"floor":31,"key":"Regal Pillow"}],"event_choices":[{"damage_healed":0,"gold_gain":0,"player_choice":"Success","damage_taken":5,"relics_obtained":["TungstenRod"],"max_hp_gain":0,"max_hp_loss":0,"event_name":"Scrap Ooze","floor":4,"gold_loss":0},{"damage_healed":0,"gold_gain":30,"player_choice":"Searched \u00272\u0027 times","damage_taken":0,"max_hp_gain":0,"max_hp_loss":0,"event_name":"Dead Adventurer","floor":8,"gold_loss":0},{"damage_healed":0,"gold_gain":0,"cards_transformed":["Strike_R","Strike_R"],"player_choice":"Became Test Subject","damage_taken":0,"max_hp_gain":0,"max_hp_loss":0,"event_name":"Drug Dealer","floor":20,"gold_loss":0,"cards_obtained":["Blood for Blood","Double Tap"]},{"damage_healed":0,"gold_gain":0,"player_choice":"Bet on Murderer","damage_taken":0,"max_hp_gain":0,"max_hp_loss":0,"event_name":"The Joust","floor":22,"gold_loss":50},{"damage_healed":0,"gold_gain":0,"player_choice":"Ignored","damage_taken":0,"max_hp_gain":0,"max_hp_loss":0,"event_name":"The Mausoleum","floor":30,"gold_loss":0},{"damage_healed":0,"gold_gain":0,"player_choice":"Max HP","damage_taken":0,"max_hp_gain":0,"max_hp_loss":4,"event_name":"Winding Halls","floor":38,"gold_loss":0},{"damage_healed":0,"gold_gain":0,"player_choice":"Ignored","damage_taken":0,"max_hp_gain":0,"max_hp_loss":0,"event_name":"Mysterious Sphere","floor":39,"gold_loss":0}],"is_beta":false,"boss_relics":[{"not_picked":["Fusion Hammer","Velvet Choker"],"picked":"Mark of Pain"},{"not_picked":["Runic Cube","Astrolabe"],"picked":"Black Star"}],"items_purged_floors":[21,36],"is_endless":false,"potions_floor_spawned":[1,5,7,16,19,24,28,35],"killed_by":"Reptomancer","ascension_level":20}