{"gold_per_floor":[115,131,149,149,53,53,69,100,123,123,155,155,155,173,173,173],"floor_reached":16,"playtime":794,"items_purged":[],"score":220,"play_id":"27014847-cc24-4b16-82b0-3e58b560b5c6","local_time":"20221128185405","is_ascension_mode":true,"campfire_choices":[{"data":"Blood for Blood","floor":6,"key":"SMITH"},{"data":"Uppercut","floor":10,"key":"SMITH"},{"data":"True Grit","floor":13,"key":"SMITH"},{"data":"Pommel Strike","floor":15,"key":"SMITH"}],"neow_cost":"PERCENT_DAMAGE","seed_source_timestamp":1609255761197300,"circlet_count":0,"master_deck":["AscendersBane","Strike_R","Strike_R","Strike_R","Defend_R","Defend_R","Defend_R","Defend_R","Bash","Cleave","Uppercut+1","Blood for Blood+1","True Grit+1","Pommel Strike+1","Shrug It Off"],"relics":["Burning Blood","Dream Catcher","Smiling Mask","Centennial Puzzle","Potion Belt"],"potions_floor_usage":[8,11,16],"damage_taken":[{"damage":4,"enemies":"Small Slimes","floor":1,"turns":4},{"damage":2,"enemies":"Cultist","floor":2,"turns":4},{"damage":19,"enemies":"Jaw Worm","floor":3,"turns":8},{"damage":12,"enemies":"Exordium Thugs","floor":7,"turns":4},{"damage":23,"enemies":"3 Sentries","floor":8,"turns":6},{"damage":21,"enemies":"Lagavulin","floor":11,"turns":8},{"damage":21,"enemies":"Gremlin Gang","floor":14,"turns":6},{"damage":35,"enemies":"Slime Boss","floor":16,"turns":7}],"seed_played":"-2273886690342021510","potions_obtained":[{"floor":7,"key":"PowerPotion"},{"floor":8,"key":"CultistPotion"},{"floor":11,"key":"Swift Potion"},{"floor":14,"key":"PowerPotion"}],"is_trial":false,"path_per_floor":["M","M","M","?","$","R","M","E","T","R","E","T","R","M","R","B"],"character_chosen":"IRONCLAD","items_purchased":["Blood for Blood","AttackPotion"],"campfire_rested":0,"item_purchase_floors":[5,5],"current_hp_per_floor":[52,56,43,75,75,75,69,52,52,52,37,37,37,22,22,0],"gold":173,"neow_bonus":"REMOVE_TWO","is_prod":false,"is_daily":false,"chose_seed":false,"campfire_upgraded":4,"win_rate":0,"timestamp":1669679645,"path_taken":["M","M","M","?","?","R","M","E","T","R","E","?","R","M","R","BOSS"],"build_version":"2022-10-04","purchased_purges":0,"victory":false,"max_hp_per_floor":[75,75,75,75,75,75,75,75,75,75,75,75,75,75,75,75],"relic_stats":{"Dream Catcher":0,"Centennial Puzzle":[6],"counters":[8,47],"Smiling Mask":0,"obtain_stats":[{"Potion Belt":12,"Dream Catcher":8,"Centennial Puzzle":11,"Smiling Mask":9,"Burning Blood":0},{"Potion Belt":6,"Dream Catcher":5,"Centennial Puzzle":6,"Smiling Mask":5,"Burning Blood":0},{"Potion Belt":34,"Dream Catcher":26,"Centennial Puzzle":34,"Smiling Mask":26,"Burning Blood":0}],"Burning Blood":42},"card_choices":[{"not_picked":["Havoc","Headbutt"],"picked":"Cleave","floor":1},{"not_picked":["Clash","Twin Strike"],"picked":"Uppercut","floor":2},{"not_picked":["Double Tap","Disarm"],"picked":"Whirlwind","floor":3},{"not_picked":["Sword Boomerang","Body Slam"],"picked":"True Grit","floor":7},{"not_picked":["Infernal Blade","Spot Weakness"],"picked":"Pommel Strike","floor":8},{"not_picked":["Searing Blow","Wild Strike","Clash"],"picked":"SKIP","floor":11},{"not_picked":["Clothesline","Pummel"],"picked":"Shrug It Off","floor":14}],"player_experience":1256311,"relics_obtained":[{"floor":8,"key":"Dream Catcher"},{"floor":9,"key":"Smiling Mask"},{"floor":11,"key":"Centennial Puzzle"},{"floor":12,"key":"Potion Belt"}],"event_choices":[{"cards_removed":["Whirlwind"],"damage_healed":32,"gold_gain":0,"player_choice":"Offered Uncommon","damage_taken":0,"max_hp_gain":0,"max_hp_loss":0,"event_name":"Bonfire Elementals","floor":4,"gold_loss":0}],"is_beta":false,"boss_relics":[],"items_purged_floors":[],"is_endless":false,"potions_floor_spawned":[7,8,11,14],"killed_by":"Slime Boss","ascension_level":20}