{"gold_per_floor":[110,110,124,140,157,157,167,50,74,107,107,119,119],"floor_reached":13,"playtime":1142,"items_purged":["Strike_R"],"score":174,"play_id":"c5bbbcb0-e001-498f-b98f-ddf8ee6d4007","local_time":"20221124122319","is_ascension_mode":true,"campfire_choices":[{"data":"Armaments","floor":6,"key":"SMITH"}],"neow_cost":"TEN_PERCENT_HP_LOSS","seed_source_timestamp":1239860600714500,"circlet_count":0,"master_deck":["AscendersBane","Strike_R","Strike_R","Defend_R","Defend_R","Defend_R","Defend_R","Bash","Intimidate","Combust","Anger","Anger","Armaments+1","Second Wind","Rupture","Sword Boomerang"],"relics":["Burning Blood","Magic Flower","MealTicket","Bag of Preparation"],"potions_floor_usage":[10,13,13],"damage_taken":[{"damage":8,"enemies":"Cultist","floor":1,"turns":4},{"damage":3,"enemies":"Jaw Worm","floor":3,"turns":4},{"damage":0,"enemies":"2 Louse","floor":4,"turns":3},{"damage":23,"enemies":"Large Slime","floor":5,"turns":7},{"damage":19,"enemies":"Gremlin Gang","floor":7,"turns":4},{"damage":34,"enemies":"Gremlin Nob","floor":10,"turns":4},{"damage":4,"enemies":"Looter","floor":12,"turns":4},{"damage":25,"enemies":"Exordium Thugs","floor":13,"turns":4}],"seed_played":"6331031599648890876","potions_obtained":[{"floor":1,"key":"LiquidMemories"},{"floor":7,"key":"SkillPotion"},{"floor":12,"key":"EntropicBrew"}],"is_trial":false,"path_per_floor":["M","T","M","M","M","R","M","$","T","E","?","M","M"],"character_chosen":"IRONCLAD","items_purchased":["Second Wind"],"campfire_rested":0,"item_purchase_floors":[8],"current_hp_per_floor":[66,66,68,68,54,54,44,44,44,19,19,24,0],"gold":119,"neow_bonus":"TRANSFORM_TWO_CARDS","is_prod":false,"is_daily":false,"chose_seed":false,"campfire_upgraded":1,"win_rate":0,"timestamp":1669310599,"path_taken":["M","?","M","M","M","R","M","$","T","E","?","M","M"],"build_version":"2022-10-04","purchased_purges":1,"victory":false,"max_hp_per_floor":[68,68,68,68,68,68,68,68,68,68,68,68,68],"relic_stats":{"counters":[8,34],"Magic Flower":[12],"MealTicket":0,"Bag of Preparation":[4],"obtain_stats":[{"Magic Flower":2,"MealTicket":9,"Bag of Preparation":10,"Burning Blood":0},{"Magic Flower":1,"MealTicket":5,"Bag of Preparation":6,"Burning Blood":0},{"Magic Flower":4,"MealTicket":22,"Bag of Preparation":26,"Burning Blood":0}],"Burning Blood":47},"card_choices":[{"not_picked":["Intimidate","Sword Boomerang","Clash"],"picked":"SKIP","floor":1},{"not_picked":["Sever Soul","Pummel"],"picked":"Anger","floor":3},{"not_picked":["Iron Wave","Warcry"],"picked":"Anger","floor":4},{"not_picked":["Shrug It Off","Brutality"],"picked":"Armaments","floor":5},{"not_picked":["Dual Wield","Intimidate","Feel No Pain"],"picked":"SKIP","floor":7},{"not_picked":["Ghostly Armor","Feel No Pain"],"picked":"Rupture","floor":10},{"not_picked":["Heavy Blade","Anger"],"picked":"Sword Boomerang","floor":12}],"player_experience":1245225,"relics_obtained":[{"floor":2,"key":"Magic Flower"},{"floor":9,"key":"MealTicket"},{"floor":10,"key":"Bag of Preparation"}],"event_choices":[{"damage_healed":0,"gold_gain":0,"player_choice":"Ignored","damage_taken":0,"max_hp_gain":0,"max_hp_loss":0,"event_name":"Golden Wing","floor":11,"gold_loss":0}],"is_beta":false,"boss_relics":[],"items_purged_floors":[8],"is_endless":false,"potions_floor_spawned":[1,7,12],"killed_by":"Exordium Thugs","ascension_level":20}