{"gold_per_floor":[114,23,40,53,72,72,91,117,117,135,146,162,162,193,193,265,265,280,298,308,308,319,349,349,379,379,398,398,39,39,52,52,52],"floor_reached":33,"playtime":1752,"items_purged":["Strike_R"],"score":606,"play_id":"fcdf8362-face-4bc3-92cc-9b1253817193","local_time":"20221128183942","is_ascension_mode":true,"campfire_choices":[{"data":"Hemokinesis","floor":6,"key":"SMITH"},{"data":"Uppercut","floor":13,"key":"SMITH"},{"data":"Pommel Strike","floor":15,"key":"SMITH"},{"data":"RitualDagger","floor":24,"key":"SMITH"},{"data":"Limit Break","floor":32,"key":"SMITH"}],"neow_cost":"NONE","seed_source_timestamp":1607434675878600,"circlet_count":0,"master_deck":["AscendersBane","Strike_R","Strike_R","Strike_R","Strike_R","Defend_R","Defend_R","Defend_R","Defend_R","Bash","Finesse","Flame Barrier","Anger","Hemokinesis+1","Uppercut+1","Disarm","Limit Break+1","Sword Boomerang","Pommel Strike+1","Immolate","Flame Barrier","RitualDagger+1","Shrug It Off","Feel No Pain","Corruption"],"relics":["Burning Blood","MealTicket","Blood Vial","Red Skull","Kunai","Philosopher\u0027s Stone","Nunchaku","Darkstone Periapt","CaptainsWheel","Calipers","Pantograph"],"potions_floor_usage":[7,18,23,23,23,25,25],"damage_taken":[{"damage":4,"enemies":"Small Slimes","floor":1,"turns":4},{"damage":6,"enemies":"Cultist","floor":3,"turns":3},{"damage":3,"enemies":"2 Louse","floor":4,"turns":3},{"damage":18,"enemies":"Exordium Wildlife","floor":5,"turns":5},{"damage":2,"enemies":"Large Slime","floor":7,"turns":3},{"damage":28,"enemies":"3 Sentries","floor":8,"turns":11},{"damage":9,"enemies":"Blue Slaver","floor":10,"turns":4},{"damage":4,"enemies":"Red Slaver","floor":11,"turns":2},{"damage":16,"enemies":"3 Louse","floor":12,"turns":2},{"damage":22,"enemies":"Gremlin Nob","floor":14,"turns":4},{"damage":14,"enemies":"Hexaghost","floor":16,"turns":6},{"damage":31,"enemies":"3 Byrds","floor":18,"turns":5},{"damage":13,"enemies":"Shell Parasite","floor":19,"turns":2},{"damage":13,"enemies":"Centurion and Healer","floor":20,"turns":5},{"damage":10,"enemies":"Snake Plant","floor":22,"turns":3},{"damage":16,"enemies":"Gremlin Leader","floor":23,"turns":7},{"damage":18,"enemies":"Book of Stabbing","floor":25,"turns":5},{"damage":18,"enemies":"Shelled Parasite and Fungi","floor":27,"turns":4},{"damage":9,"enemies":"Centurion and Healer","floor":31,"turns":7},{"damage":62,"enemies":"Automaton","floor":33,"turns":6}],"seed_played":"-1266434339328755233","potions_obtained":[{"floor":5,"key":"Explosive Potion"},{"floor":8,"key":"SpeedPotion"},{"floor":10,"key":"FearPotion"},{"floor":11,"key":"Swift Potion"},{"floor":16,"key":"HeartOfIron"},{"floor":18,"key":"EssenceOfSteel"},{"floor":19,"key":"EntropicBrew"},{"floor":23,"key":"BloodPotion"}],"is_trial":false,"path_per_floor":["M","?","M","M","M","R","M","E","T","M","M","M","R","E","R","B",null,"M","M","M","?","M","E","R","E","T","M","T","$","?","M","R","B"],"character_chosen":"IRONCLAD","items_purchased":["Pantograph"],"campfire_rested":0,"item_purchase_floors":[29],"current_hp_per_floor":[70,70,70,73,61,61,65,43,43,42,46,38,38,24,24,18,61,38,33,28,22,20,12,12,17,17,7,7,22,22,21,21,0],"gold":52,"neow_bonus":"RANDOM_COLORLESS","is_prod":false,"is_daily":false,"chose_seed":false,"campfire_upgraded":5,"win_rate":0,"timestamp":1669678782,"path_taken":["M","?","M","M","M","R","M","E","T","M","M","M","R","E","R","BOSS","M","?","M","?","M","E","R","E","T","M","?","$","?","M","R","BOSS"],"build_version":"2022-10-04","purchased_purges":1,"victory":false,"max_hp_per_floor":[75,75,75,75,75,75,75,75,75,75,75,75,75,75,75,75,75,75,75,75,75,75,75,75,75,75,75,75,75,75,75,75,75],"relic_stats":{"Blood Vial":28,"Darkstone Periapt":0,"Nunchaku":[3],"Calipers":[3],"counters":[20,91],"Pantograph":25,"MealTicket":15,"Kunai":[13],"obtain_stats":[{"Blood Vial":8,"Darkstone Periapt":25,"Nunchaku":23,"CaptainsWheel":26,"Calipers":28,"Pantograph":29,"MealTicket":2,"Philosopher\u0027s Stone":17,"Kunai":14,"Burning Blood":0,"Red Skull":9},{"Blood Vial":6,"Darkstone Periapt":17,"Nunchaku":16,"CaptainsWheel":17,"Calipers":18,"Pantograph":18,"MealTicket":1,"Philosopher\u0027s Stone":11,"Kunai":10,"Burning Blood":0,"Red Skull":6},{"Blood Vial":29,"Darkstone Periapt":74,"Nunchaku":69,"CaptainsWheel":74,"Calipers":78,"Pantograph":78,"MealTicket":4,"Philosopher\u0027s Stone":47,"Kunai":41,"Burning Blood":0,"Red Skull":29}],"Burning Blood":114},"card_choices":[{"not_picked":["Forethought","Enlightenment"],"picked":"Finesse","floor":0},{"not_picked":["Clash","Havoc"],"picked":"Flame Barrier","floor":1},{"not_picked":["Rage","Twin Strike"],"picked":"Anger","floor":3},{"not_picked":["Cleave","True Grit","Flame Barrier"],"picked":"SKIP","floor":4},{"not_picked":["Bloodletting","Sentinel"],"picked":"Hemokinesis","floor":5},{"not_picked":["Pummel","Cleave","Heavy Blade"],"picked":"SKIP","floor":7},{"not_picked":["Evolve","Anger"],"picked":"Uppercut","floor":8},{"not_picked":["Thunderclap","Warcry"],"picked":"Disarm","floor":10},{"not_picked":["Anger","Entrench"],"picked":"Limit Break","floor":11},{"not_picked":["Iron Wave","Anger"],"picked":"Sword Boomerang","floor":12},{"not_picked":["Dual Wield","Fire Breathing"],"picked":"Pommel Strike","floor":14},{"not_picked":["Double Tap","Limit Break"],"picked":"Immolate","floor":16},{"not_picked":["Headbutt","Second Wind","Body Slam"],"picked":"SKIP","floor":18},{"not_picked":["Twin Strike","Pommel Strike","Flex"],"picked":"SKIP","floor":19},{"not_picked":["Body Slam","Flex"],"picked":"Flame Barrier","floor":20},{"not_picked":["True Grit","Searing Blow+1"],"picked":"Shrug It Off","floor":22},{"not_picked":["Armaments","Clash","Ghostly Armor"],"picked":"SKIP","floor":23},{"not_picked":["Disarm","Heavy Blade+1"],"picked":"Feel No Pain","floor":25},{"not_picked":["Clothesline","Twin Strike"],"picked":"Corruption","floor":27},{"not_picked":["Thunderclap","Flex","Clothesline"],"picked":"SKIP","floor":31}],"player_experience":1254559,"relics_obtained":[{"floor":8,"key":"Blood Vial"},{"floor":9,"key":"Red Skull"},{"floor":14,"key":"Kunai"},{"floor":23,"key":"Nunchaku"},{"floor":25,"key":"Darkstone Periapt"},{"floor":26,"key":"CaptainsWheel"},{"floor":28,"key":"Calipers"}],"event_choices":[{"damage_healed":0,"gold_gain":0,"player_choice":"Paid Gold","damage_taken":0,"relics_obtained":["MealTicket"],"max_hp_gain":0,"max_hp_loss":0,"event_name":"WeMeetAgain","floor":2,"gold_loss":91},{"damage_healed":0,"gold_gain":0,"player_choice":"Joined the Cult","damage_taken":6,"max_hp_gain":0,"max_hp_loss":0,"event_name":"Nest","floor":21,"gold_loss":0,"cards_obtained":["RitualDagger"]},{"damage_healed":0,"gold_gain":0,"player_choice":"Ignored","damage_taken":0,"max_hp_gain":0,"max_hp_loss":0,"event_name":"Ghosts","floor":30,"gold_loss":0}],"is_beta":false,"boss_relics":[{"not_picked":["Runic Dome","SacredBark"],"picked":"Philosopher\u0027s Stone"}],"items_purged_floors":[29],"is_endless":false,"potions_floor_spawned":[5,8,10,11,16,18,19,23],"killed_by":"Automaton","ascension_level":20}