{"gold_per_floor":[115,132,151,151,226,226,226,255,255,280,291,291,303,329,329,408,408,418,437,41,51,68,93,93,123,146,162,187,187,222,234,234,234],"floor_reached":33,"playtime":3822,"items_purged":["Strike_R"],"score":944,"play_id":"8786da6f-1e4d-44f1-b880-a165122eda3f","local_time":"20221201213433","is_ascension_mode":true,"campfire_choices":[{"data":"Perfected Strike","floor":6,"key":"SMITH"},{"data":"Bludgeon","floor":12,"key":"SMITH"},{"data":"Twin Strike","floor":15,"key":"SMITH"},{"data":"Bash","floor":24,"key":"SMITH"},{"data":"Feel No Pain","floor":32,"key":"SMITH"}],"neow_cost":"NONE","seed_source_timestamp":1875048891012800,"circlet_count":0,"master_deck":["AscendersBane","Strike_R","Strike_R","Strike_R","Strike_R","Defend_R","Defend_R+1","Defend_R","Bash+1","Twin Strike+1","Perfected Strike+1","Second Wind+1","Bludgeon+1","Headbutt","Shrug It Off+1","Offering+1","Warcry+1","Power Through+1","Feel No Pain+1","True Grit+1","Warcry+1","Double Tap+1"],"relics":["Burning Blood","PreservedInsect","Red Skull","Lantern","Bag of Preparation","Vajra","Toxic Egg 2","Runic Dome","Pocketwatch","Toy Ornithopter","Anchor","War Paint","Ornamental Fan","Darkstone Periapt","Bag of Marbles"],"potions_floor_usage":[10,16,23,30,33],"damage_taken":[{"damage":1,"enemies":"Cultist","floor":1,"turns":3},{"damage":7,"enemies":"Small Slimes","floor":2,"turns":5},{"damage":9,"enemies":"Jaw Worm","floor":3,"turns":3},{"damage":1,"enemies":"Gremlin Nob","floor":8,"turns":3},{"damage":6,"enemies":"Lagavulin","floor":10,"turns":4},{"damage":3,"enemies":"Blue Slaver","floor":11,"turns":2},{"damage":0,"enemies":"Red Slaver","floor":13,"turns":2},{"damage":0,"enemies":"Gremlin Nob","floor":14,"turns":2},{"damage":0,"enemies":"Slime Boss","floor":16,"turns":6},{"damage":6,"enemies":"Chosen","floor":18,"turns":2},{"damage":1,"enemies":"Shell Parasite","floor":19,"turns":3},{"damage":21,"enemies":"Snake Plant","floor":21,"turns":3},{"damage":24,"enemies":"Centurion and Healer","floor":22,"turns":4},{"damage":10,"enemies":"Gremlin Leader","floor":23,"turns":2},{"damage":6,"enemies":"Book of Stabbing","floor":25,"turns":2},{"damage":7,"enemies":"Cultist and Chosen","floor":27,"turns":4},{"damage":5,"enemies":"Gremlin Leader","floor":28,"turns":2},{"damage":6,"enemies":"Slavers","floor":30,"turns":3},{"damage":16,"enemies":"3 Cultists","floor":31,"turns":5},{"damage":73,"enemies":"Collector","floor":33,"turns":6}],"seed_played":"-4588279154021171793","potions_obtained":[{"floor":8,"key":"ColorlessPotion"},{"floor":10,"key":"FearPotion"},{"floor":11,"key":"EssenceOfSteel"},{"floor":19,"key":"SkillPotion"},{"floor":21,"key":"AttackPotion"},{"floor":23,"key":"BlessingOfTheForge"}],"is_trial":false,"path_per_floor":["M","M","M","T","?","R","?","E","T","E","M","R","M","E","R","B",null,"M","M","$","M","M","E","R","E","T","M","E","?","E","M","R","B"],"character_chosen":"IRONCLAD","items_purchased":["Pocketwatch"],"campfire_rested":0,"item_purchase_floors":[20],"current_hp_per_floor":[73,72,69,69,58,58,51,56,56,56,59,59,65,71,71,75,75,75,75,75,60,42,38,38,38,38,37,38,38,43,33,33,0],"gold":234,"neow_bonus":"RANDOM_COMMON_RELIC","is_prod":false,"is_daily":false,"chose_seed":false,"campfire_upgraded":5,"win_rate":0,"timestamp":1669948473,"path_taken":["M","M","M","?","?","R","?","E","T","E","M","R","?","E","R","BOSS","M","M","$","M","M","E","R","E","T","M","E","?","E","M","R","BOSS"],"build_version":"2022-12-01","purchased_purges":1,"victory":false,"max_hp_per_floor":[75,75,75,75,75,75,75,75,75,75,75,75,75,75,75,75,75,75,75,75,75,75,75,75,75,75,75,75,75,75,75,75,75],"relic_stats":{"Darkstone Periapt":0,"counters":[20,66],"Ornamental Fan":[12],"PreservedInsect":248,"Bag of Preparation":[32],"War Paint":["Second Wind","Defend_R"],"obtain_stats":[{"Darkstone Periapt":29,"Lantern":8,"Vajra":10,"PreservedInsect":0,"Bag of Preparation":9,"War Paint":26,"Burning Blood":0,"Runic Dome":17,"Anchor":25,"Ornamental Fan":28,"Bag of Marbles":30,"Toxic Egg 2":14,"Red Skull":4,"Toy Ornithopter":23,"Pocketwatch":20},{"Darkstone Periapt":17,"Lantern":4,"Vajra":5,"PreservedInsect":0,"Bag of Preparation":4,"War Paint":15,"Burning Blood":0,"Runic Dome":9,"Anchor":15,"Ornamental Fan":17,"Bag of Marbles":18,"Toxic Egg 2":8,"Red Skull":3,"Toy Ornithopter":14,"Pocketwatch":11},{"Darkstone Periapt":52,"Lantern":14,"Vajra":18,"PreservedInsect":0,"Bag of Preparation":14,"War Paint":46,"Burning Blood":0,"Runic Dome":30,"Anchor":46,"Ornamental Fan":52,"Bag of Marbles":55,"Toxic Egg 2":24,"Red Skull":11,"Toy Ornithopter":44,"Pocketwatch":35}],"Burning Blood":107,"Toy Ornithopter":10,"Pocketwatch":[36]},"card_choices":[{"not_picked":["Thunderclap","Heavy Blade"],"picked":"Twin Strike","floor":1},{"not_picked":["Warcry","Wild Strike"],"picked":"Perfected Strike","floor":2},{"not_picked":["Flex","Bloodletting"],"picked":"Ghostly Armor","floor":3},{"not_picked":["Clash","Reaper"],"picked":"Second Wind","floor":8},{"not_picked":["Whirlwind","Ghostly Armor"],"picked":"Bludgeon","floor":10},{"not_picked":["Twin Strike","Body Slam","Hemokinesis"],"picked":"SKIP","floor":11},{"not_picked":["Burning Pact","Armaments"],"picked":"Headbutt","floor":13},{"not_picked":["True Grit+1","Cleave"],"picked":"Shrug It Off+1","floor":14},{"not_picked":["Barricade","Limit Break+1"],"picked":"Offering+1","floor":16},{"not_picked":["Perfected Strike+1","Clothesline"],"picked":"Warcry+1","floor":18},{"not_picked":["Iron Wave","Feed"],"picked":"Power Through+1","floor":19},{"not_picked":["Uppercut","Ghostly Armor+1"],"picked":"Feel No Pain","floor":21},{"not_picked":["Wild Strike","Blood for Blood+1","Spot Weakness+1"],"picked":"SKIP","floor":22},{"not_picked":["Dropkick","Armaments+1","Headbutt+1"],"picked":"SKIP","floor":23},{"not_picked":["Bloodletting+1","Sword Boomerang"],"picked":"True Grit+1","floor":27},{"not_picked":["Body Slam","Spot Weakness+1","Twin Strike"],"picked":"SKIP","floor":28},{"not_picked":["Heavy Blade","Rampage"],"picked":"Warcry+1","floor":30},{"not_picked":["Wild Strike","Iron Wave"],"picked":"Double Tap+1","floor":31}],"player_experience":1275376,"relics_obtained":[{"floor":4,"key":"Red Skull"},{"floor":8,"key":"Lantern"},{"floor":9,"key":"Bag of Preparation"},{"floor":10,"key":"Vajra"},{"floor":14,"key":"Toxic Egg 2"},{"floor":23,"key":"Toy Ornithopter"},{"floor":25,"key":"Anchor"},{"floor":26,"key":"War Paint"},{"floor":28,"key":"Ornamental Fan"},{"floor":30,"key":"Bag of Marbles"}],"event_choices":[{"damage_healed":0,"gold_gain":75,"player_choice":"Gather Gold","damage_taken":11,"max_hp_gain":0,"max_hp_loss":0,"event_name":"World of Goop","floor":5,"gold_loss":0},{"cards_removed":["Defend_R"],"damage_healed":0,"gold_gain":0,"player_choice":"Card Removal","damage_taken":7,"max_hp_gain":0,"max_hp_loss":0,"event_name":"Golden Wing","floor":7,"gold_loss":0},{"cards_removed":["Ghostly Armor"],"damage_healed":0,"gold_gain":0,"player_choice":"Gave Card","damage_taken":0,"relics_obtained":["Darkstone Periapt"],"max_hp_gain":0,"max_hp_loss":0,"event_name":"WeMeetAgain","floor":29,"gold_loss":0}],"is_beta":false,"boss_relics":[{"not_picked":["Astrolabe","Pandora\u0027s Box"],"picked":"Runic Dome"}],"items_purged_floors":[20],"is_endless":false,"potions_floor_spawned":[8,10,11,13,14,19,21,23,25],"killed_by":"Collector","ascension_level":20}