{"gold_per_floor":[53,83,143,218,16,42,54,54,130,145,145,195,195,195,195,195],"floor_reached":16,"playtime":1017,"items_purged":[],"score":220,"play_id":"9134c5cb-effb-4dbd-a843-8e52490f5c6a","local_time":"20221201013604","is_ascension_mode":true,"campfire_choices":[{"data":"HandOfGreed","floor":8,"key":"SMITH"},{"floor":11,"key":"REST"},{"data":"Cleave","floor":15,"key":"SMITH"}],"neow_cost":"NO_GOLD","seed_source_timestamp":1805951703808000,"circlet_count":0,"master_deck":["AscendersBane","Strike_R","Strike_R","Strike_R","Strike_R","Defend_R","Defend_R","Defend_R","Defend_R","Bash","HandOfGreed+1","Thunderclap","Dropkick","Cleave+1","Shrug It Off","Anger","Shockwave"],"relics":["Burning Blood","Potion Belt","Charon\u0027s Ashes","Self Forming Clay","Regal Pillow","Bag of Preparation"],"potions_floor_usage":[6,7,12,16],"damage_taken":[{"damage":2,"enemies":"2 Louse","floor":1,"turns":3},{"damage":0,"enemies":"Cultist","floor":2,"turns":3},{"damage":0,"enemies":"Small Slimes","floor":3,"turns":3},{"damage":32,"enemies":"Gremlin Nob","floor":6,"turns":4},{"damage":13,"enemies":"Red Slaver","floor":7,"turns":4},{"damage":6,"enemies":"Large Slime","floor":10,"turns":5},{"damage":36,"enemies":"Lagavulin","floor":12,"turns":8},{"damage":26,"enemies":"Slime Boss","floor":16,"turns":8}],"seed_played":"796135330672118811","potions_obtained":[{"floor":2,"key":"GamblersBrew"},{"floor":6,"key":"SkillPotion"},{"floor":10,"key":"Swift Potion"},{"floor":12,"key":"SkillPotion"}],"is_trial":false,"path_per_floor":["M","M","M","?","$","E","M","R","T","M","R","E","?","?","R","B"],"character_chosen":"IRONCLAD","items_purchased":["Potion Belt","Dropkick"],"campfire_rested":1,"item_purchase_floors":[5,5],"current_hp_per_floor":[72,75,75,64,64,38,31,31,31,31,53,23,23,23,23,0],"gold":195,"neow_bonus":"RANDOM_COLORLESS_2","is_prod":false,"is_daily":false,"chose_seed":false,"campfire_upgraded":2,"win_rate":0,"timestamp":1669876564,"path_taken":["M","M","M","?","$","E","M","R","T","M","R","E","?","?","R","BOSS"],"build_version":"2022-10-04","purchased_purges":0,"victory":false,"max_hp_per_floor":[75,75,75,75,75,75,75,75,75,75,75,75,75,75,75,75],"relic_stats":{"Regal Pillow":0,"counters":[8,38],"Self Forming Clay":[15],"Charon\u0027s Ashes":[63],"Bag of Preparation":[2],"obtain_stats":[{"Potion Belt":5,"Regal Pillow":12,"Self Forming Clay":9,"Charon\u0027s Ashes":6,"Bag of Preparation":14,"Burning Blood":0},{"Potion Belt":3,"Regal Pillow":7,"Self Forming Clay":5,"Charon\u0027s Ashes":4,"Bag of Preparation":7,"Burning Blood":0},{"Potion Belt":9,"Regal Pillow":30,"Self Forming Clay":17,"Charon\u0027s Ashes":13,"Bag of Preparation":30,"Burning Blood":0}],"Burning Blood":33},"card_choices":[{"not_picked":["The Bomb","Secret Weapon"],"picked":"HandOfGreed","floor":0},{"not_picked":["Rage","Iron Wave"],"picked":"Thunderclap","floor":1},{"not_picked":["Twin Strike","Clash"],"picked":"Pommel Strike","floor":2},{"not_picked":["Rupture","Headbutt","Dual Wield"],"picked":"SKIP","floor":3},{"not_picked":["Barricade","Warcry"],"picked":"Cleave","floor":6},{"not_picked":["Heavy Blade","Iron Wave"],"picked":"Shrug It Off","floor":7},{"not_picked":["Searing Blow","Perfected Strike","Double Tap"],"picked":"SKIP","floor":10},{"not_picked":["Perfected Strike","Iron Wave"],"picked":"Anger","floor":12}],"player_experience":1274359,"relics_obtained":[{"floor":6,"key":"Charon\u0027s Ashes"},{"floor":9,"key":"Self Forming Clay"},{"floor":12,"key":"Regal Pillow"}],"event_choices":[{"damage_healed":0,"gold_gain":75,"player_choice":"Gather Gold","damage_taken":11,"max_hp_gain":0,"max_hp_loss":0,"event_name":"World of Goop","floor":4,"gold_loss":0},{"damage_healed":0,"gold_gain":0,"cards_transformed":["Strike_R"],"player_choice":"Change","damage_taken":0,"max_hp_gain":0,"max_hp_loss":0,"event_name":"Living Wall","floor":13,"gold_loss":0,"cards_obtained":["Shockwave"]},{"cards_removed":["Pommel Strike"],"damage_healed":0,"gold_gain":0,"player_choice":"Gave Card","damage_taken":0,"relics_obtained":["Bag of Preparation"],"max_hp_gain":0,"max_hp_loss":0,"event_name":"WeMeetAgain","floor":14,"gold_loss":0}],"is_beta":false,"boss_relics":[],"items_purged_floors":[],"is_endless":false,"potions_floor_spawned":[2,6,10,12],"killed_by":"Slime Boss","ascension_level":20}