{"gold_per_floor":[111,128,128,146,146,171,187,187,187,262,262,273,290,300,300,374,374,349,37,37,37,37,63,73,83,83,83],"floor_reached":27,"playtime":1482,"items_purged":["Strike_R"],"score":470,"play_id":"9ab6c7ee-682a-4723-bdda-4b3ba4774e26","local_time":"20221128213405","is_ascension_mode":true,"campfire_choices":[{"data":"Armaments","floor":8,"key":"SMITH"},{"data":"True Grit","floor":11,"key":"SMITH"},{"floor":15,"key":"REST"}],"neow_cost":"NONE","seed_source_timestamp":1618166356684300,"circlet_count":0,"master_deck":["AscendersBane","Strike_R","Strike_R","Defend_R","Defend_R","Defend_R","Defend_R","Bash","Pommel Strike","Uppercut","True Grit+1","Searing Blow","Armaments+1","Rampage","Shrug It Off","Warcry","True Grit","Immolate","Dark Embrace","Fiend Fire","Headbutt"],"relics":["Burning Blood","Dead Branch","Ornamental Fan","Pear","Runic Pyramid","Bag of Preparation","Torii"],"potions_floor_usage":[6,13,16,18,23,25,27],"damage_taken":[{"damage":2,"enemies":"Cultist","floor":1,"turns":4},{"damage":2,"enemies":"2 Louse","floor":2,"turns":3},{"damage":7,"enemies":"Small Slimes","floor":4,"turns":3},{"damage":47,"enemies":"Lagavulin","floor":6,"turns":8},{"damage":1,"enemies":"Looter","floor":7,"turns":4},{"damage":4,"enemies":"Large Slime","floor":12,"turns":5},{"damage":9,"enemies":"Exordium Wildlife","floor":13,"turns":4},{"damage":30,"enemies":"Exordium Thugs","floor":14,"turns":6},{"damage":7,"enemies":"The Guardian","floor":16,"turns":12},{"damage":23,"enemies":"2 Thieves","floor":18,"turns":5},{"damage":13,"enemies":"Gremlin Leader","floor":23,"turns":6},{"damage":0,"enemies":"Spheric Guardian","floor":24,"turns":2},{"damage":8,"enemies":"Snecko","floor":25,"turns":4},{"damage":29,"enemies":"Slavers","floor":27,"turns":2}],"seed_played":"-3565316469252334375","potions_obtained":[{"floor":2,"key":"FearPotion"},{"floor":7,"key":"FearPotion"},{"floor":12,"key":"BloodPotion"},{"floor":13,"key":"EssenceOfSteel"},{"floor":18,"key":"Block Potion"},{"floor":23,"key":"SneckoOil"},{"floor":25,"key":"ColorlessPotion"}],"is_trial":false,"path_per_floor":["M","M","?","M","?","E","M","R","T","?","R","M","M","M","R","B",null,"M","$","?","?","?","E","M","M","T","E"],"character_chosen":"IRONCLAD","items_purchased":["Dark Embrace","Fiend Fire"],"campfire_rested":1,"item_purchase_floors":[19,19],"current_hp_per_floor":[72,75,64,63,63,22,27,27,37,26,26,28,42,18,43,42,74,57,57,32,32,32,25,31,29,29,0],"gold":83,"neow_bonus":"REMOVE_CARD","is_prod":false,"is_daily":false,"chose_seed":false,"campfire_upgraded":2,"win_rate":0,"timestamp":1669689245,"path_taken":["M","M","?","M","?","E","M","R","T","?","R","M","M","M","R","BOSS","M","$","?","?","?","E","M","M","T","E"],"build_version":"2022-10-04","purchased_purges":1,"victory":false,"max_hp_per_floor":[75,75,75,75,75,75,75,75,85,85,85,85,85,85,85,85,85,85,85,90,90,90,90,90,90,90,90],"relic_stats":{"Torii":3,"counters":[14,68],"Ornamental Fan":[8],"Dead Branch":[79],"Bag of Preparation":[6],"obtain_stats":[{"Pear":9,"Torii":26,"Ornamental Fan":6,"Dead Branch":3,"Bag of Preparation":23,"Burning Blood":0,"Runic Pyramid":17},{"Pear":5,"Torii":13,"Ornamental Fan":4,"Dead Branch":2,"Bag of Preparation":11,"Burning Blood":0,"Runic Pyramid":9},{"Pear":22,"Torii":66,"Ornamental Fan":18,"Dead Branch":7,"Bag of Preparation":60,"Burning Blood":0,"Runic Pyramid":49}],"Burning Blood":77},"card_choices":[{"not_picked":["Body Slam","Power Through"],"picked":"Pommel Strike","floor":1},{"not_picked":["Sever Soul","Intimidate"],"picked":"Uppercut","floor":2},{"not_picked":["Clothesline","Warcry"],"picked":"True Grit","floor":4},{"not_picked":["Spot Weakness","Double Tap"],"picked":"Armaments","floor":6},{"not_picked":["Feel No Pain","Clash"],"picked":"Rampage","floor":7},{"not_picked":["Warcry","Clothesline"],"picked":"Shrug It Off","floor":12},{"not_picked":["Blood for Blood","Sword Boomerang"],"picked":"Warcry","floor":13},{"not_picked":["Anger","Flex"],"picked":"True Grit","floor":14},{"not_picked":["Limit Break","Bludgeon"],"picked":"Immolate","floor":16},{"not_picked":["Cleave+1","Pommel Strike","Rampage+1"],"picked":"SKIP","floor":18},{"not_picked":["Shrug It Off","Body Slam","Clash+1"],"picked":"SKIP","floor":23},{"not_picked":["Rampage","Searing Blow","Metallicize"],"picked":"SKIP","floor":24},{"not_picked":["Warcry","Body Slam"],"picked":"Headbutt","floor":25}],"player_experience":1257105,"relics_obtained":[{"floor":6,"key":"Ornamental Fan"},{"floor":9,"key":"Pear"},{"floor":23,"key":"Bag of Preparation"},{"floor":26,"key":"Torii"}],"event_choices":[{"damage_healed":0,"gold_gain":0,"player_choice":"Success","damage_taken":11,"relics_obtained":["Dead Branch"],"max_hp_gain":0,"max_hp_loss":0,"event_name":"Scrap Ooze","floor":3,"gold_loss":0},{"damage_healed":0,"gold_gain":0,"cards_transformed":["Strike_R"],"player_choice":"Change","damage_taken":0,"max_hp_gain":0,"max_hp_loss":0,"event_name":"Living Wall","floor":5,"gold_loss":0,"cards_obtained":["Searing Blow"]},{"damage_healed":0,"gold_gain":75,"player_choice":"Gather Gold","damage_taken":11,"max_hp_gain":0,"max_hp_loss":0,"event_name":"World of Goop","floor":10,"gold_loss":0},{"damage_healed":0,"gold_gain":0,"player_choice":"Shed Blood","damage_taken":30,"max_hp_gain":5,"max_hp_loss":0,"event_name":"Forgotten Altar","floor":20,"gold_loss":0},{"damage_healed":0,"gold_gain":0,"player_choice":"Ignored","damage_taken":0,"max_hp_gain":0,"max_hp_loss":0,"event_name":"Ghosts","floor":22,"gold_loss":0}],"is_beta":false,"boss_relics":[{"not_picked":["Sozu","Fusion Hammer"],"picked":"Runic Pyramid"}],"items_purged_floors":[19],"is_endless":false,"potions_floor_spawned":[2,7,12,13,18,23,25],"killed_by":"Slavers","ascension_level":20}