{"gold_per_floor":[113,113,28,28,44,77,77,104,104,134,146,156,175,186,186,260,260,270,284,303,303,320,320,38,73,100,100,111,111,111,111],"floor_reached":31,"playtime":1900,"items_purged":[],"score":554,"play_id":"71cc3fa1-1bfd-4443-89e7-aaf2c9b79cf4","local_time":"20221124125622","is_ascension_mode":true,"campfire_choices":[{"floor":7.0,"key":"REST"},{"data":"Metallicize","floor":15.0,"key":"SMITH"},{"data":"Armaments","floor":23.0,"key":"SMITH"},{"data":"Decay","floor":30,"key":"PURGE"}],"neow_cost":"NONE","seed_source_timestamp":1241010295881200,"circlet_count":0,"master_deck":["AscendersBane","Strike_R","Strike_R","Strike_R","Strike_R","Defend_R","Defend_R","Defend_R+1","Defend_R","Bash","Wild Strike+1","Twin Strike","Metallicize+1","Pommel Strike","Demon Form","Bloodletting","Cleave","Disarm","Rage","Offering","Seeing Red+1","Armaments+1","Whirlwind+1","True Grit","Metallicize+1"],"special_seed":0,"relics":["Burning Blood","Thread and Needle","Bronze Scales","Peace Pipe","StoneCalendar","Runic Pyramid","HornCleat","Oddly Smooth Stone","Pen Nib"],"potions_floor_usage":[28,31],"damage_taken":[{"damage":0.0,"enemies":"Cultist","floor":1.0,"turns":3.0},{"damage":0.0,"enemies":"Small Slimes","floor":5.0,"turns":3.0},{"damage":33.0,"enemies":"3 Sentries","floor":6.0,"turns":11.0},{"damage":25.0,"enemies":"Gremlin Nob","floor":8.0,"turns":4.0},{"damage":1.0,"enemies":"3 Sentries","floor":10.0,"turns":7.0},{"damage":0.0,"enemies":"2 Louse","floor":11.0,"turns":3.0},{"damage":2.0,"enemies":"Lots of Slimes","floor":12.0,"turns":2.0},{"damage":0.0,"enemies":"3 Louse","floor":13.0,"turns":1.0},{"damage":0.0,"enemies":"Looter","floor":14.0,"turns":3.0},{"damage":26.0,"enemies":"Hexaghost","floor":16.0,"turns":7.0},{"damage":23.0,"enemies":"Shell Parasite","floor":18.0,"turns":6.0},{"damage":6.0,"enemies":"Spheric Guardian","floor":19.0,"turns":4.0},{"damage":18.0,"enemies":"Shelled Parasite and Fungi","floor":20.0,"turns":6.0},{"damage":10.0,"enemies":"Cultist and Chosen","floor":22.0,"turns":6.0},{"damage":17.0,"enemies":"Book of Stabbing","floor":25.0,"turns":7.0},{"damage":7,"enemies":"Snecko","floor":28,"turns":5},{"damage":41,"enemies":"Slavers","floor":31,"turns":6}],"seed_played":"-8865463912960354966","potions_obtained":[{"floor":6.0,"key":"Fire Potion"},{"floor":10.0,"key":"SteroidPotion"},{"floor":13.0,"key":"Ancient Potion"},{"floor":16.0,"key":"BlessingOfTheForge"},{"floor":18.0,"key":"Block Potion"},{"floor":22.0,"key":"FearPotion"},{"floor":25.0,"key":"Ancient Potion"},{"floor":28,"key":"BloodPotion"}],"is_trial":false,"path_per_floor":["M","?","$","?","M","E","R","E","T","E","M","M","M","M","R","B",null,"M","M","M","?","M","R","$","E","T","?","M","?","R","E"],"character_chosen":"IRONCLAD","items_purchased":["DuplicationPotion","HornCleat"],"campfire_rested":1,"item_purchase_floors":[3,24],"current_hp_per_floor":[74,51,51,51,57,30,52,33,33,38,44,48,54,60,60,40,66,49,49,37,37,33,33,33,22,22,22,21,21,21,0],"gold":111,"neow_bonus":"THREE_CARDS","is_prod":false,"is_daily":false,"chose_seed":false,"campfire_upgraded":2,"win_rate":0,"timestamp":1669312582,"path_taken":["M","?","$","?","M","E","R","E","T","E","M","M","M","M","R","BOSS","M","?","M","?","M","R","$","E","T","?","M","?","R","E"],"build_version":"2022-10-04","purchased_purges":0,"victory":false,"max_hp_per_floor":[75,75,75,75,75,75,75,75,75,75,75,75,75,75,75,75,75,75,75,75,75,75,75,75,75,75,75,75,75,75,75],"relic_stats":{"Peace Pipe":1,"counters":[17,84],"Bronze Scales":[220],"StoneCalendar":[49],"Pen Nib":[1],"obtain_stats":[{"Peace Pipe":9,"HornCleat":24,"Bronze Scales":8,"Oddly Smooth Stone":25,"Thread and Needle":6,"StoneCalendar":10,"Pen Nib":26,"Burning Blood":0,"Runic Pyramid":17},{"Peace Pipe":4,"HornCleat":14,"Bronze Scales":4,"Oddly Smooth Stone":15,"Thread and Needle":3,"StoneCalendar":5,"Pen Nib":15,"Burning Blood":0,"Runic Pyramid":10},{"Peace Pipe":21,"HornCleat":66,"Bronze Scales":21,"Oddly Smooth Stone":73,"Thread and Needle":17,"StoneCalendar":28,"Pen Nib":73,"Burning Blood":0,"Runic Pyramid":44}],"Burning Blood":96},"card_choices":[{"not_picked":["Armaments","Body Slam"],"picked":"Wild Strike","floor":0.0},{"not_picked":["Reckless Charge","Shrug It Off"],"picked":"Twin Strike","floor":1.0},{"not_picked":["True Grit","Thunderclap"],"picked":"Pommel Strike","floor":5.0},{"not_picked":["Infernal Blade","Entrench"],"picked":"Demon Form","floor":6.0},{"not_picked":["Battle Trance","Whirlwind"],"picked":"Bloodletting","floor":8.0},{"not_picked":["Feel No Pain","Armaments"],"picked":"Cleave","floor":10.0},{"not_picked":["Whirlwind","Flex","Searing Blow"],"picked":"SKIP","floor":11.0},{"not_picked":["Iron Wave","Combust"],"picked":"Disarm","floor":12.0},{"not_picked":["Searing Blow","Dark Embrace"],"picked":"Rage","floor":13.0},{"not_picked":["Heavy Blade","Power Through","Wild Strike"],"picked":"SKIP","floor":14.0},{"not_picked":["Heavy Blade","Power Through","Wild Strike"],"picked":"SKIP","floor":14.0},{"not_picked":["Juggernaut","Reaper"],"picked":"Offering","floor":16.0},{"not_picked":["Clash","Havoc"],"picked":"Seeing Red+1","floor":18.0},{"not_picked":["Dropkick","Spot Weakness","Perfected Strike+1"],"picked":"SKIP","floor":19.0},{"not_picked":["Perfected Strike","Iron Wave","Twin Strike"],"picked":"SKIP","floor":20.0},{"not_picked":["Thunderclap+1","Bloodletting"],"picked":"Armaments","floor":22.0},{"not_picked":["Rampage","Rage"],"picked":"Whirlwind+1","floor":25.0},{"not_picked":["Armaments","Bloodletting+1"],"picked":"True Grit","floor":28}],"player_experience":1246367,"relics_obtained":[{"floor":6.0,"key":"Thread and Needle"},{"floor":8.0,"key":"Bronze Scales"},{"floor":9.0,"key":"Peace Pipe"},{"floor":10.0,"key":"StoneCalendar"},{"floor":25.0,"key":"Oddly Smooth Stone"},{"floor":26.0,"key":"Pen Nib"}],"event_choices":[{"damage_healed":0.0,"max_hp_gain":0.0,"max_hp_loss":0.0,"gold_gain":0.0,"event_name":"Shining Light","player_choice":"Entered Light","floor":2.0,"gold_loss":0.0,"damage_taken":23.0,"cards_upgraded":["Wild Strike","Defend_R"]},{"damage_healed":0.0,"max_hp_gain":0.0,"max_hp_loss":0.0,"gold_gain":0.0,"cards_transformed":["Strike_R"],"event_name":"Transmorgrifier","player_choice":"Transformed","floor":4.0,"gold_loss":0.0,"damage_taken":0.0,"cards_obtained":["Metallicize"]},{"damage_healed":0.0,"max_hp_gain":0.0,"max_hp_loss":0.0,"gold_gain":0.0,"event_name":"Cursed Tome","player_choice":"Ignored","floor":21.0,"gold_loss":0.0,"damage_taken":0.0},{"damage_healed":0.0,"max_hp_gain":0.0,"max_hp_loss":0.0,"gold_gain":0.0,"event_name":"Forgotten Altar","player_choice":"Smashed Altar","floor":27.0,"gold_loss":0.0,"damage_taken":0.0,"cards_obtained":["Decay"]},{"damage_healed":0,"gold_gain":0,"player_choice":"Copied","damage_taken":0,"max_hp_gain":0,"max_hp_loss":0,"event_name":"Duplicator","floor":29,"gold_loss":0,"cards_obtained":["Metallicize"]}],"is_beta":false,"boss_relics":[{"not_picked":["Snecko Eye","Pandora\u0027s Box"],"picked":"Runic Pyramid"}],"items_purged_floors":[],"is_endless":false,"potions_floor_spawned":[6,10,13,16,18,22,25,28],"killed_by":"Slavers","ascension_level":20}