{"gold_per_floor":[109,121,137,150,150,150,97,123,123,134,159,178,189,204,204,277,277,297,297,310,48,62,62,88,100,100,110,110,136,153,163,163,237,237,252,152,162,176,188,220,220,240,295,323,160,171,181,18,18,18,18,18,18,18,53,53],"floor_reached":57,"playtime":12000,"items_purged":["Strike_R","Strike_R"],"score":2773,"play_id":"366a63e8-8ff2-45e4-bb9e-7f994dd741ea","local_time":"20221130183521","is_ascension_mode":true,"campfire_choices":[{"data":"Feed","floor":6,"key":"SMITH"},{"data":"Shockwave","floor":15,"key":"SMITH"},{"data":"Armaments","floor":23,"key":"SMITH"},{"data":"Body Slam","floor":28,"key":"SMITH"},{"floor":32,"key":"REST"},{"floor":41,"key":"REST"},{"floor":49,"key":"RECALL"},{"floor":53,"key":"REST"}],"neow_cost":"TEN_PERCENT_HP_LOSS","seed_source_timestamp":1769677563878000,"circlet_count":0,"master_deck":["AscendersBane","Strike_R","Defend_R","Defend_R","Defend_R","Defend_R","Bash","Feed+1","Headbutt","Twin Strike","Pommel Strike","Cleave","Carnage","Blood for Blood","Second Wind","Shockwave+1","Impervious","Armaments+1","Feel No Pain","Double Tap","Body Slam+1","Shrug It Off","Shockwave","Rage+1","Barricade","Warcry+1","True Grit+1","Fiend Fire","Warcry+1","Shrug It Off+1","Entrench+1","Disarm","Dark Embrace+1","Entrench+1","Demon Form"],"relics":["Burning Blood","Bag of Marbles","Paper Frog","StoneCalendar","Runic Pyramid","Dream Catcher","Torii","Lantern","Fusion Hammer","Blood Vial","Self Forming Clay","Orrery","DollysMirror","StrikeDummy"],"potions_floor_usage":[8,11,11,24,29,33,35,51,56],"damage_taken":[{"damage":2,"enemies":"Cultist","floor":1,"turns":4},{"damage":3,"enemies":"2 Louse","floor":2,"turns":3},{"damage":6,"enemies":"Jaw Worm","floor":3,"turns":4},{"damage":7,"enemies":"2 Fungi Beasts","floor":4,"turns":3},{"damage":25,"enemies":"Lagavulin","floor":8,"turns":7},{"damage":9,"enemies":"Red Slaver","floor":10,"turns":3},{"damage":8,"enemies":"Gremlin Nob","floor":11,"turns":3},{"damage":20,"enemies":"Gremlin Gang","floor":12,"turns":4},{"damage":21,"enemies":"Blue Slaver","floor":13,"turns":4},{"damage":0,"enemies":"3 Louse","floor":14,"turns":2},{"damage":45,"enemies":"Hexaghost","floor":16,"turns":8},{"damage":30,"enemies":"Spheric Guardian","floor":18,"turns":6},{"damage":0,"enemies":"Chosen","floor":20,"turns":5},{"damage":3,"enemies":"Snecko","floor":22,"turns":3},{"damage":22,"enemies":"Gremlin Leader","floor":24,"turns":5},{"damage":6,"enemies":"Cultist and Chosen","floor":25,"turns":7},{"damage":24,"enemies":"Snake Plant","floor":27,"turns":2},{"damage":42,"enemies":"Book of Stabbing","floor":29,"turns":6},{"damage":2,"enemies":"Snecko","floor":30,"turns":5},{"damage":14,"enemies":"Centurion and Healer","floor":31,"turns":5},{"damage":52,"enemies":"Automaton","floor":33,"turns":11},{"damage":24,"enemies":"3 Darklings","floor":35,"turns":7},{"damage":7,"enemies":"3 Shapes","floor":37,"turns":7},{"damage":0,"enemies":"Maw","floor":38,"turns":7},{"damage":20,"enemies":"Writhing Mass","floor":39,"turns":5},{"damage":28,"enemies":"Nemesis","floor":40,"turns":9},{"damage":29,"enemies":"Jaw Worm Horde","floor":42,"turns":5},{"damage":47,"enemies":"Giant Head","floor":44,"turns":8},{"damage":0,"enemies":"Maw","floor":46,"turns":11},{"damage":9,"enemies":"3 Darklings","floor":47,"turns":7},{"damage":58,"enemies":"Time Eater","floor":50,"turns":13},{"damage":40,"enemies":"Awakened One","floor":51,"turns":9},{"damage":54,"enemies":"Shield and Spear","floor":55,"turns":14},{"damage":51,"enemies":"The Heart","floor":56,"turns":10}],"seed_played":"6712948683943324889","potions_obtained":[{"floor":2,"key":"ElixirPotion"},{"floor":3,"key":"SmokeBomb"},{"floor":10,"key":"Fire Potion"},{"floor":18,"key":"ColorlessPotion"},{"floor":27,"key":"Regen Potion"},{"floor":31,"key":"GamblersBrew"},{"floor":35,"key":"Explosive Potion"},{"floor":38,"key":"SpeedPotion"},{"floor":40,"key":"BloodPotion"}],"is_trial":false,"path_per_floor":["M","M","M","M","?","R","$","E","T","M","E","M","M","M","R","B",null,"M","?","M","$","M","R","E","M","T","M","R","E","M","M","R","B",null,"M","$","M","M","M","E","R","M","T","E","$","M","M","$","R","B","B",null,"R","$","E","B",null],"character_chosen":"IRONCLAD","items_purchased":["AttackPotion","Double Tap","EntropicBrew","Orrery","DollysMirror"],"campfire_rested":3,"item_purchase_floors":[7,21,21,45,48],"current_hp_per_floor":[71,74,77,79,79,79,79,64,64,65,67,57,46,56,56,21,86,66,66,76,76,83,83,71,71,71,57,57,40,48,44,86,44,119,105,105,108,118,108,90,139,122,122,87,87,99,98,98,98,52,60,153,184,184,140,101],"gold":53,"neow_bonus":"THREE_RARE_CARDS","is_prod":false,"is_daily":false,"chose_seed":false,"campfire_upgraded":4,"win_rate":0,"timestamp":1669851321,"path_taken":["M","M","M","?","?","R","?","E","T","M","E","M","?","M","R","BOSS","M","?","M","$","M","R","E","M","T","M","R","E","M","?","R","BOSS","M","$","M","M","M","E","R","M","T","E","?","?","?","$","R","BOSS","BOSS","R","$","E","BOSS"],"build_version":"2022-10-04","purchased_purges":2,"victory":true,"max_hp_per_floor":[71,74,77,80,80,80,80,84,84,88,92,96,100,104,104,108,108,112,112,116,116,120,120,124,124,124,128,128,132,136,140,140,144,144,148,148,152,156,160,164,164,168,168,172,172,176,176,176,176,180,184,184,184,184,188,192],"relic_stats":{"Blood Vial":14,"Dream Catcher":3,"Torii":47,"counters":[34,212],"Self Forming Clay":[66],"StoneCalendar":[454],"obtain_stats":[{"Lantern":29,"Torii":26,"Self Forming Clay":44,"StoneCalendar":11,"Burning Blood":0,"Blood Vial":40,"Dream Catcher":24,"DollysMirror":48,"Orrery":45,"Fusion Hammer":34,"Bag of Marbles":8,"StrikeDummy":55,"Paper Frog":9,"Runic Pyramid":17},{"Lantern":18,"Torii":16,"Self Forming Clay":28,"StoneCalendar":7,"Burning Blood":0,"Blood Vial":26,"Dream Catcher":15,"DollysMirror":30,"Orrery":28,"Fusion Hammer":21,"Bag of Marbles":5,"StrikeDummy":33,"Paper Frog":5,"Runic Pyramid":11},{"Lantern":79,"Torii":71,"Self Forming Clay":148,"StoneCalendar":27,"Burning Blood":0,"Blood Vial":135,"Dream Catcher":64,"DollysMirror":166,"Orrery":148,"Fusion Hammer":100,"Bag of Marbles":21,"StrikeDummy":202,"Paper Frog":21,"Runic Pyramid":45}],"Burning Blood":197},"card_choices":[{"not_picked":["Exhume","Corruption"],"picked":"Feed","floor":0},{"not_picked":["Havoc","Armaments"],"picked":"Headbutt","floor":1},{"not_picked":["Searing Blow","Warcry","Entrench"],"picked":"SKIP","floor":2},{"not_picked":["Clothesline","Flex"],"picked":"Twin Strike","floor":3},{"not_picked":["Sentinel","Twin Strike"],"picked":"Pommel Strike","floor":4},{"not_picked":["Twin Strike","Warcry"],"picked":"Cleave","floor":8},{"not_picked":["Feel No Pain","Pommel Strike"],"picked":"Carnage","floor":10},{"not_picked":["Heavy Blade","Power Through"],"picked":"Blood for Blood","floor":11},{"not_picked":["Ghostly Armor","Sentinel"],"picked":"Second Wind","floor":12},{"not_picked":["Flex","Twin Strike","Blood for Blood"],"picked":"SKIP","floor":13},{"not_picked":["Clothesline","Disarm"],"picked":"Shockwave","floor":14},{"not_picked":["Juggernaut","Bludgeon"],"picked":"Impervious","floor":16},{"not_picked":["Iron Wave","Anger"],"picked":"Armaments","floor":18},{"not_picked":["Shrug It Off","Iron Wave"],"picked":"Feel No Pain","floor":20},{"not_picked":["Dual Wield","Armaments"],"picked":"Body Slam","floor":22},{"not_picked":["Clash","Heavy Blade","Second Wind"],"picked":"SKIP","floor":24},{"not_picked":["Rampage","Whirlwind","Cleave"],"picked":"SKIP","floor":25},{"not_picked":["Metallicize","Heavy Blade"],"picked":"Shrug It Off","floor":27},{"not_picked":["Headbutt","Rage","Hemokinesis"],"picked":"SKIP","floor":29},{"not_picked":["Clothesline+1","Perfected Strike","Second Wind"],"picked":"SKIP","floor":30},{"not_picked":["Wild Strike","Twin Strike"],"picked":"Shockwave","floor":31},{"not_picked":["Dropkick","Anger+1"],"picked":"Rage+1","floor":32},{"not_picked":["Reaper","Corruption"],"picked":"Barricade","floor":33},{"not_picked":["Sword Boomerang","Whirlwind","Evolve"],"picked":"SKIP","floor":35},{"not_picked":["Sword Boomerang","Whirlwind","Evolve"],"picked":"SKIP","floor":35},{"not_picked":["Twin Strike","Thunderclap+1","Clash"],"picked":"SKIP","floor":37},{"not_picked":["Anger","Thunderclap+1","Fire Breathing"],"picked":"SKIP","floor":38},{"not_picked":["Uppercut","Iron Wave","Wild Strike"],"picked":"SKIP","floor":39},{"not_picked":["Rage+1","Searing Blow+1"],"picked":"Warcry+1","floor":40},{"not_picked":["Ghostly Armor+1","Iron Wave+1"],"picked":"True Grit+1","floor":41},{"not_picked":["Wild Strike","Clothesline"],"picked":"Fiend Fire","floor":42},{"not_picked":["Shrug It Off","Wild Strike"],"picked":"Warcry+1","floor":44},{"not_picked":["Flame Barrier+1","Heavy Blade"],"picked":"Shrug It Off+1","floor":45},{"not_picked":["Havoc+1","Impervious"],"picked":"Entrench+1","floor":45},{"not_picked":["Blood for Blood","Warcry"],"picked":"Disarm","floor":45},{"not_picked":["Blood for Blood","Cleave+1","Wild Strike"],"picked":"SKIP","floor":46},{"not_picked":["Wild Strike","Armaments"],"picked":"Dark Embrace+1","floor":47},{"not_picked":["Sword Boomerang","Sever Soul"],"picked":"Demon Form","floor":55}],"player_experience":1258587,"relics_obtained":[{"floor":8,"key":"Bag of Marbles"},{"floor":9,"key":"Paper Frog"},{"floor":11,"key":"StoneCalendar"},{"floor":24,"key":"Dream Catcher"},{"floor":26,"key":"Torii"},{"floor":29,"key":"Lantern"},{"floor":40,"key":"Blood Vial"},{"floor":44,"key":"Self Forming Clay"},{"floor":55,"key":"StrikeDummy"}],"event_choices":[{"cards_removed":["Strike_R"],"damage_healed":0,"gold_gain":0,"player_choice":"Purged","damage_taken":0,"max_hp_gain":0,"max_hp_loss":0,"event_name":"Purifier","floor":5,"gold_loss":0},{"cards_removed":["Strike_R"],"damage_healed":0,"gold_gain":0,"player_choice":"Card Removal","damage_taken":0,"max_hp_gain":0,"max_hp_loss":0,"event_name":"Wheel of Change","floor":19,"gold_loss":0}],"is_beta":false,"boss_relics":[{"not_picked":["Calling Bell","Runic Dome"],"picked":"Runic Pyramid"},{"not_picked":["Runic Cube","Tiny House"],"picked":"Fusion Hammer"}],"items_purged_floors":[21,36],"is_endless":false,"potions_floor_spawned":[2,3,10,18,27,31,35,38,40],"ascension_level":20}