{"gold_per_floor":[117,132,150,300,56,81,98,98,121,150,170,245,261,276,276,350,350,369,184,202,216,266,283,316,316],"floor_reached":25,"playtime":1291,"items_purged":["Doubt","Strike_R"],"score":474,"play_id":"f0c4d27e-25a1-465f-84fa-ab82ccd453ea","local_time":"20221128040033","is_ascension_mode":true,"campfire_choices":[{"data":"Immolate","floor":8,"key":"SMITH"},{"data":"Armaments","floor":15,"key":"SMITH"}],"neow_cost":"TEN_PERCENT_HP_LOSS","seed_source_timestamp":1555145446618500,"circlet_count":0,"master_deck":["AscendersBane","Strike_R","Defend_R","Defend_R","Defend_R","Defend_R","Bash","Immolate+1","Shockwave","Spot Weakness","Ghostly Armor","Armaments+1","Anger","Second Wind","Feed","Immolate+1","Dark Embrace+1","Juggernaut+1","Shrug It Off+1","Feel No Pain","Warcry","Headbutt","Burning Pact"],"relics":["Burning Blood","Bag of Preparation","Dream Catcher","Boot","Vajra","Astrolabe","Happy Flower"],"potions_floor_usage":[13,16,23,24,24],"damage_taken":[{"damage":9,"enemies":"Jaw Worm","floor":1,"turns":3},{"damage":4,"enemies":"2 Louse","floor":2,"turns":3},{"damage":0,"enemies":"Cultist","floor":3,"turns":3},{"damage":45,"enemies":"Lagavulin","floor":6,"turns":8},{"damage":16,"enemies":"Exordium Wildlife","floor":7,"turns":5},{"damage":12,"enemies":"3 Sentries","floor":10,"turns":5},{"damage":0,"enemies":"Blue Slaver","floor":11,"turns":3},{"damage":7,"enemies":"Looter","floor":13,"turns":3},{"damage":3,"enemies":"Exordium Thugs","floor":14,"turns":4},{"damage":10,"enemies":"Hexaghost","floor":16,"turns":8},{"damage":0,"enemies":"Chosen","floor":18,"turns":5},{"damage":15,"enemies":"Spheric Guardian","floor":20,"turns":5},{"damage":9,"enemies":"Shelled Parasite and Fungi","floor":21,"turns":5},{"damage":13,"enemies":"Centurion and Healer","floor":23,"turns":9},{"damage":41,"enemies":"Slavers","floor":24,"turns":5},{"damage":16,"enemies":"Sentry and Sphere","floor":25,"turns":3}],"seed_played":"-4869720336690119613","potions_obtained":[{"floor":2,"key":"BloodPotion"},{"floor":6,"key":"Ancient Potion"},{"floor":10,"key":"Energy Potion"},{"floor":13,"key":"LiquidMemories"},{"floor":20,"key":"Weak Potion"},{"floor":23,"key":"ColorlessPotion"}],"is_trial":false,"path_per_floor":["M","M","M","?","$","E","M","R","T","E","M","?","M","M","R","B",null,"M","$","M","M","?","M","E","M"],"character_chosen":"IRONCLAD","items_purchased":["Bag of Preparation","Feel No Pain"],"campfire_rested":0,"item_purchase_floors":[5,19],"current_hp_per_floor":[65,67,68,68,68,29,19,19,19,13,19,8,20,23,23,19,56,62,62,53,54,47,43,8,0],"gold":316,"neow_bonus":"THREE_RARE_CARDS","is_prod":false,"is_daily":false,"chose_seed":false,"campfire_upgraded":2,"win_rate":0,"timestamp":1669626033,"path_taken":["M","M","M","?","$","E","M","R","T","E","M","?","M","M","R","BOSS","M","$","M","M","?","?","E","M"],"build_version":"2022-10-04","purchased_purges":2,"victory":false,"max_hp_per_floor":[68,68,68,68,68,68,68,68,68,68,68,68,68,68,68,68,68,68,68,68,72,72,75,75,78],"relic_stats":{"Dream Catcher":0,"Happy Flower":[1],"counters":[16,77],"Astrolabe":["Immolate","Dark Embrace","Juggernaut"],"Bag of Preparation":[26],"Boot":[0],"obtain_stats":[{"Dream Catcher":6,"Happy Flower":24,"Astrolabe":17,"Vajra":10,"Bag of Preparation":5,"Boot":9,"Burning Blood":0},{"Dream Catcher":4,"Happy Flower":15,"Astrolabe":10,"Vajra":6,"Bag of Preparation":3,"Boot":5,"Burning Blood":0},{"Dream Catcher":17,"Happy Flower":74,"Astrolabe":45,"Vajra":27,"Bag of Preparation":9,"Boot":22,"Burning Blood":0}],"Burning Blood":85},"card_choices":[{"not_picked":["Barricade","Demon Form"],"picked":"Immolate","floor":0},{"not_picked":["Iron Wave","Dual Wield","Body Slam"],"picked":"SKIP","floor":1},{"not_picked":["Iron Wave","Rampage"],"picked":"Shockwave","floor":2},{"not_picked":["Reckless Charge","Armaments"],"picked":"Spot Weakness","floor":3},{"not_picked":["Wild Strike","Iron Wave"],"picked":"Ghostly Armor","floor":6},{"not_picked":["Havoc","Power Through","Body Slam"],"picked":"SKIP","floor":7},{"not_picked":["Havoc","Intimidate"],"picked":"Armaments","floor":10},{"not_picked":["Headbutt","Blood for Blood"],"picked":"Anger","floor":11},{"not_picked":["Wild Strike","Brutality"],"picked":"Second Wind","floor":13},{"not_picked":["Heavy Blade","Flex","Anger"],"picked":"SKIP","floor":14},{"not_picked":["Double Tap","Corruption"],"picked":"Feed","floor":16},{"not_picked":["Havoc","Cleave"],"picked":"Shrug It Off+1","floor":18},{"not_picked":["Armaments","Thunderclap"],"picked":"Warcry","floor":20},{"not_picked":["Iron Wave","Thunderclap"],"picked":"Headbutt","floor":21},{"not_picked":["Whirlwind","Anger","Heavy Blade"],"picked":"SKIP","floor":23},{"not_picked":["Anger","Havoc"],"picked":"Burning Pact","floor":24}],"player_experience":1253268,"relics_obtained":[{"floor":6,"key":"Dream Catcher"},{"floor":9,"key":"Boot"},{"floor":10,"key":"Vajra"},{"floor":24,"key":"Happy Flower"}],"event_choices":[{"damage_healed":0,"gold_gain":150,"player_choice":"AGREE","damage_taken":0,"max_hp_gain":0,"max_hp_loss":0,"event_name":"Liars Game","floor":4,"gold_loss":0,"cards_obtained":["Doubt"]},{"damage_healed":0,"gold_gain":75,"player_choice":"Gather Gold","damage_taken":11,"max_hp_gain":0,"max_hp_loss":0,"event_name":"World of Goop","floor":12,"gold_loss":0},{"damage_healed":0,"gold_gain":50,"player_choice":"Touch","damage_taken":7,"max_hp_gain":0,"max_hp_loss":0,"event_name":"FaceTrader","floor":22,"gold_loss":0}],"is_beta":false,"boss_relics":[{"not_picked":["SlaversCollar","Tiny House"],"picked":"Astrolabe"}],"items_purged_floors":[5,19],"is_endless":false,"potions_floor_spawned":[2,6,10,13,20,21,23],"killed_by":"Sentry and Sphere","ascension_level":20}