{"gold_per_floor":[113,125,200,200,225,225,69,113,113,113,136,189,67,112,112,112],"floor_reached":16,"playtime":595,"items_purged":["Strike_R"],"score":236,"play_id":"ca1858a5-f29e-4097-a630-2a50b2c5aaa7","local_time":"20221126231609","is_ascension_mode":true,"campfire_choices":[{"data":"Clothesline","floor":6,"key":"SMITH"},{"data":"Wild Strike","floor":10,"key":"SMITH"},{"data":"Feed","floor":15,"key":"SMITH"}],"neow_cost":"TEN_PERCENT_HP_LOSS","seed_source_timestamp":1452377596932500,"circlet_count":0,"master_deck":["AscendersBane","Strike_R","Strike_R","Strike_R","Strike_R","Defend_R","Defend_R","Defend_R","Defend_R","Bash","Pommel Strike","Clothesline+1","Wild Strike+1","Dark Embrace","Intimidate","Berserk+1","Feed+1","Bludgeon"],"relics":["Burning Blood","FossilizedHelix","Golden Idol","Mummified Hand","CeramicFish","Frozen Egg 2","Turnip"],"potions_floor_usage":[8,12,14,16],"damage_taken":[{"damage":0,"enemies":"Cultist","floor":1,"turns":3},{"damage":0,"enemies":"Jaw Worm","floor":2,"turns":2},{"damage":0,"enemies":"Small Slimes","floor":5,"turns":3},{"damage":10,"enemies":"Lagavulin","floor":8,"turns":7},{"damage":0,"enemies":"Looter","floor":11,"turns":3},{"damage":21,"enemies":"Gremlin Nob","floor":12,"turns":4},{"damage":22,"enemies":"3 Sentries","floor":14,"turns":6},{"damage":41,"enemies":"Slime Boss","floor":16,"turns":9}],"seed_played":"4256723915184063044","potions_obtained":[{"floor":2,"key":"EssenceOfSteel"},{"floor":11,"key":"Energy Potion"},{"floor":14,"key":"HeartOfIron"}],"is_trial":false,"path_per_floor":["M","M","?","?","M","R","$","E","T","R","M","E","$","E","R","B"],"character_chosen":"IRONCLAD","items_purchased":["BlessingOfTheForge","Wild Strike","Feed","Strength Potion"],"campfire_rested":0,"item_purchase_floors":[7,7,13,13],"current_hp_per_floor":[68,68,57,57,62,62,62,58,58,58,62,47,47,34,34,0],"gold":112,"neow_bonus":"ONE_RARE_RELIC","is_prod":false,"is_daily":false,"chose_seed":false,"campfire_upgraded":3,"win_rate":0,"timestamp":1669522569,"path_taken":["M","M","?","?","M","R","$","E","T","R","M","E","?","E","R","BOSS"],"build_version":"2022-10-04","purchased_purges":1,"victory":false,"max_hp_per_floor":[68,68,68,62,62,62,62,62,62,62,62,62,62,65,65,65],"relic_stats":{"counters":[8,37],"Golden Idol":33,"Mummified Hand":[7],"CeramicFish":36,"Turnip":[2],"obtain_stats":[{"Golden Idol":4,"Mummified Hand":8,"CeramicFish":9,"Turnip":14,"Frozen Egg 2":12,"Burning Blood":0,"FossilizedHelix":0},{"Golden Idol":2,"Mummified Hand":4,"CeramicFish":4,"Turnip":7,"Frozen Egg 2":6,"Burning Blood":0,"FossilizedHelix":0},{"Golden Idol":5,"Mummified Hand":15,"CeramicFish":15,"Turnip":28,"Frozen Egg 2":22,"Burning Blood":0,"FossilizedHelix":0}],"Burning Blood":27,"FossilizedHelix":[106]},"card_choices":[{"not_picked":["Warcry","Hemokinesis"],"picked":"Pommel Strike","floor":1},{"not_picked":["Sword Boomerang","Clash"],"picked":"Clothesline","floor":2},{"not_picked":["Entrench","Juggernaut","Infernal Blade"],"picked":"SKIP","floor":5},{"not_picked":["Whirlwind","Thunderclap"],"picked":"Dark Embrace","floor":8},{"not_picked":["Headbutt","Twin Strike"],"picked":"Intimidate","floor":11},{"not_picked":["Sentinel","Body Slam"],"picked":"Berserk+1","floor":12},{"not_picked":["Disarm","Whirlwind"],"picked":"Bludgeon","floor":14}],"player_experience":1251794,"relics_obtained":[{"floor":8,"key":"Mummified Hand"},{"floor":9,"key":"CeramicFish"},{"floor":12,"key":"Frozen Egg 2"},{"floor":14,"key":"Turnip"}],"event_choices":[{"damage_healed":0,"gold_gain":75,"player_choice":"Gather Gold","damage_taken":11,"max_hp_gain":0,"max_hp_loss":0,"event_name":"World of Goop","floor":3,"gold_loss":0},{"damage_healed":0,"gold_gain":0,"player_choice":"Lose Max HP","damage_taken":0,"relics_obtained":["Golden Idol"],"max_hp_gain":0,"max_hp_loss":6,"event_name":"Golden Idol","floor":4,"gold_loss":0}],"is_beta":false,"boss_relics":[],"items_purged_floors":[7],"is_endless":false,"potions_floor_spawned":[2,11,14],"killed_by":"Slime Boss","ascension_level":20}