{"gold_per_floor":[109,125,137,212,230,255,255,289,312,322,322,347,359,387,399,485,497,528,551,323,333,351,385,385,385,385,396,396,174,200,215,215,215],"floor_reached":33,"playtime":3420,"items_purged":["Strike_R","Anger"],"score":768,"play_id":"bcf422d6-2cdf-49d1-bf55-5346f4ed51e5","local_time":"20221124120410","is_ascension_mode":true,"campfire_choices":[{"floor":7.0,"key":"REST"},{"data":"Carnage","floor":11.0,"key":"SMITH"},{"data":"Pommel Strike","floor":15.0,"key":"SMITH"},{"data":"Feed","floor":25.0,"key":"SMITH"},{"floor":28.0,"key":"REST"},{"data":"Burning Pact","floor":32,"key":"SMITH"}],"neow_cost":"NONE","seed_source_timestamp":1236404669865100,"circlet_count":0,"master_deck":["AscendersBane","Strike_R","Strike_R","Strike_R","Strike_R","Defend_R","Defend_R","Defend_R","Defend_R","Bash","Armaments+1","Iron Wave","Carnage+1","Shrug It Off","Inflame","Shockwave","Pommel Strike+1","Feed+1","Sword Boomerang","Immolate","Shrug It Off","Dual Wield+1","Burning Pact+1","Shockwave","Feel No Pain","Headbutt"],"special_seed":0,"relics":["Burning Blood","Ancient Tea Set","Vajra","Red Skull","MawBank","Snecko Eye","Orrery","Singing Bowl","MutagenicStrength","Sundial","Bag of Marbles"],"potions_floor_usage":[30,33,33],"damage_taken":[{"damage":4.0,"enemies":"2 Louse","floor":1.0,"turns":4.0},{"damage":9.0,"enemies":"Small Slimes","floor":2.0,"turns":6.0},{"damage":6.0,"enemies":"Cultist","floor":3.0,"turns":4.0},{"damage":12.0,"enemies":"Looter","floor":5.0,"turns":3.0},{"damage":34.0,"enemies":"Lagavulin","floor":6.0,"turns":8.0},{"damage":26.0,"enemies":"3 Sentries","floor":8.0,"turns":12.0},{"damage":1.0,"enemies":"3 Louse","floor":10.0,"turns":4.0},{"damage":20.0,"enemies":"Lagavulin","floor":12.0,"turns":6.0},{"damage":0.0,"enemies":"Blue Slaver","floor":14.0,"turns":3.0},{"damage":0.0,"enemies":"Slime Boss","floor":16.0,"turns":4.0},{"damage":16.0,"enemies":"Spheric Guardian","floor":18.0,"turns":5.0},{"damage":15.0,"enemies":"3 Byrds","floor":19.0,"turns":5.0},{"damage":25.0,"enemies":"Centurion and Healer","floor":21.0,"turns":9.0},{"damage":22.0,"enemies":"Snake Plant","floor":22.0,"turns":3.0},{"damage":5.0,"enemies":"Slavers","floor":23.0,"turns":4.0},{"damage":25.0,"enemies":"Shelled Parasite and Fungi","floor":27.0,"turns":4.0},{"damage":31,"enemies":"Book of Stabbing","floor":30,"turns":5},{"damage":10,"enemies":"Centurion and Healer","floor":31,"turns":6},{"damage":50,"enemies":"Champ","floor":33,"turns":19}],"seed_played":"234408318067593131","potions_obtained":[{"floor":5.0,"key":"Fire Potion"},{"floor":6.0,"key":"Fruit Juice"},{"floor":8.0,"key":"Fruit Juice"},{"floor":14.0,"key":"AttackPotion"},{"floor":16.0,"key":"AttackPotion"},{"floor":21.0,"key":"SpeedPotion"},{"floor":22.0,"key":"SkillPotion"},{"floor":27.0,"key":"ColorlessPotion"},{"floor":30,"key":"SkillPotion"}],"is_trial":false,"path_per_floor":["M","M","M","?","M","E","R","E","T","M","R","E","?","M","R","B",null,"M","M","$","M","M","E","?","R","T","M","R","$","E","M","R","B"],"character_chosen":"IRONCLAD","items_purchased":["Orrery","Feel No Pain","GamblersBrew"],"campfire_rested":2,"item_purchase_floors":[20,29,29],"current_hp_per_floor":[70,67,67,56,50,22,44,24,24,29,29,15,15,26,26,37,73,67,62,62,49,36,42,42,42,42,31,65,65,46,50,50,0],"gold":215,"neow_bonus":"THREE_CARDS","is_prod":false,"is_daily":false,"chose_seed":false,"campfire_upgraded":4,"win_rate":0,"timestamp":1669309450,"path_taken":["M","M","M","?","M","E","R","E","T","M","R","E","?","M","R","BOSS","M","M","$","?","M","E","?","R","T","M","R","$","E","M","R","BOSS"],"build_version":"2022-10-04","purchased_purges":2,"victory":false,"max_hp_per_floor":[75,75,75,75,75,75,75,75,75,75,75,75,75,80,80,85,85,89,93,93,99,102,107,107,107,107,115,115,115,121,129,129,129],"relic_stats":{"Singing Bowl":4,"counters":[19,114],"Sundial":[10],"Snecko Eye":[148,138,118,130,-173],"Ancient Tea Set":[12],"MawBank":96,"obtain_stats":[{"Singing Bowl":23,"Sundial":26,"MutagenicStrength":24,"Vajra":8,"Snecko Eye":17,"Orrery":20,"Bag of Marbles":30,"Ancient Tea Set":6,"MawBank":12,"Burning Blood":0,"Red Skull":9},{"Singing Bowl":15,"Sundial":15,"MutagenicStrength":15,"Vajra":6,"Snecko Eye":10,"Orrery":12,"Bag of Marbles":17,"Ancient Tea Set":5,"MawBank":8,"Burning Blood":0,"Red Skull":6},{"Singing Bowl":80,"Sundial":80,"MutagenicStrength":80,"Vajra":37,"Snecko Eye":54,"Orrery":64,"Bag of Marbles":89,"Ancient Tea Set":25,"MawBank":47,"Burning Blood":0,"Red Skull":37}],"Burning Blood":108},"card_choices":[{"not_picked":["True Grit","Flex"],"picked":"Armaments","floor":0.0},{"not_picked":["Armaments","True Grit","Rupture"],"picked":"SKIP","floor":1.0},{"not_picked":["Armaments","Heavy Blade"],"picked":"Iron Wave","floor":2.0},{"not_picked":["Twin Strike","Perfected Strike"],"picked":"Carnage","floor":3.0},{"not_picked":["Clash","Whirlwind"],"picked":"Shrug It Off","floor":5.0},{"not_picked":["Sword Boomerang","Battle Trance"],"picked":"Anger","floor":6.0},{"not_picked":["Clash","Heavy Blade"],"picked":"Inflame","floor":8.0},{"not_picked":["Wild Strike","Havoc"],"picked":"Shockwave","floor":10.0},{"not_picked":["Hemokinesis","Wild Strike","Bludgeon"],"picked":"SKIP","floor":12.0},{"not_picked":["Iron Wave","Thunderclap"],"picked":"Pommel Strike","floor":14.0},{"not_picked":["Corruption","Impervious"],"picked":"Feed","floor":16.0},{"not_picked":["Inflame","Twin Strike"],"picked":"Sword Boomerang","floor":18.0},{"not_picked":["Sword Boomerang","Fire Breathing","Ghostly Armor"],"picked":"SKIP","floor":19.0},{"not_picked":["Sword Boomerang","Flex"],"picked":"Immolate","floor":20.0},{"not_picked":["Thunderclap","Infernal Blade"],"picked":"Shrug It Off","floor":20.0},{"not_picked":["Armaments","Dark Embrace"],"picked":"Dual Wield+1","floor":20.0},{"not_picked":["Feed","Pommel Strike","Twin Strike"],"picked":"SKIP","floor":21.0},{"not_picked":["Headbutt","Carnage"],"picked":"Burning Pact","floor":22.0},{"not_picked":["Cleave","Heavy Blade","Metallicize"],"picked":"Singing Bowl","floor":23.0},{"not_picked":["Uppercut","Sword Boomerang+1"],"picked":"Shockwave","floor":27.0},{"not_picked":["Wild Strike","Clash+1","Pommel Strike"],"picked":"Singing Bowl","floor":30},{"not_picked":["Blood for Blood","Cleave"],"picked":"Headbutt","floor":31}],"player_experience":1241805,"relics_obtained":[{"floor":6.0,"key":"Ancient Tea Set"},{"floor":8.0,"key":"Vajra"},{"floor":9.0,"key":"Red Skull"},{"floor":12.0,"key":"MawBank"},{"floor":23.0,"key":"Singing Bowl"},{"floor":26.0,"key":"Sundial"},{"floor":30,"key":"Bag of Marbles"}],"event_choices":[{"damage_healed":0.0,"max_hp_gain":0.0,"max_hp_loss":0.0,"gold_gain":75.0,"event_name":"World of Goop","player_choice":"Gather Gold","floor":4.0,"gold_loss":0.0,"damage_taken":11.0},{"damage_healed":0.0,"max_hp_gain":0.0,"max_hp_loss":0.0,"gold_gain":0.0,"event_name":"Accursed Blacksmith","player_choice":"Forge","floor":13.0,"gold_loss":0.0,"damage_taken":0.0,"cards_upgraded":["Armaments"]},{"damage_healed":0.0,"max_hp_gain":0.0,"max_hp_loss":0.0,"gold_gain":0.0,"event_name":"Drug Dealer","player_choice":"Inject Mutagens","floor":24.0,"gold_loss":0.0,"damage_taken":0.0,"relics_obtained":["MutagenicStrength"]}],"is_beta":false,"boss_relics":[{"not_picked":["Runic Cube","Black Blood"],"picked":"Snecko Eye"}],"items_purged_floors":[20,29],"is_endless":false,"potions_floor_spawned":[5,6,8,14,16,21,22,27,30],"killed_by":"Champ","ascension_level":20}