{"gold_per_floor":[116,133,148,148,158,158,189,339,387,402,248,248,267,94,94,168,168,184,203,41,41,53,53,87,87,87,87,101,115,115,115,115,193,193,212,265,265,276,293,327,327,357,357,357,367,385,402,402,402,402],"floor_reached":50,"playtime":3772,"items_purged":["Doubt"],"score":1048,"play_id":"eab0dc79-b7b0-4347-9178-5b32e3b4bf52","local_time":"20221201011858","is_ascension_mode":true,"campfire_choices":[{"data":"Wild Strike","floor":6.0,"key":"SMITH"},{"data":"Armaments","floor":12.0,"key":"SMITH"},{"data":"Combust","floor":15.0,"key":"SMITH"},{"floor":23.0,"key":"REST"},{"data":"Fiend Fire","floor":27.0,"key":"SMITH"},{"data":"Rampage","floor":30.0,"key":"SMITH"},{"data":"Evolve","floor":32.0,"key":"SMITH"},{"floor":41,"key":"REST"},{"data":"Second Wind","floor":44,"key":"SMITH"},{"floor":49,"key":"RECALL"}],"neow_cost":"TEN_PERCENT_HP_LOSS","seed_source_timestamp":1802096582870100,"circlet_count":0,"master_deck":["AscendersBane","Strike_R","Strike_R","Defend_R","Defend_R","Defend_R","Defend_R","Bash","Searing Blow","Juggernaut","Combust+1","Perfected Strike","Pommel Strike+1","Battle Trance","Armaments+1","Dark Embrace","Shockwave","Second Wind+1","Power Through","Evolve+1","Fiend Fire+1","Whirlwind","Wild Strike+1","Pommel Strike+1","Corruption","Shockwave","Rampage+1","Barricade","Body Slam","Intimidate+1","Headbutt","Spot Weakness","Carnage"],"special_seed":0,"relics":["Burning Blood","Question Card","Red Skull","Orrery","Mark of Pain","Membership Card","Akabeko","Toy Ornithopter","Pantograph","Shuriken","Snecko Eye","Ancient Tea Set","StrikeDummy","Paper Frog"],"potions_floor_usage":[39,40,40,50],"damage_taken":[{"damage":14.0,"enemies":"Jaw Worm","floor":1.0,"turns":5.0},{"damage":2.0,"enemies":"Cultist","floor":2.0,"turns":4.0},{"damage":1.0,"enemies":"2 Louse","floor":3.0,"turns":3.0},{"damage":9.0,"enemies":"Looter","floor":5.0,"turns":3.0},{"damage":31.0,"enemies":"Gremlin Nob","floor":7.0,"turns":4.0},{"damage":18.0,"enemies":"Exordium Wildlife","floor":10.0,"turns":6.0},{"damage":5.0,"enemies":"Gremlin Gang","floor":13.0,"turns":6.0},{"damage":10.0,"enemies":"Slime Boss","floor":16.0,"turns":8.0},{"damage":3.0,"enemies":"3 Byrds","floor":18.0,"turns":5.0},{"damage":19.0,"enemies":"Chosen","floor":19.0,"turns":4.0},{"damage":36.0,"enemies":"Shelled Parasite and Fungi","floor":22.0,"turns":5.0},{"damage":18.0,"enemies":"Slavers","floor":24.0,"turns":4.0},{"damage":9.0,"enemies":"3 Cultists","floor":28.0,"turns":4.0},{"damage":11.0,"enemies":"Sentry and Sphere","floor":29.0,"turns":4.0},{"damage":37,"enemies":"Automaton","floor":33,"turns":8},{"damage":0,"enemies":"3 Darklings","floor":35,"turns":3},{"damage":11,"enemies":"3 Shapes","floor":38,"turns":5},{"damage":44,"enemies":"3 Darklings","floor":39,"turns":5},{"damage":32,"enemies":"Reptomancer","floor":40,"turns":5},{"damage":6,"enemies":"Nemesis","floor":42,"turns":5},{"damage":14,"enemies":"Writhing Mass","floor":45,"turns":4},{"damage":11,"enemies":"Sphere and 2 Shapes","floor":46,"turns":3},{"damage":0,"enemies":"Maw","floor":47,"turns":4},{"damage":63,"enemies":"Awakened One","floor":50,"turns":3}],"seed_played":"-1305257317965365308","potions_obtained":[{"floor":3.0,"key":"EntropicBrew"},{"floor":5.0,"key":"Swift Potion"},{"floor":7.0,"key":"Swift Potion"},{"floor":16.0,"key":"Weak Potion"},{"floor":22.0,"key":"PowerPotion"},{"floor":28.0,"key":"SpeedPotion"},{"floor":33,"key":"BloodPotion"},{"floor":39,"key":"AttackPotion"},{"floor":45,"key":"CultistPotion"},{"floor":46,"key":"Ancient Potion"}],"is_trial":false,"path_per_floor":["M","M","M","?","M","R","E","?","T","M","$","R","M","$","R","B",null,"M","M","$","?","M","R","E","?","T","R","M","M","R","T","R","B",null,"M","T","?","M","M","E","R","E","T","R","M","M","M","?","R","B"],"character_chosen":"IRONCLAD","items_purchased":["Dark Embrace","Orrery","Membership Card"],"campfire_rested":2,"item_purchase_floors":[11,14,20],"current_hp_per_floor":[60,64,68,68,65,65,40,40,40,28,28,28,29,29,29,25,57,60,47,47,47,17,37,25,25,25,25,22,17,17,17,17,11,54,60,60,60,55,35,19,39,39,39,39,31,26,32,32,32,0],"gold":402,"neow_bonus":"TRANSFORM_TWO_CARDS","is_prod":false,"is_daily":false,"chose_seed":false,"campfire_upgraded":7,"win_rate":0,"timestamp":1669875538,"path_taken":["M","M","M","?","?","R","E","?","T","M","$","R","M","$","R","BOSS","M","M","$","?","M","R","E","?","T","R","?","?","R","?","R","BOSS","M","?","?","M","M","E","R","E","T","R","M","?","M","?","R","BOSS"],"build_version":"2022-10-04","purchased_purges":1,"victory":false,"max_hp_per_floor":[68,68,68,68,68,68,68,68,68,68,68,68,68,68,68,68,68,68,68,68,68,68,68,68,68,68,68,68,68,68,68,68,68,68,68,68,68,68,68,68,68,68,68,68,68,68,68,68,68,68],"relic_stats":{"counters":[24,110],"Shuriken":[17],"Pantograph":50,"Snecko Eye":[58,75,83,86,-75],"Membership Card":0,"Question Card":23,"Ancient Tea Set":[6],"obtain_stats":[{"Question Card":7,"Ancient Tea Set":36,"Burning Blood":0,"Akabeko":24,"Shuriken":31,"Pantograph":26,"Orrery":14,"Snecko Eye":34,"Mark of Pain":17,"Membership Card":20,"StrikeDummy":40,"Red Skull":9,"Toy Ornithopter":25,"Paper Frog":42},{"Question Card":5,"Ancient Tea Set":16,"Burning Blood":0,"Akabeko":12,"Shuriken":14,"Pantograph":12,"Orrery":7,"Snecko Eye":15,"Mark of Pain":8,"Membership Card":10,"StrikeDummy":19,"Red Skull":5,"Toy Ornithopter":12,"Paper Frog":20},{"Question Card":19,"Ancient Tea Set":76,"Burning Blood":0,"Akabeko":57,"Shuriken":65,"Pantograph":57,"Orrery":31,"Snecko Eye":73,"Mark of Pain":39,"Membership Card":48,"StrikeDummy":91,"Red Skull":19,"Toy Ornithopter":57,"Paper Frog":96}],"Burning Blood":137,"Toy Ornithopter":20},"card_choices":[{"not_picked":["Perfected Strike","Bloodletting"],"picked":"Combust","floor":1.0},{"not_picked":["True Grit","Warcry","Thunderclap"],"picked":"SKIP","floor":2.0},{"not_picked":["Perfected Strike","Brutality"],"picked":"Wild Strike","floor":3.0},{"not_picked":["Clash","Shrug It Off"],"picked":"Pommel Strike","floor":5.0},{"not_picked":["Shockwave","Flame Barrier"],"picked":"Battle Trance","floor":7.0},{"not_picked":["True Grit","Pommel Strike","Shrug It Off"],"picked":"Armaments","floor":10.0},{"not_picked":["Uppercut","Iron Wave","Fire Breathing"],"picked":"Shockwave","floor":13.0},{"not_picked":["Pommel Strike","Brutality","Evolve"],"picked":"Second Wind","floor":14.0},{"not_picked":["Second Wind","Flex","Clothesline"],"picked":"Power Through","floor":14.0},{"not_picked":["Rage","Clothesline","Clash"],"picked":"Evolve","floor":14.0},{"not_picked":["Barricade","Juggernaut","Impervious"],"picked":"Fiend Fire","floor":16.0},{"not_picked":["Metallicize","Evolve","Twin Strike"],"picked":"Whirlwind","floor":18.0},{"not_picked":["Perfected Strike","Cleave","Havoc"],"picked":"Wild Strike+1","floor":19.0},{"not_picked":["Flex","Clash","Feed"],"picked":"Pommel Strike+1","floor":22.0},{"not_picked":["Cleave","Clash","Havoc+1"],"picked":"Corruption","floor":24.0},{"not_picked":["Flex","Bloodletting","True Grit"],"picked":"Shockwave","floor":28.0},{"not_picked":["Anger","Clothesline","Hemokinesis"],"picked":"Rampage","floor":29.0},{"not_picked":["Immolate","Berserk","Exhume"],"picked":"Barricade","floor":33},{"not_picked":["Clash+1","Rupture","Clothesline","Body Slam"],"picked":"SKIP","floor":35},{"not_picked":["Flex","Thunderclap","Armaments+1","Clothesline"],"picked":"SKIP","floor":38},{"not_picked":["Flex","Thunderclap","Armaments+1","Clothesline"],"picked":"SKIP","floor":38},{"not_picked":["Sword Boomerang","Flex+1","Heavy Blade","Iron Wave"],"picked":"SKIP","floor":39},{"not_picked":["Limit Break","Havoc","Wild Strike"],"picked":"Body Slam","floor":40},{"not_picked":["Bloodletting+1","Havoc","Power Through"],"picked":"Intimidate+1","floor":42},{"not_picked":["Reaper","Heavy Blade+1","Havoc"],"picked":"Headbutt","floor":45},{"not_picked":["Uppercut","Inflame","Metallicize"],"picked":"Spot Weakness","floor":46},{"not_picked":["Rampage","Cleave+1","Headbutt","Body Slam"],"picked":"SKIP","floor":47}],"player_experience":1270587,"relics_obtained":[{"floor":7.0,"key":"Question Card"},{"floor":9.0,"key":"Red Skull"},{"floor":24.0,"key":"Akabeko"},{"floor":26.0,"key":"Pantograph"},{"floor":31.0,"key":"Shuriken"},{"floor":36,"key":"Ancient Tea Set"},{"floor":40,"key":"StrikeDummy"},{"floor":42,"key":"Paper Frog"}],"event_choices":[{"damage_healed":0.0,"max_hp_gain":0.0,"max_hp_loss":0.0,"gold_gain":0.0,"event_name":"Match and Keep!","player_choice":"1 cards matched","floor":4.0,"gold_loss":0.0,"damage_taken":0.0,"cards_obtained":["Perfected Strike"]},{"damage_healed":0.0,"max_hp_gain":0.0,"max_hp_loss":0.0,"gold_gain":150.0,"event_name":"Liars Game","player_choice":"AGREE","floor":8.0,"gold_loss":0.0,"damage_taken":0.0,"cards_obtained":["Doubt"]},{"damage_healed":0.0,"max_hp_gain":0.0,"max_hp_loss":0.0,"gold_gain":0.0,"event_name":"Vampires","player_choice":"Ignored","floor":21.0,"gold_loss":0.0,"damage_taken":0.0},{"cards_removed":["Wild Strike"],"damage_healed":0.0,"max_hp_gain":0.0,"max_hp_loss":0.0,"gold_gain":0.0,"event_name":"WeMeetAgain","player_choice":"Gave Card","floor":25.0,"gold_loss":0.0,"damage_taken":0.0,"relics_obtained":["Toy Ornithopter"]},{"damage_healed":0,"gold_gain":0,"player_choice":"Upgraded","damage_taken":0,"max_hp_gain":0,"max_hp_loss":0,"event_name":"Upgrade Shrine","floor":37,"gold_loss":0,"cards_upgraded":["Pommel Strike"]},{"damage_healed":0,"gold_gain":0,"cards_transformed":["Strike_R"],"player_choice":"Transformed","damage_taken":0,"max_hp_gain":0,"max_hp_loss":0,"event_name":"Transmorgrifier","floor":48,"gold_loss":0,"cards_obtained":["Carnage"]}],"is_beta":false,"boss_relics":[{"not_picked":["Velvet Choker","Black Blood"],"picked":"Mark of Pain"},{"not_picked":["Runic Cube","Cursed Key"],"picked":"Snecko Eye"}],"items_purged_floors":[11],"is_endless":false,"potions_floor_spawned":[3,5,7,16,22,28,33,38,39,45,46],"killed_by":"Awakened One","ascension_level":20}