{"gold_per_floor":[114,128,53,65,79,79,105,105,128,159,175,192,254,274,274,349,349,369,386,386,386,94,126,126,138,164,174,204,215,233,233,233,307,307,325,10,23,23,34,34,50,76,100,130,130,148,174,38,38,38],"floor_reached":50,"playtime":3304,"items_purged":["Strike_R","Defend_R"],"score":1222,"play_id":"bf1e1f2c-06b0-48d5-ab87-1339f0a28a5c","local_time":"20221215013158","is_ascension_mode":true,"campfire_choices":[{"data":"Feed","floor":6.0,"key":"SMITH"},{"data":"Pommel Strike","floor":8.0,"key":"SMITH"},{"data":"Flame Barrier","floor":15.0,"key":"SMITH"},{"data":"Dark Embrace","floor":24.0,"key":"SMITH"},{"data":"Shockwave","floor":32.0,"key":"SMITH"},{"data":"Warcry","floor":40,"key":"SMITH"},{"data":"Barricade","floor":45,"key":"SMITH"},{"floor":49,"key":"RECALL"}],"neow_cost":"PERCENT_DAMAGE","seed_source_timestamp":3012983080994500,"circlet_count":0,"master_deck":["AscendersBane","Defend_R","Bash","Anger","Pommel Strike+1","Feed+1","Flame Barrier+1","Impervious","Second Wind","Twin Strike","Inflame","Feel No Pain+1","Reaper","Pommel Strike","Headbutt","Shockwave+1","Dark Embrace+1","Burning Pact","Power Through","Sword Boomerang","Warcry+1","Immolate","Shrug It Off+1","Exhume","Demon Form+1","Disarm+1","Flex+1","Sentinel","Master of Strategy","Barricade+1","Sentinel+1","Evolve"],"special_seed":0,"relics":["Burning Blood","Smiling Mask","Vajra","Lantern","Strawberry","Philosopher\u0027s Stone","Orrery","Happy Flower","Ancient Tea Set","Peace Pipe","Astrolabe","Turnip","Meat on the Bone","Juzu Bracelet"],"potions_floor_usage":[33,42,42,47,50],"damage_taken":[{"damage":2.0,"enemies":"Small Slimes","floor":1.0,"turns":5.0},{"damage":0.0,"enemies":"2 Louse","floor":2.0,"turns":4.0},{"damage":7.0,"enemies":"Jaw Worm","floor":4.0,"turns":3.0},{"damage":9.0,"enemies":"Blue Slaver","floor":5.0,"turns":6.0},{"damage":18.0,"enemies":"Lagavulin","floor":7.0,"turns":7.0},{"damage":8.0,"enemies":"Gremlin Nob","floor":10.0,"turns":4.0},{"damage":0.0,"enemies":"2 Fungi Beasts","floor":11.0,"turns":3.0},{"damage":4.0,"enemies":"Red Slaver","floor":12.0,"turns":3.0},{"damage":0.0,"enemies":"3 Sentries","floor":13.0,"turns":8.0},{"damage":19.0,"enemies":"Exordium Thugs","floor":14.0,"turns":5.0},{"damage":28.0,"enemies":"Slime Boss","floor":16.0,"turns":10.0},{"damage":12.0,"enemies":"Chosen","floor":18.0,"turns":7.0},{"damage":7.0,"enemies":"2 Thieves","floor":19.0,"turns":5.0},{"damage":19.0,"enemies":"Gremlin Leader","floor":23.0,"turns":6.0},{"damage":21.0,"enemies":"3 Cultists","floor":25.0,"turns":5.0},{"damage":2.0,"enemies":"Centurion and Healer","floor":27.0,"turns":6.0},{"damage":50.0,"enemies":"Book of Stabbing","floor":28.0,"turns":6.0},{"damage":0.0,"enemies":"Snake Plant","floor":29.0,"turns":3.0},{"damage":50.0,"enemies":"Shelled Parasite and Fungi","floor":30.0,"turns":5.0},{"damage":29,"enemies":"Collector","floor":33,"turns":7},{"damage":7,"enemies":"3 Shapes","floor":35,"turns":5},{"damage":59,"enemies":"3 Darklings","floor":37,"turns":7},{"damage":65,"enemies":"Transient","floor":39,"turns":6},{"damage":22,"enemies":"Spire Growth","floor":41,"turns":5},{"damage":30,"enemies":"Reptomancer","floor":42,"turns":6},{"damage":28,"enemies":"Nemesis","floor":44,"turns":13},{"damage":10,"enemies":"Maw","floor":46,"turns":10},{"damage":31,"enemies":"Giant Head","floor":47,"turns":9},{"damage":116,"enemies":"Awakened One","floor":50,"turns":8}],"seed_played":"-2749378204624606459","potions_obtained":[{"floor":4.0,"key":"Swift Potion"},{"floor":5.0,"key":"Explosive Potion"},{"floor":11.0,"key":"Fire Potion"},{"floor":13.0,"key":"Strength Potion"},{"floor":16.0,"key":"SpeedPotion"},{"floor":19.0,"key":"Strength Potion"},{"floor":25.0,"key":"ColorlessPotion"},{"floor":30.0,"key":"Explosive Potion"},{"floor":31.0,"key":"Strength Potion"},{"floor":33,"key":"SmokeBomb"},{"floor":41,"key":"DistilledChaos"},{"floor":44,"key":"Block Potion"}],"is_trial":false,"path_per_floor":["M","M","?","M","M","R","E","R","T","E","M","M","?","M","R","B",null,"M","M","?","?","$","E","R","M","T","M","E","M","M","?","R","B",null,"M","$","M","?","M","R","M","E","T","E","R","M","E","$","R","B"],"character_chosen":"IRONCLAD","items_purchased":["Dark Embrace","Orrery","Master of Strategy","Swift Potion","Evolve","Swift Potion"],"campfire_rested":0,"item_purchase_floors":[22,22,36,36,48,48],"current_hp_per_floor":[54,60,60,59,59,59,51,51,51,53,63,65,82,73,73,55,96,95,105,105,105,105,96,96,85,85,107,77,88,48,48,48,29,110,130,130,111,111,92,92,80,60,60,72,72,109,115,115,115,0],"gold":38,"neow_bonus":"REMOVE_TWO","is_prod":false,"is_daily":false,"chose_seed":false,"campfire_upgraded":7,"win_rate":0,"timestamp":1671085918,"path_taken":["M","M","?","M","M","R","E","R","T","E","M","M","?","M","R","BOSS","M","M","?","?","?","E","R","M","T","?","E","M","M","?","R","BOSS","M","$","M","?","M","R","?","E","T","E","R","M","E","$","R","BOSS"],"build_version":"2022-12-01","purchased_purges":2,"victory":false,"max_hp_per_floor":[75,75,75,75,78,78,82,82,82,86,90,90,101,105,105,109,109,109,113,113,113,113,117,117,121,121,125,129,129,133,133,133,137,137,141,141,145,145,145,145,149,153,153,157,157,161,165,165,165,165],"relic_stats":{"Peace Pipe":0,"Happy Flower":[33],"counters":[29,177],"Astrolabe":["Demon Form","Disarm","Flex"],"Turnip":[5],"Juzu Bracelet":0,"Smiling Mask":75,"Ancient Tea Set":[8],"obtain_stats":[{"Lantern":10,"Happy Flower":23,"Astrolabe":34,"Vajra":9,"Juzu Bracelet":47,"Smiling Mask":7,"Ancient Tea Set":26,"Burning Blood":0,"Peace Pipe":28,"Strawberry":13,"Orrery":22,"Philosopher\u0027s Stone":17,"Turnip":42,"Meat on the Bone":44},{"Lantern":6,"Happy Flower":14,"Astrolabe":20,"Vajra":5,"Juzu Bracelet":28,"Smiling Mask":5,"Ancient Tea Set":15,"Burning Blood":0,"Peace Pipe":17,"Strawberry":8,"Orrery":13,"Philosopher\u0027s Stone":11,"Turnip":25,"Meat on the Bone":26},{"Lantern":29,"Happy Flower":76,"Astrolabe":108,"Vajra":25,"Juzu Bracelet":169,"Smiling Mask":25,"Ancient Tea Set":81,"Burning Blood":0,"Peace Pipe":93,"Strawberry":35,"Orrery":70,"Philosopher\u0027s Stone":58,"Turnip":137,"Meat on the Bone":150}],"Burning Blood":168,"Meat on the Bone":0},"card_choices":[{"not_picked":["Clothesline","Combust"],"picked":"Anger","floor":1.0},{"not_picked":["True Grit","Fire Breathing"],"picked":"Pommel Strike","floor":2.0},{"not_picked":["Warcry","Uppercut"],"picked":"Feed","floor":4.0},{"not_picked":["Clash","Infernal Blade"],"picked":"Flame Barrier","floor":5.0},{"not_picked":["Havoc","Shrug It Off"],"picked":"Impervious","floor":7.0},{"not_picked":["Pommel Strike","Warcry"],"picked":"Second Wind","floor":10.0},{"not_picked":["Blood for Blood","Metallicize"],"picked":"Twin Strike","floor":11.0},{"not_picked":["Thunderclap","Flex"],"picked":"Inflame","floor":12.0},{"not_picked":["Cleave","Flame Barrier"],"picked":"Feel No Pain","floor":14.0},{"not_picked":["Limit Break","Impervious"],"picked":"Reaper","floor":16.0},{"not_picked":["Warcry","Ghostly Armor"],"picked":"Pommel Strike","floor":18.0},{"not_picked":["Sword Boomerang","Anger"],"picked":"Headbutt","floor":19.0},{"not_picked":["Blood for Blood","Flame Barrier"],"picked":"Burning Pact","floor":22.0},{"not_picked":["Twin Strike","Cleave+1"],"picked":"Power Through","floor":22.0},{"not_picked":["Rampage","Body Slam"],"picked":"Sword Boomerang","floor":22.0},{"not_picked":["Anger","Sword Boomerang","Thunderclap"],"picked":"SKIP","floor":23.0},{"not_picked":["Anger","Sword Boomerang","Thunderclap"],"picked":"SKIP","floor":23.0},{"not_picked":["Armaments","Uppercut","Feed"],"picked":"SKIP","floor":25.0},{"not_picked":["Wild Strike","True Grit"],"picked":"Warcry","floor":27.0},{"not_picked":["Clothesline","Cleave"],"picked":"Immolate","floor":28.0},{"not_picked":["Inflame","Sword Boomerang"],"picked":"Shrug It Off+1","floor":29.0},{"not_picked":["Havoc","Thunderclap","Body Slam"],"picked":"SKIP","floor":30.0},{"not_picked":["Feed","Juggernaut"],"picked":"Exhume","floor":33},{"not_picked":["Body Slam+1","Iron Wave"],"picked":"Sentinel","floor":35},{"not_picked":["Heavy Blade+1","Pommel Strike","Thunderclap"],"picked":"SKIP","floor":37},{"not_picked":["Perfected Strike+1","Second Wind","Headbutt"],"picked":"SKIP","floor":39},{"not_picked":["Headbutt","Heavy Blade"],"picked":"Barricade","floor":41},{"not_picked":["Wild Strike+1","Juggernaut"],"picked":"Sentinel+1","floor":42},{"not_picked":["Flex","Clash","Anger+1"],"picked":"SKIP","floor":44},{"not_picked":["Anger","Clothesline+1","Ghostly Armor"],"picked":"SKIP","floor":46},{"not_picked":["True Grit","Flex+1","Whirlwind"],"picked":"SKIP","floor":47}],"player_experience":1306579,"relics_obtained":[{"floor":7.0,"key":"Smiling Mask"},{"floor":9.0,"key":"Vajra"},{"floor":10.0,"key":"Lantern"},{"floor":23.0,"key":"Happy Flower"},{"floor":26.0,"key":"Ancient Tea Set"},{"floor":28.0,"key":"Peace Pipe"},{"floor":42,"key":"Turnip"},{"floor":44,"key":"Meat on the Bone"},{"floor":47,"key":"Juzu Bracelet"}],"event_choices":[{"cards_removed":["Strike_R"],"damage_healed":0.0,"max_hp_gain":0.0,"max_hp_loss":0.0,"gold_gain":0.0,"event_name":"The Cleric","player_choice":"Card Removal","floor":3.0,"gold_loss":75.0,"damage_taken":0.0},{"damage_healed":0.0,"max_hp_gain":0.0,"max_hp_loss":0.0,"gold_gain":0.0,"event_name":"Dead Adventurer","player_choice":"Searched \u00272\u0027 times","floor":13.0,"gold_loss":0.0,"damage_taken":0.0,"relics_obtained":["Strawberry"]},{"damage_healed":0.0,"max_hp_gain":0.0,"max_hp_loss":0.0,"gold_gain":0.0,"event_name":"The Mausoleum","player_choice":"Ignored","floor":20.0,"gold_loss":0.0,"damage_taken":0.0},{"damage_healed":0.0,"max_hp_gain":0.0,"max_hp_loss":0.0,"gold_gain":0.0,"event_name":"The Library","player_choice":"Read","floor":21.0,"gold_loss":0.0,"damage_taken":0.0,"cards_obtained":["Shockwave"]},{"damage_healed":0.0,"max_hp_gain":0.0,"max_hp_loss":0.0,"gold_gain":0.0,"event_name":"Lab","player_choice":"Got Potions","floor":31.0,"gold_loss":0.0,"damage_taken":0.0},{"damage_healed":0,"gold_gain":0,"player_choice":"Forge","damage_taken":0,"max_hp_gain":0,"max_hp_loss":0,"event_name":"Accursed Blacksmith","floor":38,"gold_loss":0,"cards_upgraded":["Feel No Pain"]}],"is_beta":false,"boss_relics":[{"not_picked":["Black Blood","Busted Crown"],"picked":"Philosopher\u0027s Stone"},{"not_picked":["Coffee Dripper","Fusion Hammer"],"picked":"Astrolabe"}],"items_purged_floors":[22,36],"is_endless":false,"potions_floor_spawned":[4,5,11,12,13,16,19,25,30,33,41,44],"killed_by":"Awakened One","ascension_level":20}