{"gold_per_floor":[111,129,129,140,159,159,190,190,190,218,218,250,263,282,282,354,354,373,388,406,62,62,62,91,91,91,126,126,154,154,154,154,154],"floor_reached":33,"playtime":1427,"items_purged":["Strike_R"],"score":696,"play_id":"ae508b2c-a91b-4ddf-bc2d-cfb1195f27aa","local_time":"20221227064600","is_ascension_mode":true,"campfire_choices":[{"data":"Wild Strike","floor":6.0,"key":"SMITH"},{"data":"Bash","floor":8.0,"key":"SMITH"},{"data":"Seeing Red","floor":15.0,"key":"SMITH"},{"data":"Evolve","floor":23.0,"key":"SMITH"},{"data":"Burning Pact","floor":25.0,"key":"SMITH"},{"data":"Feed","floor":28.0,"key":"SMITH"},{"data":"Limit Break","floor":32.0,"key":"SMITH"}],"neow_cost":"TEN_PERCENT_HP_LOSS","seed_source_timestamp":715330472416600,"circlet_count":0,"master_deck":["AscendersBane","Strike_R","Defend_R","Defend_R","Defend_R","Bash+1","Wild Strike+1","Sever Soul","Whirlwind+1","Impervious","Evolve+1","Barricade","Warcry","Seeing Red+1","Feed+1","Battle Trance","Burning Pact+1","Reckless Charge","Fire Breathing+1","Ghostly Armor","Spot Weakness","Limit Break+1","Flame Barrier"],"special_seed":0,"relics":["Burning Blood","Meat on the Bone","HornCleat","Mummified Hand","Smiling Mask","Mark of Pain","Membership Card","Pen Nib","Red Skull","Bottled Lightning","Letter Opener","Anchor","Nilry\u0027s Codex"],"potions_floor_usage":[33],"damage_taken":[{"damage":1.0,"enemies":"Small Slimes","floor":1.0,"turns":4.0},{"damage":1.0,"enemies":"Cultist","floor":2.0,"turns":3.0},{"damage":9.0,"enemies":"2 Louse","floor":4.0,"turns":2.0},{"damage":13.0,"enemies":"Large Slime","floor":5.0,"turns":3.0},{"damage":20.0,"enemies":"Lagavulin","floor":7.0,"turns":7.0},{"damage":0.0,"enemies":"Gremlin Nob","floor":10.0,"turns":3.0},{"damage":16.0,"enemies":"3 Sentries","floor":12.0,"turns":6.0},{"damage":7.0,"enemies":"Exordium Wildlife","floor":13.0,"turns":2.0},{"damage":0.0,"enemies":"Red Slaver","floor":14.0,"turns":3.0},{"damage":6.0,"enemies":"Slime Boss","floor":16.0,"turns":8.0},{"damage":16.0,"enemies":"Shell Parasite","floor":18.0,"turns":4.0},{"damage":2.0,"enemies":"3 Byrds","floor":19.0,"turns":6.0},{"damage":18.0,"enemies":"Centurion and Healer","floor":20.0,"turns":8.0},{"damage":28.0,"enemies":"Slavers","floor":24.0,"turns":4.0},{"damage":25.0,"enemies":"Book of Stabbing","floor":27.0,"turns":5.0},{"damage":11.0,"enemies":"Gremlin Leader","floor":29.0,"turns":6.0},{"damage":53,"enemies":"Collector","floor":33,"turns":6}],"seed_played":"-1038843419268048087","potions_obtained":[{"floor":5.0,"key":"Fire Potion"},{"floor":10.0,"key":"Strength Potion"},{"floor":12.0,"key":"ElixirPotion"},{"floor":13.0,"key":"Explosive Potion"},{"floor":18.0,"key":"EntropicBrew"},{"floor":24.0,"key":"EssenceOfSteel"}],"is_trial":false,"path_per_floor":["M","M","?","M","M","R","E","R","T","E","?","E","M","M","R","B",null,"M","M","M","$","?","R","E","R","T","E","R","E","?","?","R","B"],"character_chosen":"IRONCLAD","items_purchased":["Membership Card","Fire Breathing","Pen Nib"],"campfire_rested":0,"item_purchase_floors":[21,21,21],"current_hp_per_floor":[68,68,68,65,58,58,44,44,44,50,50,52,51,57,57,57,65,58,65,56,56,56,56,49,49,49,45,45,52,52,31,31,0],"gold":154,"neow_bonus":"TRANSFORM_TWO_CARDS","is_prod":false,"is_daily":false,"chose_seed":false,"campfire_upgraded":7,"win_rate":0,"timestamp":1672141560,"path_taken":["M","M","?","?","M","R","E","R","T","E","?","E","M","M","R","BOSS","M","M","M","$","?","R","E","R","T","E","R","E","?","?","R","BOSS"],"build_version":"2022-12-18","purchased_purges":1,"victory":false,"max_hp_per_floor":[68,68,68,68,68,68,68,68,68,68,68,68,68,68,68,68,68,71,74,77,77,77,77,80,80,80,83,83,83,83,83,83,83],"relic_stats":{"counters":[17,80],"Mummified Hand":[30],"Nilry\u0027s Codex":[0,2,0,4],"Pen Nib":[3],"Membership Card":161,"Bottled Lightning":"Burning Pact","Letter Opener":[30],"Smiling Mask":-12,"obtain_stats":[{"Nilry\u0027s Codex":31,"Pen Nib":21,"Letter Opener":27,"Smiling Mask":12,"Burning Blood":0,"Anchor":29,"HornCleat":9,"Mummified Hand":10,"Mark of Pain":17,"Membership Card":21,"Bottled Lightning":26,"Red Skull":24,"Meat on the Bone":7},{"Nilry\u0027s Codex":16,"Pen Nib":13,"Letter Opener":15,"Smiling Mask":7,"Burning Blood":0,"Anchor":16,"HornCleat":5,"Mummified Hand":6,"Mark of Pain":10,"Membership Card":13,"Bottled Lightning":14,"Red Skull":14,"Meat on the Bone":5},{"Nilry\u0027s Codex":74,"Pen Nib":59,"Letter Opener":68,"Smiling Mask":28,"Burning Blood":0,"Anchor":74,"HornCleat":19,"Mummified Hand":22,"Mark of Pain":41,"Membership Card":59,"Bottled Lightning":63,"Red Skull":63,"Meat on the Bone":19}],"Burning Blood":86,"Meat on the Bone":48},"card_choices":[{"not_picked":["Armaments","Flex"],"picked":"Whirlwind","floor":1.0},{"not_picked":["Wild Strike","Twin Strike","Perfected Strike"],"picked":"SKIP","floor":2.0},{"not_picked":["Wild Strike","Rupture","Twin Strike"],"picked":"SKIP","floor":4.0},{"not_picked":["Reckless Charge","Infernal Blade","Perfected Strike"],"picked":"SKIP","floor":5.0},{"not_picked":["Heavy Blade","Combust"],"picked":"Impervious","floor":7.0},{"not_picked":["Clothesline","Burning Pact"],"picked":"Evolve","floor":10.0},{"not_picked":["Shrug It Off","Pommel Strike"],"picked":"Barricade","floor":12.0},{"not_picked":["Iron Wave","Pummel"],"picked":"Warcry","floor":13.0},{"not_picked":["Cleave","Bloodletting"],"picked":"Seeing Red","floor":14.0},{"not_picked":["Juggernaut","Immolate"],"picked":"Feed","floor":16.0},{"not_picked":["Twin Strike","Rage"],"picked":"Battle Trance","floor":18.0},{"not_picked":["Headbutt","Armaments"],"picked":"Burning Pact","floor":19.0},{"not_picked":["Rampage+1","Blood for Blood"],"picked":"Reckless Charge","floor":20.0},{"not_picked":["Combust","Headbutt"],"picked":"Fire Breathing+1","floor":24.0},{"not_picked":["Wild Strike","Dual Wield"],"picked":"Ghostly Armor","floor":27.0},{"not_picked":["Perfected Strike","Warcry+1"],"picked":"Spot Weakness","floor":29.0}],"player_experience":1354741,"relics_obtained":[{"floor":7.0,"key":"Meat on the Bone"},{"floor":9.0,"key":"HornCleat"},{"floor":10.0,"key":"Mummified Hand"},{"floor":12.0,"key":"Smiling Mask"},{"floor":24.0,"key":"Red Skull"},{"floor":26.0,"key":"Bottled Lightning"},{"floor":27.0,"key":"Letter Opener"},{"floor":29.0,"key":"Anchor"},{"floor":31.0,"key":"Nilry\u0027s Codex"}],"event_choices":[{"damage_healed":0.0,"max_hp_gain":0.0,"max_hp_loss":0.0,"gold_gain":0.0,"event_name":"Upgrade Shrine","player_choice":"Upgraded","floor":3.0,"gold_loss":0.0,"damage_taken":0.0,"cards_upgraded":["Whirlwind"]},{"damage_healed":0.0,"max_hp_gain":0.0,"max_hp_loss":0.0,"gold_gain":0.0,"event_name":"Liars Game","player_choice":"Ignored","floor":11.0,"gold_loss":0.0,"damage_taken":0.0},{"cards_removed":["Defend_R"],"damage_healed":0.0,"max_hp_gain":0.0,"max_hp_loss":0.0,"gold_gain":0.0,"event_name":"Back to Basics","player_choice":"Elegance","floor":22.0,"gold_loss":0.0,"damage_taken":0.0},{"damage_healed":0.0,"max_hp_gain":0.0,"max_hp_loss":0.0,"gold_gain":0.0,"cards_transformed":["Fire Breathing","Strike_R"],"event_name":"Drug Dealer","player_choice":"Became Test Subject","floor":30.0,"gold_loss":0.0,"damage_taken":0.0,"cards_obtained":["Limit Break","Flame Barrier"]},{"damage_healed":0.0,"max_hp_gain":0.0,"max_hp_loss":0.0,"gold_gain":0.0,"event_name":"Cursed Tome","player_choice":"Obtained Book","floor":31.0,"gold_loss":0.0,"damage_taken":21.0}],"is_beta":false,"boss_relics":[{"not_picked":["Empty Cage","Cursed Key"],"picked":"Mark of Pain"}],"items_purged_floors":[21],"is_endless":false,"potions_floor_spawned":[5,10,12,13,16,18,19,24],"killed_by":"Collector","ascension_level":20}