{"gold_per_floor":[116,116,116,135,151,151,179,179,179,211,221,255,31,42,42,121,121,141,31,33,33,33,33,43,43],"floor_reached":25,"playtime":1346,"items_purged":["Strike_R"],"score":442,"play_id":"2ec365d3-fad2-4dd0-9d0f-9f319a47c440","local_time":"20221230041038","is_ascension_mode":true,"campfire_choices":[{"data":"Carnage","floor":6,"key":"SMITH"},{"data":"Pommel Strike","floor":8,"key":"SMITH"},{"data":"True Grit","floor":15,"key":"SMITH"},{"data":"RitualDagger","floor":23,"key":"SMITH"}],"neow_cost":"TEN_PERCENT_HP_LOSS","seed_source_timestamp":965303587130400,"circlet_count":0,"master_deck":["AscendersBane","Strike_R","Strike_R","Defend_R","Defend_R","Defend_R","Defend_R","Bash","Pommel Strike+1","Metallicize","Carnage+1","True Grit+1","Corruption","Dark Embrace","Seeing Red","Intimidate","Juggernaut","Seeing Red","Anger","RitualDagger+1","Headbutt"],"relics":["Burning Blood","Charon\u0027s Ashes","Meat on the Bone","InkBottle","The Courier","Blue Candle","StrikeDummy","Black Star"],"potions_floor_usage":[7,12,16,20],"damage_taken":[{"damage":1,"enemies":"2 Louse","floor":1,"turns":4},{"damage":6,"enemies":"Jaw Worm","floor":4,"turns":4},{"damage":7,"enemies":"Cultist","floor":5,"turns":4},{"damage":9,"enemies":"3 Sentries","floor":7,"turns":5},{"damage":19,"enemies":"Lagavulin","floor":10,"turns":6},{"damage":1,"enemies":"2 Fungi Beasts","floor":11,"turns":3},{"damage":17,"enemies":"Gremlin Nob","floor":12,"turns":4},{"damage":3,"enemies":"Blue Slaver","floor":14,"turns":3},{"damage":20,"enemies":"The Guardian","floor":16,"turns":14},{"damage":45,"enemies":"Shell Parasite","floor":18,"turns":7},{"damage":4,"enemies":"2 Thieves","floor":20,"turns":4},{"damage":28,"enemies":"Snake Plant","floor":24,"turns":4},{"damage":36,"enemies":"Shelled Parasite and Fungi","floor":25,"turns":3}],"seed_played":"5293618907451896461","potions_obtained":[{"floor":5,"key":"Explosive Potion"},{"floor":10,"key":"Block Potion"},{"floor":12,"key":"HeartOfIron"},{"floor":14,"key":"SteroidPotion"}],"is_trial":false,"path_per_floor":["M","?","T","M","M","R","E","R","T","E","M","E","$","M","R","B",null,"M","$","M","?","?","R","M","M"],"character_chosen":"IRONCLAD","items_purchased":["Dark Embrace","Seeing Red","Intimidate","Seeing Red","Block Potion"],"campfire_rested":0,"item_purchase_floors":[13,13,13,19,19],"current_hp_per_floor":[68,61,61,61,60,60,57,57,57,44,49,50,50,53,53,51,64,37,37,51,45,45,45,35,0],"gold":43,"neow_bonus":"ONE_RARE_RELIC","is_prod":false,"is_daily":false,"chose_seed":false,"campfire_upgraded":4,"win_rate":0,"timestamp":1672391438,"path_taken":["M","?","?","M","M","R","E","R","T","E","?","E","?","M","R","BOSS","M","$","M","?","?","R","M","?"],"build_version":"2022-12-18","purchased_purges":1,"victory":false,"max_hp_per_floor":[68,68,68,68,68,68,68,68,68,68,68,68,68,68,68,68,68,68,68,68,68,68,68,68,68],"relic_stats":{"counters":[13,65],"Blue Candle":[0],"Charon\u0027s Ashes":[149],"The Courier":84,"Black Star":0,"obtain_stats":[{"Blue Candle":10,"Charon\u0027s Ashes":0,"The Courier":9,"Black Star":17,"StrikeDummy":12,"Burning Blood":0,"InkBottle":7,"Meat on the Bone":3},{"Blue Candle":5,"Charon\u0027s Ashes":0,"The Courier":4,"Black Star":9,"StrikeDummy":7,"Burning Blood":0,"InkBottle":4,"Meat on the Bone":1},{"Blue Candle":23,"Charon\u0027s Ashes":0,"The Courier":17,"Black Star":47,"StrikeDummy":30,"Burning Blood":0,"InkBottle":17,"Meat on the Bone":4}],"Burning Blood":67,"InkBottle":[10],"Meat on the Bone":60},"card_choices":[{"not_picked":["Warcry","Sever Soul"],"picked":"Pommel Strike","floor":1},{"not_picked":["Shrug It Off","Body Slam"],"picked":"Metallicize","floor":4},{"not_picked":["Heavy Blade","Pommel Strike"],"picked":"Carnage","floor":5},{"not_picked":["Perfected Strike","Sword Boomerang","Dropkick"],"picked":"SKIP","floor":7},{"not_picked":["Entrench","Headbutt"],"picked":"True Grit","floor":10},{"not_picked":["Twin Strike","Searing Blow","Sword Boomerang"],"picked":"SKIP","floor":11},{"not_picked":["Iron Wave","Flame Barrier"],"picked":"Corruption","floor":12},{"not_picked":["Dropkick","Clothesline","Rage"],"picked":"SKIP","floor":14},{"not_picked":["Feed","Corruption"],"picked":"Juggernaut","floor":16},{"not_picked":["Cleave","Iron Wave+1","Dropkick"],"picked":"SKIP","floor":18},{"not_picked":["Twin Strike","Heavy Blade"],"picked":"Anger","floor":20},{"not_picked":["True Grit","Perfected Strike"],"picked":"Headbutt","floor":24}],"player_experience":1363642,"relics_obtained":[{"floor":3,"key":"Meat on the Bone"},{"floor":7,"key":"InkBottle"},{"floor":9,"key":"The Courier"},{"floor":10,"key":"Blue Candle"},{"floor":12,"key":"StrikeDummy"}],"event_choices":[{"cards_removed":["Strike_R"],"damage_healed":0,"gold_gain":0,"player_choice":"Card Removal","damage_taken":7,"max_hp_gain":0,"max_hp_loss":0,"event_name":"Golden Wing","floor":2,"gold_loss":0},{"damage_healed":0,"gold_gain":0,"player_choice":"Joined the Cult","damage_taken":6,"max_hp_gain":0,"max_hp_loss":0,"event_name":"Nest","floor":21,"gold_loss":0,"cards_obtained":["RitualDagger"]},{"cards_removed":["Strike_R"],"damage_healed":0,"gold_gain":0,"player_choice":"Offered Basic","damage_taken":0,"max_hp_gain":0,"max_hp_loss":0,"event_name":"Bonfire Elementals","floor":22,"gold_loss":0}],"is_beta":false,"boss_relics":[{"not_picked":["Runic Cube","Busted Crown"],"picked":"Black Star"}],"items_purged_floors":[13],"is_endless":false,"potions_floor_spawned":[5,10,12,14],"killed_by":"Shelled Parasite and Fungi","ascension_level":20}