{"gold_per_floor":[113,113,113,127,142,178,178,221,221,221],"floor_reached":10,"playtime":497,"items_purged":[],"score":152,"play_id":"0f61ebcc-8ffc-4b1c-b0f6-696ae57cb7cf","local_time":"20221228221340","is_ascension_mode":true,"campfire_choices":[{"floor":7,"key":"REST"}],"neow_cost":"NONE","seed_source_timestamp":858338448519100,"circlet_count":0,"master_deck":["AscendersBane","Strike_R","Strike_R","Strike_R","Strike_R","Defend_R","Defend_R","Defend_R","Defend_R","Bash+1","Anger","Shrug It Off","Cleave","Dark Embrace","Havoc+1"],"relics":["Burning Blood","Golden Idol","Self Forming Clay","Toxic Egg 2","Darkstone Periapt"],"potions_floor_usage":[6,10],"damage_taken":[{"damage":7,"enemies":"Small Slimes","floor":1,"turns":3},{"damage":3,"enemies":"2 Louse","floor":4,"turns":4},{"damage":0,"enemies":"Jaw Worm","floor":5,"turns":3},{"damage":56,"enemies":"Gremlin Nob","floor":6,"turns":5},{"damage":29,"enemies":"3 Sentries","floor":8,"turns":9},{"damage":18,"enemies":"The Mushroom Lair","floor":10,"turns":5}],"seed_played":"-8079910122246924267","potions_obtained":[{"floor":4,"key":"Swift Potion"},{"floor":8,"key":"ColorlessPotion"}],"is_trial":false,"path_per_floor":["M","?","?","M","M","E","R","E","T","?"],"character_chosen":"IRONCLAD","items_purchased":[],"campfire_rested":1,"item_purchase_floors":[],"current_hp_per_floor":[67,67,67,68,68,18,38,15,15,0],"gold":221,"neow_bonus":"UPGRADE_CARD","is_prod":false,"is_daily":false,"chose_seed":false,"campfire_upgraded":0,"win_rate":0,"timestamp":1672283620,"path_taken":["M","?","?","M","M","E","R","E","T","?"],"build_version":"2022-12-18","purchased_purges":0,"victory":false,"max_hp_per_floor":[75,75,68,68,68,68,68,68,68,68],"relic_stats":{"Darkstone Periapt":0,"counters":[6,29],"Golden Idol":28,"Self Forming Clay":[27],"obtain_stats":[{"Darkstone Periapt":9,"Golden Idol":3,"Self Forming Clay":6,"Toxic Egg 2":8,"Burning Blood":0},{"Darkstone Periapt":5,"Golden Idol":1,"Self Forming Clay":4,"Toxic Egg 2":5,"Burning Blood":0},{"Darkstone Periapt":24,"Golden Idol":3,"Self Forming Clay":15,"Toxic Egg 2":24,"Burning Blood":0}],"Burning Blood":22},"card_choices":[{"not_picked":["Pommel Strike","Second Wind"],"picked":"Anger","floor":1},{"not_picked":["Clash","Warcry","Sentinel"],"picked":"SKIP","floor":4},{"not_picked":["Shockwave","Flex"],"picked":"Cleave","floor":5},{"not_picked":["Body Slam","Sword Boomerang"],"picked":"Dark Embrace","floor":6},{"not_picked":["Anger","Sever Soul"],"picked":"Havoc+1","floor":8}],"player_experience":1362117,"relics_obtained":[{"floor":6,"key":"Self Forming Clay"},{"floor":8,"key":"Toxic Egg 2"},{"floor":9,"key":"Darkstone Periapt"}],"event_choices":[{"damage_healed":0,"gold_gain":0,"cards_transformed":["Strike_R"],"player_choice":"Change","damage_taken":0,"max_hp_gain":0,"max_hp_loss":0,"event_name":"Living Wall","floor":2,"gold_loss":0,"cards_obtained":["Shrug It Off"]},{"damage_healed":0,"gold_gain":0,"player_choice":"Lose Max HP","damage_taken":0,"relics_obtained":["Golden Idol"],"max_hp_gain":0,"max_hp_loss":7,"event_name":"Golden Idol","floor":3,"gold_loss":0},{"damage_healed":0,"gold_gain":0,"player_choice":"Fought Mushrooms","damage_taken":0,"max_hp_gain":0,"max_hp_loss":0,"event_name":"Mushrooms","floor":10,"gold_loss":0}],"is_beta":false,"boss_relics":[],"items_purged_floors":[],"is_endless":false,"potions_floor_spawned":[4,8],"killed_by":"The Mushroom Lair","ascension_level":20}