{"gold_per_floor":[115,132,132,151,205,205,239,239,239,252,252,278,292,357,357,435,435,435,435,435,195,195,195,195,195,195,195,195,195,195,195,195,195],"floor_reached":33,"playtime":1247,"items_purged":["Strike_R"],"score":647,"play_id":"99720133-a961-4fc8-8979-f48e18bde495","local_time":"20221226234501","is_ascension_mode":true,"campfire_choices":[{"data":"Wild Strike","floor":6.0,"key":"SMITH"},{"data":"Bash","floor":8.0,"key":"SMITH"},{"data":"Metallicize","floor":15,"key":"SMITH"},{"data":"Feed","floor":24,"key":"SMITH"},{"data":"Corruption","floor":29,"key":"SMITH"},{"data":"Shockwave","floor":32,"key":"SMITH"}],"neow_cost":"NONE","seed_source_timestamp":690263360976300,"circlet_count":0,"master_deck":["AscendersBane","Strike_R+1","Strike_R+1","Strike_R+1","Defend_R+1","Defend_R+1","Defend_R+1","Defend_R+1","Bash+1","Swift Strike+1","Wild Strike+1","Disarm","Metallicize+1","Corruption+1","Shrug It Off","Whirlwind+1","Anger","Feed+1","Shockwave+1"],"special_seed":0,"relics":["Burning Blood","Red Skull","Torii","Orichalcum","Meat on the Bone","Whetstone","Ectoplasm","Frozen Eye","Frozen Egg 2","Singing Bowl","Toy Ornithopter","Strawberry"],"potions_floor_usage":[19,23],"damage_taken":[{"damage":9.0,"enemies":"2 Louse","floor":1.0,"turns":3.0},{"damage":2.0,"enemies":"Jaw Worm","floor":2.0,"turns":3.0},{"damage":14.0,"enemies":"Small Slimes","floor":4.0,"turns":4.0},{"damage":28.0,"enemies":"Lagavulin","floor":7.0,"turns":7.0},{"damage":2.0,"enemies":"Looter","floor":10.0,"turns":4.0},{"damage":12.0,"enemies":"Gremlin Nob","floor":12.0,"turns":4.0},{"damage":1.0,"enemies":"2 Fungi Beasts","floor":13.0,"turns":3.0},{"damage":30.0,"enemies":"Lagavulin Event","floor":14.0,"turns":5.0},{"damage":1,"enemies":"Hexaghost","floor":16,"turns":8},{"damage":13,"enemies":"Spheric Guardian","floor":18,"turns":5},{"damage":0,"enemies":"2 Thieves","floor":19,"turns":1},{"damage":33,"enemies":"Slavers","floor":23,"turns":6},{"damage":14,"enemies":"Book of Stabbing","floor":27,"turns":6},{"damage":1,"enemies":"Centurion and Healer","floor":30,"turns":7},{"damage":28,"enemies":"Slavers","floor":31,"turns":5},{"damage":86,"enemies":"Automaton","floor":33,"turns":8}],"seed_played":"-8449730580910668808","potions_obtained":[{"floor":2.0,"key":"GamblersBrew"},{"floor":7.0,"key":"PowerPotion"},{"floor":10.0,"key":"PowerPotion"},{"floor":12.0,"key":"PowerPotion"},{"floor":16,"key":"SteroidPotion"}],"is_trial":false,"path_per_floor":["M","M","?","M","T","R","E","R","T","M","?","E","M","?","R","B",null,"M","M","?","$","?","E","R","?","T","E","?","R","M","E","R","B"],"character_chosen":"IRONCLAD","items_purchased":["Frozen Eye"],"campfire_rested":0,"item_purchase_floors":[21],"current_hp_per_floor":[65,69,74,66,66,66,44,44,44,48,41,35,52,40,40,57,74,70,76,76,76,76,52,52,52,52,58,58,58,69,72,72,0],"gold":195,"neow_bonus":"RANDOM_COLORLESS","is_prod":false,"is_daily":false,"chose_seed":false,"campfire_upgraded":6,"win_rate":0,"timestamp":1672116301,"path_taken":["M","M","?","M","?","R","E","R","T","M","?","E","M","?","R","BOSS","M","M","?","$","?","E","R","?","T","E","?","R","M","E","R","BOSS"],"build_version":"2022-12-18","purchased_purges":1,"victory":false,"max_hp_per_floor":[75,75,80,80,80,80,80,80,80,80,80,80,80,80,80,80,80,83,83,83,83,83,86,86,86,86,88,88,88,94,107,107,107],"relic_stats":{"Frozen Eye":0.0,"Torii":15,"Singing Bowl":6,"counters":[16,79],"Ectoplasm":212,"Whetstone":["Swift Strike","Whirlwind"],"Orichalcum":[156],"obtain_stats":[{"Frozen Eye":21,"Torii":7,"Singing Bowl":26,"Strawberry":31,"Ectoplasm":17,"Whetstone":14,"Orichalcum":9,"Frozen Egg 2":23,"Burning Blood":0,"Red Skull":5,"Toy Ornithopter":27,"Meat on the Bone":12},{"Frozen Eye":11,"Torii":4,"Singing Bowl":12,"Strawberry":15,"Ectoplasm":9,"Whetstone":8,"Orichalcum":4,"Frozen Egg 2":12,"Burning Blood":0,"Red Skull":3,"Toy Ornithopter":13,"Meat on the Bone":6},{"Frozen Eye":47,"Torii":17,"Singing Bowl":53,"Strawberry":71,"Ectoplasm":41,"Whetstone":33,"Orichalcum":17,"Frozen Egg 2":53,"Burning Blood":0,"Red Skull":10,"Toy Ornithopter":59,"Meat on the Bone":25}],"Burning Blood":90,"Toy Ornithopter":0,"Meat on the Bone":60},"card_choices":[{"not_picked":["Deep Breath","Mind Blast"],"picked":"Swift Strike","floor":0.0},{"not_picked":["Seeing Red","Clash","Thunderclap"],"picked":"SKIP","floor":1.0},{"not_picked":["Clash","Evolve"],"picked":"Wild Strike","floor":2.0},{"not_picked":["Infernal Blade","Body Slam"],"picked":"Disarm","floor":4.0},{"not_picked":["Hemokinesis","Warcry"],"picked":"Metallicize","floor":7.0},{"not_picked":["Shrug It Off","Blood for Blood"],"picked":"Corruption","floor":10.0},{"not_picked":["Havoc","Hemokinesis"],"picked":"Shrug It Off","floor":12.0},{"not_picked":["Body Slam","Inflame"],"picked":"Whirlwind","floor":13.0},{"not_picked":["Spot Weakness","Searing Blow"],"picked":"Anger","floor":14},{"not_picked":["Impervious","Brutality"],"picked":"Feed","floor":16},{"not_picked":["Carnage","Cleave","Wild Strike"],"picked":"SKIP","floor":18},{"not_picked":["Armaments","Twin Strike","Wild Strike"],"picked":"SKIP","floor":19},{"not_picked":["Armaments","Twin Strike","Wild Strike"],"picked":"SKIP","floor":19},{"not_picked":["Double Tap","Whirlwind","Armaments"],"picked":"SKIP","floor":23},{"not_picked":["Clothesline","Infernal Blade","Blood for Blood"],"picked":"Singing Bowl","floor":27},{"not_picked":["Shrug It Off","Cleave","Iron Wave"],"picked":"Singing Bowl","floor":30},{"not_picked":["Ghostly Armor","True Grit","Headbutt"],"picked":"Singing Bowl","floor":31}],"player_experience":1337927,"relics_obtained":[{"floor":5.0,"key":"Red Skull"},{"floor":7.0,"key":"Torii"},{"floor":9.0,"key":"Orichalcum"},{"floor":12.0,"key":"Meat on the Bone"},{"floor":14,"key":"Whetstone"},{"floor":23,"key":"Frozen Egg 2"},{"floor":26,"key":"Singing Bowl"},{"floor":27,"key":"Toy Ornithopter"},{"floor":31,"key":"Strawberry"}],"event_choices":[{"damage_healed":0.0,"max_hp_gain":5.0,"max_hp_loss":0.0,"gold_gain":0.0,"event_name":"Big Fish","player_choice":"Donut","floor":3.0,"gold_loss":0.0,"damage_taken":0.0},{"cards_removed":["Strike_R"],"damage_healed":0.0,"max_hp_gain":0.0,"max_hp_loss":0.0,"gold_gain":0.0,"event_name":"Golden Wing","player_choice":"Card Removal","floor":11.0,"gold_loss":0.0,"damage_taken":7.0},{"damage_healed":0.0,"max_hp_gain":0.0,"max_hp_loss":0.0,"gold_gain":0.0,"event_name":"Dead Adventurer","player_choice":"Searched \u00272\u0027 times","floor":14.0,"gold_loss":0.0,"damage_taken":0.0},{"damage_healed":0,"gold_gain":0,"player_choice":"Ignored","damage_taken":0,"max_hp_gain":0,"max_hp_loss":0,"event_name":"The Mausoleum","floor":20,"gold_loss":0},{"damage_healed":0,"gold_gain":0,"player_choice":"Simplicity","damage_taken":0,"max_hp_gain":0,"max_hp_loss":0,"event_name":"Back to Basics","floor":22,"gold_loss":0,"cards_upgraded":["Strike_R","Strike_R","Strike_R","Defend_R","Defend_R","Defend_R","Defend_R"]},{"damage_healed":0,"gold_gain":0,"player_choice":"Read","damage_taken":0,"max_hp_gain":0,"max_hp_loss":0,"event_name":"The Library","floor":25,"gold_loss":0,"cards_obtained":["Shockwave"]},{"damage_healed":0,"gold_gain":0,"player_choice":"Ignored","damage_taken":0,"max_hp_gain":0,"max_hp_loss":0,"event_name":"Vampires","floor":28,"gold_loss":0}],"is_beta":false,"boss_relics":[{"not_picked":["Tiny House","Black Blood"],"picked":"Ectoplasm"}],"items_purged_floors":[21],"is_endless":false,"potions_floor_spawned":[2,7,10,12,16,18],"killed_by":"Automaton","ascension_level":20}