{"gold_per_floor":[118,43,118,132,148,148,108,143,179,201,213,256,268,292,304,316],"floor_reached":16,"playtime":486,"items_purged":["Strike_R"],"score":220,"play_id":"0747dba8-36b2-4eee-b440-be413d492beb","local_time":"20230105004453","is_ascension_mode":true,"campfire_choices":[{"data":"Carnage","floor":6,"key":"SMITH"},{"data":"Infernal Blade","floor":11,"key":"SMITH"},{"data":"Spot Weakness","floor":15,"key":"SMITH"}],"neow_cost":"NONE","seed_source_timestamp":1472209113235900,"circlet_count":0,"master_deck":["AscendersBane","Strike_R","Strike_R","Strike_R","Strike_R","Defend_R","Defend_R","Defend_R","Defend_R","Bash","Carnage+1","Dark Embrace","Infernal Blade+1","Feel No Pain","Battle Trance","Ghostly Armor","Shrug It Off","Spot Weakness+1","Feed"],"relics":["Burning Blood","MawBank","Orichalcum","PreservedInsect","Shuriken"],"potions_floor_usage":[8,16,16],"damage_taken":[{"damage":7,"enemies":"Jaw Worm","floor":1,"turns":2},{"damage":8,"enemies":"2 Louse","floor":4,"turns":2},{"damage":7,"enemies":"Cultist","floor":5,"turns":4},{"damage":1,"enemies":"Looter","floor":7,"turns":4},{"damage":11,"enemies":"3 Sentries","floor":8,"turns":7},{"damage":6,"enemies":"Exordium Wildlife","floor":10,"turns":4},{"damage":5,"enemies":"Gremlin Nob","floor":12,"turns":3},{"damage":3,"enemies":"Exordium Thugs","floor":14,"turns":4},{"damage":31,"enemies":"Hexaghost","floor":16,"turns":9}],"seed_played":"7997148481234484959","potions_obtained":[{"floor":1,"key":"Explosive Potion"},{"floor":8,"key":"DistilledChaos"},{"floor":12,"key":"SkillPotion"},{"floor":14,"key":"Fruit Juice"}],"is_trial":false,"path_per_floor":["M","$","?","M","M","R","M","E","T","M","R","E","?","M","R","B"],"character_chosen":"IRONCLAD","items_purchased":[],"campfire_rested":0,"item_purchase_floors":[],"current_hp_per_floor":[67,67,56,54,53,53,58,53,53,53,53,54,19,22,22,0],"gold":316,"neow_bonus":"THREE_CARDS","is_prod":false,"is_daily":false,"chose_seed":false,"campfire_upgraded":3,"win_rate":0,"timestamp":1672897493,"path_taken":["M","$","?","M","M","R","M","E","T","M","R","E","?","?","R","BOSS"],"build_version":"2022-12-18","purchased_purges":1,"victory":false,"max_hp_per_floor":[75,75,75,75,75,75,75,75,75,75,75,75,75,75,75,80],"relic_stats":{"counters":[9,39],"Shuriken":[1],"PreservedInsect":0,"Orichalcum":[48],"MawBank":96,"obtain_stats":[{"Shuriken":13,"PreservedInsect":12,"Orichalcum":9,"MawBank":8,"Burning Blood":0},{"Shuriken":7,"PreservedInsect":7,"Orichalcum":5,"MawBank":5,"Burning Blood":0},{"Shuriken":26,"PreservedInsect":26,"Orichalcum":19,"MawBank":19,"Burning Blood":0}],"Burning Blood":48},"card_choices":[{"not_picked":["Wild Strike","Infernal Blade"],"picked":"Carnage","floor":0},{"not_picked":["Hemokinesis","Dropkick"],"picked":"Dark Embrace","floor":1},{"not_picked":["Perfected Strike","Heavy Blade"],"picked":"Infernal Blade","floor":4},{"not_picked":["Pummel","Clothesline"],"picked":"Feel No Pain","floor":5},{"not_picked":["Uppercut","Rupture"],"picked":"Battle Trance","floor":7},{"not_picked":["Body Slam","Limit Break"],"picked":"Ghostly Armor","floor":8},{"not_picked":["Clothesline","Power Through"],"picked":"Shrug It Off","floor":10},{"not_picked":["Flame Barrier","Clash"],"picked":"Spot Weakness","floor":12},{"not_picked":["Iron Wave","Warcry"],"picked":"Feed","floor":14}],"player_experience":1368837,"relics_obtained":[{"floor":8,"key":"MawBank"},{"floor":9,"key":"Orichalcum"},{"floor":12,"key":"PreservedInsect"}],"event_choices":[{"damage_healed":0,"gold_gain":75,"player_choice":"Gather Gold","damage_taken":11,"max_hp_gain":0,"max_hp_loss":0,"event_name":"World of Goop","floor":3,"gold_loss":0},{"damage_healed":0,"gold_gain":0,"player_choice":"Success","damage_taken":35,"relics_obtained":["Shuriken"],"max_hp_gain":0,"max_hp_loss":0,"event_name":"Scrap Ooze","floor":13,"gold_loss":0}],"is_beta":false,"boss_relics":[],"items_purged_floors":[2],"is_endless":false,"potions_floor_spawned":[1,8,12,14],"killed_by":"Hexaghost","ascension_level":20}