{"gold_per_floor":[118,193,206,218,233,233,264,280,280,292,323,335,61,92,92,168,168,186,101,127,141,141,141,84,110,110,110],"floor_reached":27,"playtime":1301,"items_purged":["Strike_R"],"score":506,"play_id":"9c8deb99-5365-4f07-99b3-76075913154a","local_time":"20221227070749","is_ascension_mode":true,"campfire_choices":[{"data":"Apotheosis","floor":6,"key":"SMITH"},{"data":"Offering","floor":15,"key":"SMITH"},{"data":"Master of Strategy","floor":23,"key":"SMITH"}],"neow_cost":"TEN_PERCENT_HP_LOSS","seed_source_timestamp":716785815329700,"circlet_count":0,"master_deck":["AscendersBane","Strike_R","Strike_R","Strike_R","Strike_R","Defend_R","Defend_R","Defend_R","Defend_R","Bash","Apotheosis+1","Body Slam","Battle Trance","Uppercut","Headbutt","Master of Strategy+1","Offering+1","Barricade","CurseOfTheBell","Pommel Strike"],"relics":["Burning Blood","Sundial","Eternal Feather","Anchor","WingedGreaves","Calling Bell","Red Skull","Pear","Du-Vu Doll","Meat on the Bone","Red Mask","Ancient Tea Set","Molten Egg 2"],"potions_floor_usage":[11,16,20,25,27],"damage_taken":[{"damage":3,"enemies":"Cultist","floor":1,"turns":4},{"damage":0,"enemies":"Small Slimes","floor":3,"turns":4},{"damage":0,"enemies":"2 Louse","floor":4,"turns":3},{"damage":8,"enemies":"2 Fungi Beasts","floor":5,"turns":5},{"damage":12,"enemies":"Lagavulin","floor":7,"turns":7},{"damage":4,"enemies":"3 Louse","floor":8,"turns":4},{"damage":1,"enemies":"Exordium Thugs","floor":10,"turns":3},{"damage":31,"enemies":"3 Sentries","floor":11,"turns":9},{"damage":0,"enemies":"Looter","floor":12,"turns":5},{"damage":29,"enemies":"Gremlin Nob","floor":14,"turns":4},{"damage":32,"enemies":"Hexaghost","floor":16,"turns":8},{"damage":10,"enemies":"Chosen","floor":18,"turns":5},{"damage":18,"enemies":"Masked Bandits","floor":20,"turns":5},{"damage":15,"enemies":"Shell Parasite","floor":21,"turns":3},{"damage":46,"enemies":"Gremlin Leader","floor":25,"turns":6},{"damage":42,"enemies":"Slavers","floor":27,"turns":3}],"seed_played":"47675092839535101","potions_obtained":[{"floor":1,"key":"Regen Potion"},{"floor":5,"key":"SpeedPotion"},{"floor":8,"key":"Fire Potion"},{"floor":11,"key":"GamblersBrew"},{"floor":25,"key":"SteroidPotion"}],"is_trial":false,"path_per_floor":["M","?","M","M","M","R","E","M","T","M","E","M","$","E","R","B",null,"M","?","?","M","?","R","$","E","T","E"],"character_chosen":"IRONCLAD","items_purchased":["Master of Strategy","Fire Potion"],"campfire_rested":0,"item_purchase_floors":[13,24],"current_hp_per_floor":[68,57,63,68,66,66,60,62,62,67,57,63,63,40,49,23,67,63,63,51,54,54,66,66,38,38,0],"gold":110,"neow_bonus":"RANDOM_COLORLESS_2","is_prod":false,"is_daily":false,"chose_seed":false,"campfire_upgraded":3,"win_rate":0,"timestamp":1672142869,"path_taken":["M","?","M","M","M","R","E","M","T","M","E","M","$","E","R","BOSS","M","?","?","M","?","R","$","E","T","E"],"build_version":"2022-12-18","purchased_purges":1,"victory":false,"max_hp_per_floor":[68,68,68,68,68,68,68,68,68,68,68,68,68,68,68,68,78,78,78,78,78,78,78,78,78,78,78],"relic_stats":{"counters":[16,78],"Sundial":[14],"Eternal Feather":21,"WingedGreaves":0,"Ancient Tea Set":[0],"obtain_stats":[{"Pear":17,"Eternal Feather":9,"Ancient Tea Set":25,"Burning Blood":0,"Calling Bell":17,"Du-Vu Doll":17,"Anchor":11,"Sundial":7,"Molten Egg 2":26,"WingedGreaves":14,"Red Mask":20,"Red Skull":17,"Meat on the Bone":19},{"Pear":11,"Eternal Feather":6,"Ancient Tea Set":15,"Burning Blood":0,"Calling Bell":11,"Du-Vu Doll":11,"Anchor":8,"Sundial":5,"Molten Egg 2":15,"WingedGreaves":10,"Red Mask":13,"Red Skull":11,"Meat on the Bone":12},{"Pear":56,"Eternal Feather":27,"Ancient Tea Set":75,"Burning Blood":0,"Calling Bell":56,"Du-Vu Doll":56,"Anchor":39,"Sundial":23,"Molten Egg 2":75,"WingedGreaves":48,"Red Mask":66,"Red Skull":56,"Meat on the Bone":61}],"Burning Blood":86,"Meat on the Bone":24},"card_choices":[{"not_picked":["Metamorphosis","Panache"],"picked":"Apotheosis","floor":0},{"not_picked":["Combust","Body Slam","Warcry"],"picked":"SKIP","floor":1},{"not_picked":["True Grit","Combust","Body Slam"],"picked":"SKIP","floor":3},{"not_picked":["True Grit","Combust"],"picked":"Body Slam","floor":3},{"not_picked":["Shrug It Off","Body Slam"],"picked":"Battle Trance","floor":4},{"not_picked":["Inflame","Rupture"],"picked":"Uppercut","floor":5},{"not_picked":["Cleave","Flex","Havoc"],"picked":"SKIP","floor":7},{"not_picked":["Entrench","Exhume","Shrug It Off"],"picked":"SKIP","floor":8},{"not_picked":["Body Slam","Iron Wave"],"picked":"Headbutt","floor":10},{"not_picked":["Bloodletting","Wild Strike","Twin Strike"],"picked":"SKIP","floor":11},{"not_picked":["Havoc","Carnage","Flame Barrier"],"picked":"SKIP","floor":12},{"not_picked":["Uppercut","Bludgeon"],"picked":"Offering","floor":14},{"not_picked":["Double Tap","Berserk"],"picked":"Barricade","floor":16},{"not_picked":["Clothesline+1","Battle Trance","Clash"],"picked":"SKIP","floor":18},{"not_picked":["Clothesline+1","Battle Trance","Clash"],"picked":"SKIP","floor":18},{"not_picked":["Thunderclap","Combust"],"picked":"Pommel Strike","floor":20},{"not_picked":["Wild Strike","Pommel Strike","Sever Soul"],"picked":"SKIP","floor":21},{"not_picked":["Sever Soul","Rupture","Evolve+1"],"picked":"SKIP","floor":25}],"player_experience":1356168,"relics_obtained":[{"floor":7,"key":"Sundial"},{"floor":9,"key":"Eternal Feather"},{"floor":11,"key":"Anchor"},{"floor":14,"key":"WingedGreaves"},{"floor":17,"key":"Red Skull"},{"floor":17,"key":"Pear"},{"floor":17,"key":"Du-Vu Doll"},{"floor":20,"key":"Red Mask"},{"floor":25,"key":"Ancient Tea Set"},{"floor":26,"key":"Molten Egg 2"}],"event_choices":[{"damage_healed":0,"gold_gain":75,"player_choice":"Gather Gold","damage_taken":11,"max_hp_gain":0,"max_hp_loss":0,"event_name":"World of Goop","floor":2,"gold_loss":0},{"damage_healed":0,"gold_gain":0,"player_choice":"Obtained Relic","damage_taken":0,"relics_obtained":["Meat on the Bone"],"max_hp_gain":0,"max_hp_loss":0,"event_name":"Addict","floor":19,"gold_loss":85},{"damage_healed":0,"gold_gain":0,"player_choice":"Fought Bandits","damage_taken":0,"max_hp_gain":0,"max_hp_loss":0,"event_name":"Masked Bandits","floor":20,"gold_loss":0},{"damage_healed":0,"gold_gain":0,"player_choice":"Ignored","damage_taken":0,"max_hp_gain":0,"max_hp_loss":0,"event_name":"Beggar","floor":22,"gold_loss":0}],"is_beta":false,"boss_relics":[{"not_picked":["Sozu","SacredBark"],"picked":"Calling Bell"}],"items_purged_floors":[13],"is_endless":false,"potions_floor_spawned":[1,5,8,11,12,25],"killed_by":"Slavers","ascension_level":20}