{"gold_per_floor":[13,30,30,30,44,44,83,83,83,83,108,108,131,162,162,255,255,279,10,10,23,23],"floor_reached":22,"playtime":767,"items_purged":[],"score":413,"play_id":"833d7550-fd80-40eb-bea4-9b938653f7c0","local_time":"20230101211104","is_ascension_mode":true,"campfire_choices":[{"data":"Hemokinesis","floor":6.0,"key":"SMITH"},{"floor":12.0,"key":"REST"},{"data":"Armaments","floor":15.0,"key":"SMITH"}],"neow_cost":"NO_GOLD","seed_source_timestamp":1199891067812500,"circlet_count":0,"master_deck":["AscendersBane","Defend_R","Defend_R","Defend_R","Defend_R","Bash","Rupture","Pommel Strike","Combust","Hemokinesis+1","Brutality","Armaments+1","Dual Wield","Pommel Strike","Fiend Fire","Heavy Blade+1","Immolate","Bite","Bite","Bite","Bite","Bite","Intimidate"],"special_seed":0,"relics":["Burning Blood","Golden Idol","Bird Faced Urn","The Courier","Potion Belt","Runic Pyramid","Toolbox"],"potions_floor_usage":[],"damage_taken":[{"damage":14.0,"enemies":"2 Louse","floor":1.0,"turns":7.0},{"damage":4.0,"enemies":"Small Slimes","floor":2.0,"turns":4.0},{"damage":9.0,"enemies":"Jaw Worm","floor":5.0,"turns":4.0},{"damage":32.0,"enemies":"3 Sentries","floor":7.0,"turns":6.0},{"damage":19.0,"enemies":"Blue Slaver","floor":11.0,"turns":4.0},{"damage":4.0,"enemies":"Exordium Wildlife","floor":13.0,"turns":3.0},{"damage":35.0,"enemies":"Lagavulin","floor":14.0,"turns":7.0},{"damage":45.0,"enemies":"Hexaghost","floor":16.0,"turns":8.0},{"damage":49.0,"enemies":"3 Byrds","floor":18.0,"turns":5.0},{"damage":27,"enemies":"Shell Parasite","floor":21,"turns":4},{"damage":10,"enemies":"Shelled Parasite and Fungi","floor":22,"turns":1}],"seed_played":"-3988475239464128349","potions_obtained":[{"floor":11.0,"key":"EntropicBrew"},{"floor":13.0,"key":"Ancient Potion"},{"floor":21,"key":"LiquidBronze"}],"is_trial":false,"path_per_floor":["M","M","?","?","M","R","E","?","T","?","M","R","M","E","R","B",null,"M","$","?","M","M"],"character_chosen":"IRONCLAD","items_purchased":["Immolate","Toolbox"],"campfire_rested":1,"item_purchase_floors":[19,19],"current_hp_per_floor":[60,62,62,62,59,59,33,33,33,26,19,39,45,24,24,16,55,16,16,16,7,0],"gold":23,"neow_bonus":"TRANSFORM_TWO_CARDS","is_prod":false,"is_daily":false,"chose_seed":false,"campfire_upgraded":2,"win_rate":0,"timestamp":1672625464,"path_taken":["M","M","?","?","M","R","E","?","T","?","M","R","M","E","R","BOSS","M","$","?","M","M"],"build_version":"2022-12-18","purchased_purges":0,"victory":false,"max_hp_per_floor":[75,75,68,68,68,68,68,68,68,68,68,68,68,68,68,68,68,68,68,47,47,47],"relic_stats":{"counters":[11,53],"Golden Idol":54,"Bird Faced Urn":[34],"The Courier":67,"obtain_stats":[{"Potion Belt":14,"Golden Idol":3,"Bird Faced Urn":7,"Toolbox":19,"The Courier":9,"Burning Blood":0,"Runic Pyramid":17},{"Potion Belt":7,"Golden Idol":2,"Bird Faced Urn":4,"Toolbox":9,"The Courier":4,"Burning Blood":0,"Runic Pyramid":8},{"Potion Belt":35,"Golden Idol":11,"Bird Faced Urn":21,"Toolbox":48,"The Courier":21,"Burning Blood":0,"Runic Pyramid":43}],"Burning Blood":60},"card_choices":[{"not_picked":["Armaments","Second Wind"],"picked":"Pommel Strike","floor":1.0},{"not_picked":["Heavy Blade","Seeing Red"],"picked":"Combust","floor":2.0},{"not_picked":["Shrug It Off","Anger"],"picked":"Hemokinesis","floor":5.0},{"not_picked":["Pommel Strike","Warcry"],"picked":"Brutality","floor":7.0},{"not_picked":["Evolve","Entrench"],"picked":"Armaments","floor":11.0},{"not_picked":["Heavy Blade","Flex"],"picked":"Dual Wield","floor":13.0},{"not_picked":["Infernal Blade","Dark Embrace"],"picked":"Pommel Strike","floor":14.0},{"not_picked":["Exhume","Juggernaut"],"picked":"Fiend Fire","floor":16.0},{"not_picked":["Burning Pact","Twin Strike"],"picked":"Heavy Blade+1","floor":18.0},{"not_picked":["Cleave","Clothesline+1"],"picked":"Intimidate","floor":21}],"player_experience":1367004,"relics_obtained":[{"floor":7.0,"key":"Bird Faced Urn"},{"floor":9.0,"key":"The Courier"},{"floor":14.0,"key":"Potion Belt"}],"event_choices":[{"damage_healed":0.0,"max_hp_gain":0.0,"max_hp_loss":7.0,"gold_gain":0.0,"event_name":"Golden Idol","player_choice":"Lose Max HP","floor":3.0,"gold_loss":0.0,"damage_taken":0.0,"relics_obtained":["Golden Idol"]},{"damage_healed":0.0,"max_hp_gain":0.0,"max_hp_loss":0.0,"gold_gain":0.0,"event_name":"Liars Game","player_choice":"Ignored","floor":4.0,"gold_loss":0.0,"damage_taken":0.0},{"cards_removed":["Entrench"],"damage_healed":0.0,"max_hp_gain":0.0,"max_hp_loss":0.0,"gold_gain":0.0,"event_name":"Living Wall","player_choice":"Forget","floor":8.0,"gold_loss":0.0,"damage_taken":0.0},{"cards_removed":["Strike_R"],"damage_healed":0.0,"max_hp_gain":0.0,"max_hp_loss":0.0,"gold_gain":0.0,"event_name":"Golden Wing","player_choice":"Card Removal","floor":10.0,"gold_loss":0.0,"damage_taken":7.0},{"damage_healed":0,"gold_gain":0,"player_choice":"Became a vampire","damage_taken":0,"max_hp_gain":0,"max_hp_loss":21,"event_name":"Vampires","floor":20,"gold_loss":0,"cards_obtained":["Bite","Bite","Bite","Bite","Bite"]}],"is_beta":false,"boss_relics":[{"not_picked":["Philosopher\u0027s Stone","Busted Crown"],"picked":"Runic Pyramid"}],"items_purged_floors":[],"is_endless":false,"potions_floor_spawned":[11,13,21],"killed_by":"Shelled Parasite and Fungi","ascension_level":20}