{"gold_per_floor":[118,118,136,136,24,24,49,49,104,139,139,159,159,188,188,266,266,280,7,19,35,51,51,69,94,141,154,154,184,200,200,200,200],"floor_reached":33,"playtime":1481,"items_purged":["Doubt","Strike_R"],"score":710,"play_id":"ea7bf151-194a-40a6-bc98-842a60b24691","local_time":"20221230044508","is_ascension_mode":true,"campfire_choices":[{"data":"Bludgeon","floor":8.0,"key":"SMITH"},{"data":"Fiend Fire","floor":11.0,"key":"SMITH"},{"data":"Armaments","floor":13.0,"key":"SMITH"},{"data":"Pommel Strike","floor":15.0,"key":"SMITH"},{"data":"Burning Pact","floor":23.0,"key":"SMITH"},{"data":"Seeing Red","floor":28.0,"key":"SMITH"},{"floor":32,"key":"REST"}],"neow_cost":"CURSE","seed_source_timestamp":967201932649800,"circlet_count":0,"master_deck":["AscendersBane","Strike_R","Strike_R","Strike_R","Strike_R","Defend_R","Defend_R","Defend_R","Defend_R","Bash","Fiend Fire+1","Sword Boomerang","Metallicize","Fire Breathing","Armaments+1","Bludgeon+1","Burning Pact+1","Pommel Strike+1","Fiend Fire","Wild Strike+1","Havoc+1","Warcry","Intimidate","Seeing Red+1","Ghostly Armor","Demon Form","Anger","Disarm","Feel No Pain"],"special_seed":0,"relics":["Burning Blood","StoneCalendar","HornCleat","Ancient Tea Set","Toy Ornithopter","Shuriken","Runic Pyramid","Orrery","Letter Opener","Centennial Puzzle","Red Skull"],"potions_floor_usage":[29,33],"damage_taken":[{"damage":0.0,"enemies":"2 Louse","floor":1.0,"turns":3.0},{"damage":7.0,"enemies":"Jaw Worm","floor":3.0,"turns":2.0},{"damage":17.0,"enemies":"3 Sentries","floor":7.0,"turns":5.0},{"damage":30.0,"enemies":"Lagavulin","floor":10.0,"turns":6.0},{"damage":0.0,"enemies":"Small Slimes","floor":12.0,"turns":3.0},{"damage":0.0,"enemies":"3 Sentries","floor":14.0,"turns":4.0},{"damage":29.0,"enemies":"Hexaghost","floor":16.0,"turns":8.0},{"damage":0.0,"enemies":"Spheric Guardian","floor":18.0,"turns":3.0},{"damage":12.0,"enemies":"2 Thieves","floor":20.0,"turns":4.0},{"damage":10.0,"enemies":"Centurion and Healer","floor":21.0,"turns":4.0},{"damage":30.0,"enemies":"Shelled Parasite and Fungi","floor":22.0,"turns":4.0},{"damage":1.0,"enemies":"Snecko","floor":24.0,"turns":3.0},{"damage":33.0,"enemies":"Slavers","floor":25.0,"turns":4.0},{"damage":9.0,"enemies":"Snake Plant","floor":27.0,"turns":4.0},{"damage":6,"enemies":"Gremlin Leader","floor":29,"turns":3},{"damage":6,"enemies":"Chosen and Byrds","floor":30,"turns":5},{"damage":73,"enemies":"Collector","floor":33,"turns":6}],"seed_played":"-3441532074559672862","potions_obtained":[{"floor":1.0,"key":"LiquidBronze"},{"floor":3.0,"key":"ColorlessPotion"},{"floor":10.0,"key":"Strength Potion"},{"floor":27.0,"key":"SkillPotion"}],"is_trial":false,"path_per_floor":["M","?","M","T","$","?","E","R","T","E","R","M","R","E","R","B",null,"M","$","M","M","M","R","M","E","T","M","R","E","M","?","R","B"],"character_chosen":"IRONCLAD","items_purchased":["Fire Breathing","Orrery"],"campfire_rested":1,"item_purchase_floors":[5,19],"current_hp_per_floor":[74,79,78,78,78,78,67,67,67,43,43,49,49,55,55,32,68,74,74,68,64,40,40,45,23,23,20,20,25,25,25,49,0],"gold":200,"neow_bonus":"THREE_RARE_CARDS","is_prod":false,"is_daily":false,"chose_seed":false,"campfire_upgraded":6,"win_rate":0,"timestamp":1672393508,"path_taken":["M","?","M","?","$","?","E","R","T","E","R","M","R","E","R","BOSS","M","?","M","M","M","R","M","E","T","?","R","E","?","?","R","BOSS"],"build_version":"2022-12-18","purchased_purges":2,"victory":false,"max_hp_per_floor":[75,80,80,80,80,80,80,80,80,80,80,80,80,80,80,80,80,80,80,80,80,80,80,80,80,80,80,80,80,80,80,80,80],"relic_stats":{"Centennial Puzzle":[12],"counters":[17,71],"Shuriken":[7],"StoneCalendar":[52],"Letter Opener":[65],"Ancient Tea Set":[12],"obtain_stats":[{"Centennial Puzzle":26,"HornCleat":7,"Shuriken":14,"Orrery":19,"StoneCalendar":4,"Letter Opener":25,"Ancient Tea Set":9,"Burning Blood":0,"Toy Ornithopter":10,"Red Skull":29,"Runic Pyramid":17},{"Centennial Puzzle":13,"HornCleat":3,"Shuriken":6,"Orrery":8,"StoneCalendar":2,"Letter Opener":13,"Ancient Tea Set":3,"Burning Blood":0,"Toy Ornithopter":4,"Red Skull":15,"Runic Pyramid":7},{"Centennial Puzzle":53,"HornCleat":10,"Shuriken":23,"Orrery":34,"StoneCalendar":5,"Letter Opener":53,"Ancient Tea Set":10,"Burning Blood":0,"Toy Ornithopter":16,"Red Skull":60,"Runic Pyramid":31}],"Burning Blood":96,"Toy Ornithopter":15},"card_choices":[{"not_picked":["Demon Form","Offering"],"picked":"Fiend Fire","floor":0.0},{"not_picked":["True Grit","Warcry"],"picked":"Sword Boomerang","floor":1.0},{"not_picked":["Iron Wave","Headbutt"],"picked":"Metallicize","floor":3.0},{"not_picked":["Pommel Strike","Combust"],"picked":"Bludgeon","floor":7.0},{"not_picked":["Sentinel","Perfected Strike","Dropkick"],"picked":"SKIP","floor":10.0},{"not_picked":["Body Slam","Cleave"],"picked":"Burning Pact","floor":12.0},{"not_picked":["Clash","Twin Strike"],"picked":"Pommel Strike","floor":14.0},{"not_picked":["Reaper","Berserk"],"picked":"Fiend Fire","floor":16.0},{"not_picked":["Cleave","Shrug It Off"],"picked":"Wild Strike+1","floor":18.0},{"not_picked":["Warcry","Bloodletting"],"picked":"Havoc+1","floor":19.0},{"not_picked":["Brutality","Reckless Charge"],"picked":"Warcry","floor":19.0},{"not_picked":["Thunderclap","Sword Boomerang"],"picked":"Intimidate","floor":19.0},{"not_picked":["Armaments+1","Sword Boomerang","Perfected Strike"],"picked":"SKIP","floor":20.0},{"not_picked":["Twin Strike","Thunderclap"],"picked":"Seeing Red","floor":21.0},{"not_picked":["Havoc+1","Armaments"],"picked":"Ghostly Armor","floor":22.0},{"not_picked":["Flex","Metallicize","Havoc"],"picked":"SKIP","floor":24.0},{"not_picked":["Flex","Entrench"],"picked":"Demon Form","floor":25.0},{"not_picked":["Fire Breathing","Havoc"],"picked":"Anger","floor":27.0},{"not_picked":["Demon Form","Entrench","Twin Strike"],"picked":"SKIP","floor":29},{"not_picked":["Flame Barrier","Flex"],"picked":"Disarm","floor":30}],"player_experience":1365523,"relics_obtained":[{"floor":4.0,"key":"StoneCalendar"},{"floor":7.0,"key":"HornCleat"},{"floor":9.0,"key":"Ancient Tea Set"},{"floor":10.0,"key":"Toy Ornithopter"},{"floor":14.0,"key":"Shuriken"},{"floor":25.0,"key":"Letter Opener"},{"floor":26.0,"key":"Centennial Puzzle"},{"floor":29,"key":"Red Skull"}],"event_choices":[{"damage_healed":0.0,"max_hp_gain":5.0,"max_hp_loss":0.0,"gold_gain":0.0,"event_name":"Big Fish","player_choice":"Donut","floor":2.0,"gold_loss":0.0,"damage_taken":0.0},{"damage_healed":0.0,"max_hp_gain":0.0,"max_hp_loss":0.0,"gold_gain":0.0,"event_name":"Match and Keep!","player_choice":"1 cards matched","floor":6.0,"gold_loss":0.0,"damage_taken":0.0,"cards_obtained":["Armaments"]},{"damage_healed":0,"gold_gain":0,"player_choice":"Read","damage_taken":0,"max_hp_gain":0,"max_hp_loss":0,"event_name":"The Library","floor":31,"gold_loss":0,"cards_obtained":["Feel No Pain"]}],"is_beta":false,"boss_relics":[{"not_picked":["Sozu","Runic Dome"],"picked":"Runic Pyramid"}],"items_purged_floors":[5,19],"is_endless":false,"potions_floor_spawned":[1,3,10,18,24,27],"killed_by":"Collector","ascension_level":20}