{"gold_per_floor":[112,37,50,70,80,80,80,111,111,143,143,198,218,218,218,296,296,314,214,230,243,254,254],"floor_reached":23,"playtime":1066,"items_purged":["Writhe","Strike_R"],"score":406,"play_id":"1c3c7e91-72aa-4033-b86d-550b050e2632","local_time":"20230105003639","is_ascension_mode":true,"campfire_choices":[{"data":"Armaments","floor":6.0,"key":"SMITH"},{"floor":15.0,"key":"REST"}],"neow_cost":"CURSE","seed_source_timestamp":0,"circlet_count":0,"master_deck":["AscendersBane","Strike_R+1","Strike_R+1","Defend_R","Defend_R","Defend_R","Defend_R","Bash","Armaments+1","Rampage","Hemokinesis","Headbutt","Shrug It Off","Carnage+1","Battle Trance","Immolate","Power Through","Bloodletting","Intimidate","Anger"],"special_seed":0,"relics":["Burning Blood","Gremlin Horn","Sundial","Fusion Hammer"],"potions_floor_usage":[22,23],"damage_taken":[{"damage":7.0,"enemies":"Jaw Worm","floor":1.0,"turns":5.0},{"damage":7.0,"enemies":"Small Slimes","floor":3.0,"turns":5.0},{"damage":2.0,"enemies":"2 Louse","floor":4.0,"turns":4.0},{"damage":27.0,"enemies":"Exordium Wildlife","floor":5.0,"turns":6.0},{"damage":16.0,"enemies":"3 Sentries","floor":8.0,"turns":11.0},{"damage":17.0,"enemies":"Lagavulin","floor":10.0,"turns":7.0},{"damage":14.0,"enemies":"2 Fungi Beasts","floor":13.0,"turns":5.0},{"damage":25.0,"enemies":"Slime Boss","floor":16.0,"turns":9.0},{"damage":2,"enemies":"Spheric Guardian","floor":18,"turns":3},{"damage":13,"enemies":"2 Thieves","floor":20,"turns":3},{"damage":14,"enemies":"Snake Plant","floor":21,"turns":4},{"damage":19,"enemies":"Shelled Parasite and Fungi","floor":22,"turns":8},{"damage":42,"enemies":"Book of Stabbing","floor":23,"turns":5}],"seed_played":"4999151811706769018","potions_obtained":[{"floor":4.0,"key":"BloodPotion"},{"floor":5.0,"key":"Fire Potion"},{"floor":10.0,"key":"ColorlessPotion"},{"floor":22,"key":"SteroidPotion"}],"is_trial":false,"path_per_floor":["M","$","M","M","M","R","?","E","T","E","?","?","M","?","R","B",null,"M","$","M","M","M","E"],"character_chosen":"IRONCLAD","items_purchased":[],"campfire_rested":1,"item_purchase_floors":[],"current_hp_per_floor":[67,67,66,70,49,49,26,16,16,20,20,20,12,12,34,15,60,64,64,57,49,36,0],"gold":254,"neow_bonus":"TRANSFORM_TWO_CARDS","is_prod":false,"is_daily":false,"chose_seed":false,"campfire_upgraded":1,"win_rate":0,"timestamp":1672896999,"path_taken":["M","$","M","M","M","R","?","E","T","E","?","?","M","?","R","BOSS","M","$","M","M","M","E"],"build_version":"2022-12-18","purchased_purges":2,"victory":false,"max_hp_per_floor":[75,75,75,75,75,75,75,75,75,75,75,75,75,75,75,75,75,75,75,75,75,75,75],"relic_stats":{"Gremlin Horn":[3,6],"counters":[13,75],"Sundial":[6],"obtain_stats":[{"Gremlin Horn":8,"Sundial":10,"Fusion Hammer":17,"Burning Blood":0},{"Gremlin Horn":5,"Sundial":6,"Fusion Hammer":8,"Burning Blood":0},{"Gremlin Horn":31,"Sundial":38,"Fusion Hammer":52,"Burning Blood":0}],"Burning Blood":72},"card_choices":[{"not_picked":["Headbutt","Armaments"],"picked":"Hemokinesis","floor":1.0},{"not_picked":["Twin Strike","Iron Wave","Sword Boomerang"],"picked":"SKIP","floor":3.0},{"not_picked":["Entrench","Armaments"],"picked":"Headbutt","floor":4.0},{"not_picked":["Heavy Blade","Headbutt","Perfected Strike"],"picked":"SKIP","floor":5.0},{"not_picked":["Heavy Blade","Headbutt","Perfected Strike"],"picked":"SKIP","floor":5.0},{"not_picked":["Sentinel","Clash"],"picked":"Shrug It Off","floor":8.0},{"not_picked":["Berserk","Havoc"],"picked":"Carnage","floor":10.0},{"not_picked":["Wild Strike","Twin Strike"],"picked":"Battle Trance","floor":13.0},{"not_picked":["Double Tap","Berserk"],"picked":"Immolate","floor":16.0},{"not_picked":["Armaments","Evolve"],"picked":"Power Through","floor":18},{"not_picked":["Armaments+1","Wild Strike+1"],"picked":"Bloodletting","floor":20},{"not_picked":["Flex","Immolate"],"picked":"Intimidate","floor":21},{"not_picked":["Fire Breathing","Warcry"],"picked":"Anger","floor":22}],"player_experience":1367771,"relics_obtained":[{"floor":8.0,"key":"Gremlin Horn"},{"floor":10.0,"key":"Sundial"}],"event_choices":[{"damage_healed":0.0,"max_hp_gain":0.0,"max_hp_loss":0.0,"gold_gain":0.0,"event_name":"Shining Light","player_choice":"Entered Light","floor":7.0,"gold_loss":0.0,"damage_taken":23.0,"cards_upgraded":["Strike_R","Strike_R"]},{"damage_healed":0.0,"max_hp_gain":0.0,"max_hp_loss":0.0,"gold_gain":0.0,"event_name":"Liars Game","player_choice":"Ignored","floor":11.0,"gold_loss":0.0,"damage_taken":0.0},{"damage_healed":0.0,"max_hp_gain":0.0,"max_hp_loss":0.0,"gold_gain":55.0,"event_name":"Golden Wing","player_choice":"Gained Gold","floor":12.0,"gold_loss":0.0,"damage_taken":0.0},{"damage_healed":0.0,"max_hp_gain":0.0,"max_hp_loss":0.0,"gold_gain":0.0,"event_name":"Living Wall","player_choice":"Grow","floor":14.0,"gold_loss":0.0,"damage_taken":0.0,"cards_upgraded":["Carnage"]}],"is_beta":false,"boss_relics":[{"not_picked":["Ectoplasm","Black Star"],"picked":"Fusion Hammer"}],"items_purged_floors":[2,19],"is_endless":false,"potions_floor_spawned":[4,5,10,22],"killed_by":"Book of Stabbing","ascension_level":20}