{"gold_per_floor":[113,113,126,126,139,139,156,184,254,179,198,234,234,132,132,215,215,233,233,260,285,335,365,392,392,392,392,421,391,419,461,461,546,546,570,592,592],"floor_reached":37,"playtime":1709,"items_purged":[],"score":892,"play_id":"14e24f8e-55f0-45fa-9093-fc6e273273c0","local_time":"20230118093447","is_ascension_mode":true,"campfire_choices":[{"data":"Blood for Blood","floor":6,"key":"SMITH"},{"data":"Feed","floor":15,"key":"SMITH"},{"floor":25,"key":"REST"},{"data":"Shockwave","floor":27,"key":"SMITH"},{"data":"Sentinel","floor":32,"key":"SMITH"}],"neow_cost":"NONE","seed_source_timestamp":384310342458700,"circlet_count":0,"master_deck":["AscendersBane","Strike_R","Strike_R","Defend_R","Defend_R","Defend_R","Defend_R","Bash","Second Wind","Twin Strike","Sentinel+1","Blood for Blood+1","Feed+1","Anger","Bludgeon","Shrug It Off","Berserk+1","Dark Shackles","Shrug It Off","Corruption+1","Shockwave+1","Feel No Pain+1","Demon Form+1","Clash+1","Dropkick+1","Barricade+1","Reaper","Burning Pact","True Grit"],"relics":["Burning Blood","Peace Pipe","Frozen Egg 2","CeramicFish","Unceasing Top","SlaversCollar","Self Forming Clay","HornCleat","Oddly Smooth Stone","Fusion Hammer"],"potions_floor_usage":[16,16,20,20,23,24,30,37],"damage_taken":[{"damage":7,"enemies":"2 Louse","floor":1,"turns":3},{"damage":1,"enemies":"Cultist","floor":3,"turns":4},{"damage":18,"enemies":"Jaw Worm","floor":5,"turns":7},{"damage":2,"enemies":"2 Fungi Beasts","floor":7,"turns":3},{"damage":8,"enemies":"Gremlin Nob","floor":8,"turns":3},{"damage":14,"enemies":"Red Slaver","floor":11,"turns":2},{"damage":17,"enemies":"3 Sentries","floor":12,"turns":9},{"damage":21,"enemies":"Hexaghost","floor":16,"turns":9},{"damage":21,"enemies":"Shell Parasite","floor":18,"turns":5},{"damage":6,"enemies":"Spheric Guardian","floor":20,"turns":3},{"damage":11,"enemies":"Centurion and Healer","floor":21,"turns":7},{"damage":33,"enemies":"Slavers","floor":23,"turns":4},{"damage":10,"enemies":"Snecko","floor":24,"turns":7},{"damage":16,"enemies":"3 Cultists","floor":28,"turns":7},{"damage":16,"enemies":"Centurion and Healer","floor":30,"turns":5},{"damage":6,"enemies":"Gremlin Leader","floor":31,"turns":6},{"damage":2,"enemies":"Champ","floor":33,"turns":10},{"damage":45,"enemies":"3 Darklings","floor":35,"turns":9},{"damage":0,"enemies":"Orb Walker","floor":36,"turns":3},{"damage":118,"enemies":"2 Orb Walkers","floor":37,"turns":6}],"seed_played":"6712453891033074212","potions_obtained":[{"floor":1,"key":"DistilledChaos"},{"floor":7,"key":"Strength Potion"},{"floor":16,"key":"DuplicationPotion"},{"floor":20,"key":"SteroidPotion"},{"floor":23,"key":"HeartOfIron"},{"floor":28,"key":"Weak Potion"},{"floor":29,"key":"ColorlessPotion"},{"floor":35,"key":"Fire Potion"}],"is_trial":false,"path_per_floor":["M","?","M","?","M","R","M","E","T","?","M","E","?","$","R","B",null,"M","?","M","M","?","E","M","R","T","R","M","?","M","E","R","B",null,"M","M","?"],"character_chosen":"IRONCLAD","items_purchased":["Dark Shackles","Shrug It Off"],"campfire_rested":1,"item_purchase_floors":[14,14],"current_hp_per_floor":[67,67,72,72,63,63,70,71,71,71,66,58,32,32,32,17,72,61,49,53,52,52,25,21,51,51,51,45,45,39,39,39,47,97,93,99,0],"gold":592,"neow_bonus":"THREE_CARDS","is_prod":false,"is_daily":false,"chose_seed":false,"campfire_upgraded":4,"win_rate":0,"timestamp":1674052487,"path_taken":["M","?","M","?","M","R","?","E","T","?","M","E","?","?","R","BOSS","M","?","?","M","?","E","M","R","T","R","M","?","?","E","R","BOSS","M","M","?"],"build_version":"2022-12-18","purchased_purges":0,"victory":false,"max_hp_per_floor":[75,75,75,75,78,78,81,84,84,84,87,90,90,90,90,90,90,94,94,98,102,102,102,102,102,102,102,106,106,110,110,110,114,114,118,118,122],"relic_stats":{"Peace Pipe":0,"counters":[20,112],"Self Forming Clay":[66],"CeramicFish":117,"obtain_stats":[{"Peace Pipe":8,"SlaversCollar":17,"HornCleat":26,"Self Forming Clay":23,"CeramicFish":12,"Oddly Smooth Stone":31,"Fusion Hammer":34,"Frozen Egg 2":9,"Burning Blood":0,"Unceasing Top":13},{"Peace Pipe":5,"SlaversCollar":8,"HornCleat":13,"Self Forming Clay":12,"CeramicFish":7,"Oddly Smooth Stone":16,"Fusion Hammer":17,"Frozen Egg 2":5,"Burning Blood":0,"Unceasing Top":7},{"Peace Pipe":20,"SlaversCollar":40,"HornCleat":66,"Self Forming Clay":59,"CeramicFish":31,"Oddly Smooth Stone":84,"Fusion Hammer":94,"Frozen Egg 2":20,"Burning Blood":0,"Unceasing Top":31}],"Burning Blood":114,"Unceasing Top":[34]},"card_choices":[{"not_picked":["Warcry","Clash"],"picked":"Second Wind","floor":0},{"not_picked":["Combust","Havoc"],"picked":"Twin Strike","floor":1},{"not_picked":["Wild Strike","Havoc"],"picked":"Blood for Blood","floor":3},{"not_picked":["Rupture","Heavy Blade"],"picked":"Anger","floor":5},{"not_picked":["Cleave","Sentinel"],"picked":"Bludgeon","floor":7},{"not_picked":["Sword Boomerang","Havoc","Pummel"],"picked":"SKIP","floor":8},{"not_picked":["Warcry","True Grit"],"picked":"Shrug It Off","floor":11},{"not_picked":["Sword Boomerang","Thunderclap"],"picked":"Berserk+1","floor":12},{"not_picked":["Immolate","Reaper"],"picked":"Corruption+1","floor":16},{"not_picked":["Clash","Clothesline+1","Hemokinesis"],"picked":"SKIP","floor":18},{"not_picked":["Clash","Clothesline+1","Hemokinesis"],"picked":"SKIP","floor":18},{"not_picked":["Second Wind","Battle Trance"],"picked":"Shockwave","floor":20},{"not_picked":["True Grit","Battle Trance+1"],"picked":"Feel No Pain+1","floor":21},{"not_picked":["Hemokinesis","Wild Strike","Whirlwind"],"picked":"SKIP","floor":23},{"not_picked":["Clothesline","Twin Strike"],"picked":"Demon Form+1","floor":24},{"not_picked":["True Grit","Clothesline"],"picked":"Clash+1","floor":28},{"not_picked":["Havoc+1","Armaments"],"picked":"Dropkick+1","floor":30},{"not_picked":["Cleave","Heavy Blade"],"picked":"Barricade+1","floor":31},{"not_picked":["Bludgeon","Immolate"],"picked":"Reaper","floor":33},{"not_picked":["Perfected Strike","Warcry"],"picked":"Burning Pact","floor":35},{"not_picked":["Second Wind","Body Slam"],"picked":"True Grit","floor":36}],"player_experience":1394738,"relics_obtained":[{"floor":8,"key":"Peace Pipe"},{"floor":9,"key":"Frozen Egg 2"},{"floor":12,"key":"CeramicFish"},{"floor":23,"key":"Self Forming Clay"},{"floor":26,"key":"HornCleat"},{"floor":31,"key":"Oddly Smooth Stone"}],"event_choices":[{"damage_healed":0,"gold_gain":0,"cards_transformed":["Strike_R"],"player_choice":"Change","damage_taken":0,"max_hp_gain":0,"max_hp_loss":0,"event_name":"Living Wall","floor":2,"gold_loss":0,"cards_obtained":["Sentinel"]},{"damage_healed":0,"gold_gain":0,"cards_transformed":["Strike_R"],"player_choice":"Transformed","damage_taken":0,"max_hp_gain":0,"max_hp_loss":0,"event_name":"Transmorgrifier","floor":4,"gold_loss":0,"cards_obtained":["Feed"]},{"cards_removed":["Strike_R"],"damage_healed":0,"gold_gain":0,"player_choice":"Card Removal","damage_taken":0,"max_hp_gain":0,"max_hp_loss":0,"event_name":"The Cleric","floor":10,"gold_loss":75},{"damage_healed":0,"gold_gain":0,"player_choice":"Success","damage_taken":26,"relics_obtained":["Unceasing Top"],"max_hp_gain":0,"max_hp_loss":0,"event_name":"Scrap Ooze","floor":13,"gold_loss":0},{"damage_healed":0,"gold_gain":0,"player_choice":"POTION ","damage_taken":12,"max_hp_gain":0,"max_hp_loss":0,"event_name":"Knowing Skull","floor":19,"potions_obtained":["Strength Potion"],"gold_loss":0,"cards_obtained":[]},{"damage_healed":0,"gold_gain":50,"player_choice":"Stole From Cult","damage_taken":0,"max_hp_gain":0,"max_hp_loss":0,"event_name":"Nest","floor":22,"gold_loss":0},{"damage_healed":0,"gold_gain":0,"player_choice":"Bought 2 Potions","damage_taken":0,"max_hp_gain":0,"max_hp_loss":0,"event_name":"The Woman in Blue","floor":29,"gold_loss":0},{"damage_healed":0,"gold_gain":0,"player_choice":"Fight","damage_taken":0,"max_hp_gain":0,"max_hp_loss":0,"event_name":"Mysterious Sphere","floor":37,"gold_loss":0}],"is_beta":false,"boss_relics":[{"not_picked":["Black Blood","Tiny House"],"picked":"SlaversCollar"},{"not_picked":["Runic Cube","Mark of Pain"],"picked":"Fusion Hammer"}],"items_purged_floors":[],"is_endless":false,"potions_floor_spawned":[1,7,8,12,16,20,23,28,35,36],"killed_by":"2 Orb Walkers","ascension_level":20}