{"gold_per_floor":[112,187,237,21,37,37,47,67,118,145,165,180,198,210,210,286,286,302,27,41,52,67,67,67,102,102,102],"floor_reached":27,"playtime":1175,"items_purged":["Searing Blow"],"score":528,"play_id":"9ba5c07e-d001-45a1-a681-3552cee6f779","local_time":"20230301201121","is_ascension_mode":true,"campfire_choices":[{"data":"Blood for Blood","floor":6,"key":"SMITH"},{"data":"Armaments","floor":15,"key":"SMITH"},{"floor":23,"key":"REST"}],"neow_cost":"TEN_PERCENT_HP_LOSS","seed_source_timestamp":1273013012282400,"circlet_count":0,"master_deck":["AscendersBane","Bash","Shockwave","Blood for Blood+1","Twin Strike","True Grit","Shrug It Off","Armaments+1","Juggernaut","Corruption","Demon Form","Evolve","Combust","Power Through","Brutality","Immolate","Reckless Charge","Apotheosis","Flame Barrier","Burning Pact","True Grit"],"relics":["Burning Blood","Calipers","Frozen Eye","Ancient Tea Set","Orichalcum","Pandora\u0027s Box","Incense Burner","Sundial"],"potions_floor_usage":[8,10,16,20,25],"damage_taken":[{"damage":20,"enemies":"Small Slimes","floor":1,"turns":5},{"damage":9,"enemies":"Jaw Worm","floor":5,"turns":6},{"damage":1,"enemies":"Cultist","floor":7,"turns":3},{"damage":7,"enemies":"Gremlin Gang","floor":8,"turns":5},{"damage":8,"enemies":"Gremlin Nob","floor":10,"turns":3},{"damage":13,"enemies":"Lots of Slimes","floor":11,"turns":6},{"damage":7,"enemies":"Looter","floor":12,"turns":3},{"damage":7,"enemies":"Large Slime","floor":13,"turns":4},{"damage":0,"enemies":"Exordium Wildlife","floor":14,"turns":3},{"damage":37,"enemies":"The Guardian","floor":16,"turns":15},{"damage":8,"enemies":"3 Byrds","floor":18,"turns":5},{"damage":18,"enemies":"Spheric Guardian","floor":20,"turns":4},{"damage":25,"enemies":"Centurion and Healer","floor":21,"turns":6},{"damage":11,"enemies":"Cultist and Chosen","floor":22,"turns":6},{"damage":4,"enemies":"Gremlin Leader","floor":25,"turns":5},{"damage":39,"enemies":"Book of Stabbing","floor":27,"turns":4}],"seed_played":"-3698412524183196763","potions_obtained":[{"floor":1,"key":"GamblersBrew"},{"floor":5,"key":"SteroidPotion"},{"floor":11,"key":"Regen Potion"},{"floor":13,"key":"ColorlessPotion"},{"floor":20,"key":"FearPotion"},{"floor":22,"key":"LiquidMemories"}],"is_trial":false,"path_per_floor":["M","?","?","$","M","R","M","M","T","E","M","M","M","M","R","B",null,"M","$","M","M","M","R","?","E","T","E"],"character_chosen":"IRONCLAD","basemod:card_modifiers":[null,null,null,null,null,null,null,null,null,null,null,null,null,null,null,null,null,null,null,null,null],"items_purchased":["Frozen Eye","AttackPotion","Apotheosis"],"campfire_rested":1,"item_purchase_floors":[4,4,19],"current_hp_per_floor":[54,43,37,37,34,34,39,38,38,36,29,28,27,33,33,17,55,53,53,41,22,17,37,37,39,39,0],"gold":102,"neow_bonus":"ONE_RARE_RELIC","is_prod":false,"is_daily":false,"chose_seed":false,"campfire_upgraded":2,"win_rate":0,"timestamp":1677719481,"path_taken":["M","?","?","$","?","R","?","M","T","E","M","?","M","?","R","BOSS","M","$","M","M","M","R","?","E","T","E"],"build_version":"2022-12-18","purchased_purges":1,"victory":false,"max_hp_per_floor":[68,68,68,68,68,68,68,68,68,68,68,68,68,68,68,68,68,68,68,68,68,68,68,68,68,68,68],"relic_stats":{"Frozen Eye":7.6682363,"Calipers":[18],"counters":[16,83],"Sundial":[0],"Pandora\u0027s Box":["Corruption","Demon Form","Evolve","Searing Blow","Combust","Power Through","Brutality","Immolate","Reckless Charge"],"Orichalcum":[120],"Ancient Tea Set":[4],"obtain_stats":[{"Frozen Eye":4,"Calipers":0,"Sundial":26,"Pandora\u0027s Box":17,"Incense Burner":25,"Orichalcum":10,"Ancient Tea Set":9,"Burning Blood":0},{"Frozen Eye":1,"Calipers":0,"Sundial":15,"Pandora\u0027s Box":10,"Incense Burner":15,"Orichalcum":5,"Ancient Tea Set":4,"Burning Blood":0},{"Frozen Eye":5,"Calipers":0,"Sundial":79,"Pandora\u0027s Box":53,"Incense Burner":79,"Orichalcum":22,"Ancient Tea Set":19,"Burning Blood":0}],"Burning Blood":90},"card_choices":[{"not_picked":["Disarm","Metallicize"],"picked":"Shockwave","floor":1},{"not_picked":["Reckless Charge","Body Slam"],"picked":"Blood for Blood","floor":5},{"not_picked":["Rupture","Intimidate","Thunderclap"],"picked":"SKIP","floor":7},{"not_picked":["Havoc","Sever Soul"],"picked":"Twin Strike","floor":8},{"not_picked":["Anger","Headbutt"],"picked":"True Grit","floor":10},{"not_picked":["Anger","Cleave","Flex"],"picked":"SKIP","floor":11},{"not_picked":["Clash","Evolve"],"picked":"Shrug It Off","floor":12},{"not_picked":["Rage","Twin Strike","Second Wind"],"picked":"SKIP","floor":13},{"not_picked":["Berserk","Warcry"],"picked":"Armaments","floor":14},{"not_picked":["Limit Break","Barricade"],"picked":"Juggernaut","floor":16},{"not_picked":["Anger","Infernal Blade","Body Slam"],"picked":"SKIP","floor":18},{"not_picked":["Sever Soul","Uppercut"],"picked":"Flame Barrier","floor":20},{"not_picked":["Thunderclap","Intimidate"],"picked":"Burning Pact","floor":21},{"not_picked":["Thunderclap","Headbutt"],"picked":"True Grit","floor":22},{"not_picked":["Double Tap","Searing Blow","Flex"],"picked":"SKIP","floor":25}],"player_experience":1463345,"relics_obtained":[{"floor":9,"key":"Ancient Tea Set"},{"floor":10,"key":"Orichalcum"},{"floor":25,"key":"Incense Burner"},{"floor":26,"key":"Sundial"}],"event_choices":[{"damage_healed":0,"gold_gain":75,"player_choice":"Gather Gold","damage_taken":11,"max_hp_gain":0,"max_hp_loss":0,"event_name":"World of Goop","floor":2,"gold_loss":0},{"damage_healed":0,"gold_gain":50,"player_choice":"Touch","damage_taken":6,"max_hp_gain":0,"max_hp_loss":0,"event_name":"FaceTrader","floor":3,"gold_loss":0},{"damage_healed":0,"gold_gain":0,"player_choice":"Ignored","damage_taken":0,"max_hp_gain":0,"max_hp_loss":0,"event_name":"Vampires","floor":24,"gold_loss":0}],"is_beta":false,"boss_relics":[{"not_picked":["Mark of Pain","Runic Dome"],"picked":"Pandora\u0027s Box"}],"items_purged_floors":[19],"is_endless":false,"potions_floor_spawned":[1,5,11,13,14,20,22],"killed_by":"Book of Stabbing","ascension_level":20}