{"gold_per_floor":[115,131,131,51,71,100,175,175,175,206,206,240,255,283,283,358,358,370,41,41,41,52,52,70,87,87,87,100,100,100,120,120,197,197,212,47,67,67,82,82,32,32,57,82,94,104,104,123,123,123],"floor_reached":50,"playtime":2543,"items_purged":["Strike_R","Defend_R"],"score":1004,"play_id":"f490ad7f-1307-483b-ab90-856ad8e89fc9","local_time":"20230309001540","is_ascension_mode":true,"campfire_choices":[{"data":"Uppercut","floor":8.0,"key":"SMITH"},{"floor":11.0,"key":"REST"},{"data":"Demon Form","floor":15.0,"key":"SMITH"},{"data":"Dark Embrace","floor":23.0,"key":"SMITH"},{"data":"Burning Pact","floor":27.0,"key":"SMITH"},{"data":"Ghostly","floor":30.0,"key":"SMITH"},{"data":"Ghostly","floor":32.0,"key":"SMITH"},{"data":"Ghostly","floor":40.0,"key":"SMITH"},{"data":"Feel No Pain","floor":42.0,"key":"SMITH"},{"floor":49,"key":"RECALL"}],"neow_cost":"NONE","seed_source_timestamp":0,"circlet_count":0,"master_deck":["AscendersBane","Defend_R","Defend_R","Defend_R","Flame Barrier","Twin Strike","Demon Form+1","Seeing Red","Uppercut+1","Pommel Strike","Pummel","Impervious","Burning Pact+1","Immolate","Fiend Fire+1","Inflame+1","Headbutt+1","Dark Embrace+1","Feel No Pain","Ghostly+1","Ghostly+1","Ghostly+1","Sentinel","Power Through","Evolve+1","Feel No Pain+1","Body Slam","Second Wind"],"special_seed":0,"relics":["Burning Blood","Regal Pillow","Sundial","Red Skull","The Courier","Singing Bowl","Bottled Tornado","Astrolabe","Lantern","Anchor","Vajra","Gremlin Horn","SacredBark","Membership Card","Letter Opener","Question Card"],"potions_floor_usage":[46,50],"damage_taken":[{"damage":4.0,"enemies":"Small Slimes","floor":1.0,"turns":4.0},{"damage":0.0,"enemies":"Jaw Worm","floor":2.0,"turns":5.0},{"damage":1.0,"enemies":"Cultist","floor":5.0,"turns":4.0},{"damage":18.0,"enemies":"Lagavulin","floor":6.0,"turns":7.0},{"damage":45.0,"enemies":"3 Sentries","floor":10.0,"turns":7.0},{"damage":15.0,"enemies":"Lagavulin","floor":12.0,"turns":5.0},{"damage":14.0,"enemies":"Exordium Thugs","floor":13.0,"turns":5.0},{"damage":10.0,"enemies":"Gremlin Nob","floor":14.0,"turns":3.0},{"damage":20.0,"enemies":"Hexaghost","floor":16.0,"turns":6.0},{"damage":28.0,"enemies":"Shell Parasite","floor":18.0,"turns":4.0},{"damage":12.0,"enemies":"2 Thieves","floor":22.0,"turns":4.0},{"damage":17.0,"enemies":"Shelled Parasite and Fungi","floor":24.0,"turns":5.0},{"damage":0.0,"enemies":"Cultist and Chosen","floor":25.0,"turns":5.0},{"damage":5.0,"enemies":"3 Cultists","floor":28.0,"turns":5.0},{"damage":6.0,"enemies":"Snecko","floor":31.0,"turns":4.0},{"damage":21.0,"enemies":"Collector","floor":33.0,"turns":7.0},{"damage":1.0,"enemies":"3 Shapes","floor":35.0,"turns":7.0},{"damage":2.0,"enemies":"Orb Walker","floor":37.0,"turns":3.0},{"damage":24.0,"enemies":"Maw","floor":39.0,"turns":11.0},{"damage":14.0,"enemies":"Reptomancer","floor":44.0,"turns":4.0},{"damage":2.0,"enemies":"4 Shapes","floor":45.0,"turns":7.0},{"damage":17,"enemies":"3 Darklings","floor":46,"turns":5},{"damage":2,"enemies":"Spire Growth","floor":48,"turns":6},{"damage":66,"enemies":"Awakened One","floor":50,"turns":3}],"seed_played":"-1747341016242471989","potions_obtained":[{"floor":1.0,"key":"SpeedPotion"},{"floor":12.0,"key":"BloodPotion"},{"floor":13.0,"key":"BlessingOfTheForge"},{"floor":18.0,"key":"Swift Potion"},{"floor":22.0,"key":"LiquidMemories"},{"floor":28.0,"key":"SteroidPotion"},{"floor":37.0,"key":"Regen Potion"},{"floor":44.0,"key":"BlessingOfTheForge"},{"floor":46,"key":"ColorlessPotion"}],"is_trial":false,"path_per_floor":["M","M","?","$","M","E","?","R","T","E","R","E","M","E","R","B",null,"M","$","?","?","M","R","M","M","T","R","M","T","R","M","R","B",null,"M","$","M","?","M","R","$","R","T","E","M","M","T","M","R","B"],"character_chosen":"IRONCLAD","basemod:card_modifiers":[null,null,null,null,null,null,null,null,null,null,null,null,null,null,null,null,null,null,null,null,null,null,null,null,null,null,null,null],"items_purchased":["Seeing Red","Lantern","Anchor","Membership Card","Feel No Pain"],"campfire_rested":1,"item_purchase_floors":[4,19,19,36,36],"current_hp_per_floor":[70,75,75,75,75,63,52,52,52,13,50,41,50,46,46,32,66,44,44,44,38,34,34,25,31,31,31,34,34,34,34,34,21,40,45,45,48,48,32,32,32,32,32,52,52,43,43,49,49,0],"gold":123,"neow_bonus":"RANDOM_COMMON_RELIC","is_prod":false,"is_daily":false,"chose_seed":false,"campfire_upgraded":8,"win_rate":0,"timestamp":1678338940,"path_taken":["M","M","?","$","M","E","?","R","T","E","R","E","M","E","R","BOSS","M","$","?","?","M","R","M","M","T","R","M","?","R","M","R","BOSS","M","$","M","?","M","R","$","R","T","E","?","M","?","M","R","BOSS"],"build_version":"2022-12-18","purchased_purges":2,"victory":false,"max_hp_per_floor":[75,75,75,75,75,75,75,75,75,75,75,75,77,77,77,77,77,77,77,77,38,40,40,42,42,42,42,44,44,44,44,44,46,46,46,46,48,48,50,50,50,50,50,52,52,54,54,56,56,56],"relic_stats":{"Regal Pillow":15,"Singing Bowl":20,"Gremlin Horn":[16,16],"counters":[24,126],"Astrolabe":["Fiend Fire","Inflame","Headbutt"],"The Courier":213,"Letter Opener":[35],"Bottled Tornado":"Demon Form","Question Card":1,"Burning Blood":124,"Sundial":[16],"Membership Card":213,"obtain_stats":[{"Regal Pillow":0,"Lantern":19,"Singing Bowl":12,"Gremlin Horn":29,"Astrolabe":17,"SacredBark":34,"Vajra":26,"The Courier":10,"Letter Opener":44,"Bottled Tornado":14,"Question Card":47,"Burning Blood":0,"Anchor":19,"Sundial":6,"Membership Card":36,"Red Skull":9},{"Regal Pillow":0,"Lantern":10,"Singing Bowl":6,"Gremlin Horn":14,"Astrolabe":9,"SacredBark":16,"Vajra":13,"The Courier":5,"Letter Opener":20,"Bottled Tornado":8,"Question Card":22,"Burning Blood":0,"Anchor":10,"Sundial":4,"Membership Card":17,"Red Skull":4},{"Regal Pillow":0,"Lantern":50,"Singing Bowl":32,"Gremlin Horn":69,"Astrolabe":46,"SacredBark":80,"Vajra":64,"The Courier":27,"Letter Opener":105,"Bottled Tornado":40,"Question Card":117,"Burning Blood":0,"Anchor":50,"Sundial":20,"Membership Card":87,"Red Skull":20}]},"card_choices":[{"not_picked":["Burning Pact","Cleave"],"picked":"Flame Barrier","floor":1.0},{"not_picked":["Warcry","Sentinel"],"picked":"Twin Strike","floor":2.0},{"not_picked":["Infernal Blade","Rampage"],"picked":"Uppercut","floor":5.0},{"not_picked":["Dual Wield","Hemokinesis"],"picked":"Pommel Strike","floor":6.0},{"not_picked":["Thunderclap","Entrench"],"picked":"Pummel","floor":10.0},{"not_picked":["Iron Wave","Dropkick"],"picked":"Impervious","floor":12.0},{"not_picked":["Flame Barrier","Clash","Headbutt"],"picked":"Singing Bowl","floor":13.0},{"not_picked":["Body Slam","Combust"],"picked":"Burning Pact","floor":14.0},{"not_picked":["Berserk","Offering"],"picked":"Immolate","floor":16.0},{"not_picked":["Flame Barrier","Thunderclap"],"picked":"Dark Embrace","floor":18.0},{"not_picked":["Pummel","Headbutt","Sword Boomerang"],"picked":"Singing Bowl","floor":22.0},{"not_picked":["Pommel Strike","Perfected Strike","True Grit"],"picked":"Singing Bowl","floor":24.0},{"not_picked":["Heavy Blade","Headbutt"],"picked":"Sentinel","floor":25.0},{"not_picked":["Rampage+1","Anger","Rupture"],"picked":"Singing Bowl","floor":28.0},{"not_picked":["Sword Boomerang","Flex"],"picked":"Power Through","floor":31.0},{"not_picked":["Double Tap","Barricade","Demon Form"],"picked":"Singing Bowl","floor":33.0},{"not_picked":["Sever Soul+1","Infernal Blade"],"picked":"Evolve+1","floor":35.0},{"not_picked":["True Grit","Anger+1","Intimidate"],"picked":"Singing Bowl","floor":37.0},{"not_picked":["Clothesline","Sever Soul","Anger"],"picked":"Singing Bowl","floor":39.0},{"not_picked":["Flex","Headbutt+1","Pommel Strike"],"picked":"Singing Bowl","floor":44.0},{"not_picked":["Iron Wave","Armaments"],"picked":"Second Wind","floor":45.0},{"not_picked":["Blood for Blood","Pummel+1","Armaments"],"picked":"Singing Bowl","floor":46},{"not_picked":["Thunderclap","Havoc","Pommel Strike","Perfected Strike"],"picked":"Singing Bowl","floor":48}],"player_experience":1505364,"relics_obtained":[{"floor":6.0,"key":"Sundial"},{"floor":9.0,"key":"Red Skull"},{"floor":10.0,"key":"The Courier"},{"floor":12.0,"key":"Singing Bowl"},{"floor":14.0,"key":"Bottled Tornado"},{"floor":26.0,"key":"Vajra"},{"floor":29.0,"key":"Gremlin Horn"},{"floor":44.0,"key":"Letter Opener"},{"floor":47,"key":"Question Card"}],"event_choices":[{"damage_healed":0.0,"max_hp_gain":0.0,"max_hp_loss":0.0,"gold_gain":0.0,"cards_transformed":["Strike_R"],"event_name":"Living Wall","player_choice":"Change","floor":3.0,"gold_loss":0.0,"damage_taken":0.0,"cards_obtained":["Demon Form"]},{"damage_healed":0.0,"max_hp_gain":0.0,"max_hp_loss":0.0,"gold_gain":75.0,"event_name":"World of Goop","player_choice":"Gather Gold","floor":7.0,"gold_loss":0.0,"damage_taken":11.0},{"damage_healed":0.0,"max_hp_gain":0.0,"max_hp_loss":0.0,"gold_gain":0.0,"event_name":"The Library","player_choice":"Read","floor":20.0,"gold_loss":0.0,"damage_taken":0.0,"cards_obtained":["Feel No Pain"]},{"damage_healed":0.0,"max_hp_gain":0.0,"max_hp_loss":39.0,"gold_gain":0.0,"event_name":"Ghosts","player_choice":"Became a Ghost","floor":21.0,"gold_loss":0.0,"damage_taken":0.0,"cards_obtained":["Ghostly","Ghostly","Ghostly"]},{"damage_healed":0.0,"max_hp_gain":0.0,"max_hp_loss":0.0,"gold_gain":0.0,"cards_transformed":["Bash"],"event_name":"Transmorgrifier","player_choice":"Transformed","floor":38.0,"gold_loss":0.0,"damage_taken":0.0,"cards_obtained":["Body Slam"]}],"is_beta":false,"boss_relics":[{"not_picked":["Calling Bell","Coffee Dripper"],"picked":"Astrolabe"},{"not_picked":["Runic Cube","Sozu"],"picked":"SacredBark"}],"items_purged_floors":[19,41],"is_endless":false,"potions_floor_spawned":[1,12,13,18,22,28,37,39,44,46],"killed_by":"Awakened One","ascension_level":20}