{"neow_bonuses_skipped_log":["RANDOM_COLORLESS","TWENTY_PERCENT_HP_BONUS","BOSS_RELIC"],"potions_obtained_entropic_brew":[[],[],[],[],[],[],[],[],[],[],[],[],[],[]],"neow_costs_skipped_log":["NONE","CURSE","NONE"],"gold_per_floor":[111,124,73,83,95,95,120,120,120,43,57,86,101,101],"floor_reached":14,"playtime":438,"items_purged":[],"score":204,"play_id":"24b4e0d9-71de-4c28-8eb0-c0bd2e60c536","local_time":"20230311092256","score_breakdown":["Floors Climbed (14): 70","Enemies Slain (6): 12","Exordium Elites Killed (2): 20","Bosses Slain (0): 0","Ascension (20): 102"],"is_ascension_mode":true,"potions_obtained_alchemize":[[],[],[],[],[],[],[],[],[],[],[],[],[],[]],"campfire_choices":[{"data":"Searing Blow","floor":6.0,"key":"SMITH"},{"data":"Searing Blow+1","floor":8,"key":"SMITH"}],"lesson_learned_per_floor":[[],[],[],[],[],[],[],[],[],[],[],[],[],[]],"neow_cost":"NONE","improvable_cards":{},"seed_source_timestamp":2098832392376800,"shop_contents":[{"floor":3,"relics":["Orichalcum","Sundial","Membership Card"],"cards":["Clash","Impervious","Warcry","Fire Breathing","Finesse","Secret Technique"],"potions":["Energy Potion","Regen Potion","SkillPotion"]},{"floor":10,"relics":["Bag of Preparation","Prayer Wheel","Strange Spoon"],"cards":["Thunderclap","Clash","Armaments","Rupture","Enlightenment","Thinking Ahead"],"potions":["Ancient Potion","ElixirPotion","Fire Potion"]}],"circlet_count":0,"master_deck":["AscendersBane","Strike_R","Strike_R","Strike_R","Strike_R","Strike_R","Defend_R+1","Defend_R","Defend_R+1","Defend_R","Bash","Seeing Red","Dark Embrace","Twin Strike","Searing Blow+2","Bloodletting","Reaper","Anger"],"special_seed":0,"potion_use_per_floor":[[],[],[],[],[],[],["FearPotion"],[],[],[],["BloodPotion"],["HeartOfIron"],[],["Ancient Potion"]],"relics":["Burning Blood","War Paint","Pear","Shovel"],"potions_floor_usage":[7,11,12,14],"damage_taken":[{"damage":1.0,"enemies":"Cultist","floor":1.0,"turns":3.0},{"damage":7.0,"enemies":"Small Slimes","floor":2.0,"turns":3.0},{"damage":9.0,"enemies":"2 Louse","floor":4.0,"turns":3.0},{"damage":7.0,"enemies":"2 Fungi Beasts","floor":5.0,"turns":3.0},{"damage":32,"enemies":"Gremlin Nob","floor":7,"turns":4},{"damage":9,"enemies":"Looter","floor":11,"turns":3},{"damage":18,"enemies":"Lagavulin","floor":12,"turns":7},{"damage":16,"enemies":"Blue Slaver","floor":13,"turns":6},{"damage":58,"enemies":"Lagavulin Event","floor":14,"turns":6}],"seed_played":"4153621605449054552","neow_bonus_log":{"cardsObtained":[],"cardsUpgraded":[],"cardsRemoved":[],"cardsTransformed":[],"relicsObtained":[],"maxHpGained":0,"goldGained":0,"damageTaken":0,"goldLost":0,"maxHpLost":0},"potions_obtained":[{"floor":0.0,"key":"HeartOfIron"},{"floor":0.0,"key":"FearPotion"},{"floor":7,"key":"BloodPotion"},{"floor":11,"key":"Ancient Potion"}],"is_trial":false,"path_per_floor":["M","M","$","M","M","R","E","R","T","$","M","E","M","?"],"character_chosen":"IRONCLAD","basemod:card_modifiers":[null,null,null,null,null,null,null,null,null,null,null,null,null,null,null,null,null,null],"items_purchased":["Twin Strike","Bloodletting"],"campfire_rested":0,"item_purchase_floors":[3,10],"current_hp_per_floor":[73,72,72,69,68,68,42,42,52,52,66,54,48,0],"gold":101,"neow_bonus":"THREE_SMALL_POTIONS","is_prod":false,"is_daily":false,"rewards_skipped":[{"floor":0,"relics":[],"potions":["Block Potion"]},{"floor":2,"relics":[],"potions":["Dexterity Potion"]}],"chose_seed":false,"campfire_upgraded":2,"win_rate":0,"floor_exit_playtime":[68,98,121,148,192,197,228,237,240,249,278,336,385],"timestamp":1678544576,"path_taken":["M","M","$","M","M","R","E","R","T","?","M","E","M","?"],"build_version":"2022-12-18","purchased_purges":0,"victory":false,"max_hp_per_floor":[75,75,75,75,75,75,75,75,85,85,85,85,85,85],"relic_stats":{"Shovel":0,"counters":[9,38],"War Paint":["Defend_R","Defend_R"],"obtain_stats":[{"Pear":9,"Shovel":12,"War Paint":7,"Burning Blood":0},{"Pear":5,"Shovel":7,"War Paint":5,"Burning Blood":0},{"Pear":16,"Shovel":26,"War Paint":16,"Burning Blood":0}],"Burning Blood":48},"card_choices":[{"not_picked":["Rupture","Pummel"],"picked":"Seeing Red","floor":1.0},{"not_picked":["True Grit","Havoc"],"picked":"Dark Embrace","floor":2.0},{"not_picked":["Sentinel","Thunderclap","Dropkick"],"picked":"SKIP","floor":4.0},{"not_picked":["Iron Wave","Sword Boomerang"],"picked":"Searing Blow","floor":5.0},{"not_picked":["Clothesline","Sword Boomerang","Body Slam"],"picked":"SKIP","floor":7},{"not_picked":["Wild Strike","Flex"],"picked":"Reaper","floor":11},{"not_picked":["Demon Form","Bloodletting","Wild Strike"],"picked":"SKIP","floor":12},{"not_picked":["Flex","Perfected Strike"],"picked":"Anger","floor":13}],"player_experience":1543384,"relics_obtained":[{"floor":7,"key":"War Paint"},{"floor":9,"key":"Pear"},{"floor":12,"key":"Shovel"}],"event_choices":[{"damage_healed":0,"gold_gain":0,"player_choice":"Searched \u00271\u0027 times","damage_taken":0,"max_hp_gain":0,"max_hp_loss":0,"event_name":"Dead Adventurer","floor":14,"gold_loss":0}],"is_beta":false,"boss_relics":[],"items_purged_floors":[],"is_endless":false,"potions_floor_spawned":[2,7,11],"killed_by":"Lagavulin Event","ascension_level":20,"potion_discard_per_floor":[[],[],[],[],[],[],[],[],[],[],[],[],[],[]]}