{"neow_bonuses_skipped_log":["UPGRADE_CARD","TRANSFORM_TWO_CARDS","BOSS_RELIC"],"neow_costs_skipped_log":["NONE","CURSE","NONE"],"potions_obtained_entropic_brew":[[],[],[],[],[],[],[],[],[],[],[],[],[],[],[],["Weak Potion","SteroidPotion"],[],[],[],[],[],[],[],[],[],[],[],[],[],[],[],[],[],[],[],[],[],[],[],[],[],[],[],[],[],[],[],[],[],[],[],[],[],[],[],[]],"gold_per_floor":[119,129,140,140,152,152,152,182,182,182,182,198,26,50,50,122,122,137,137,169,181,181,181,208,228,228,228,243,243,263,292,292,365,365,378,378,33,44,44,44,44,69,92,117,130,130,140,140,140,140,140,140,140,20,50,50],"floor_reached":56,"playtime":2468,"items_purged":["Corruption"],"score":1876,"play_id":"286aa24c-7984-4d76-9b19-b861d77ff18e","local_time":"20230314224732","falling_options_log":["Ghostly Armor","Inflame"],"score_breakdown":["Floors Climbed (56): 280","Enemies Slain (14): 28","Exordium Elites Killed (1): 10","City Elites Killed (2): 40","Beyond Elites Killed (1): 30","Bosses Slain (4): 500","Collector (1): 25","Well Fed: 25","Champion (1): 25","Ascension (20): 913"],"is_ascension_mode":true,"potions_obtained_alchemize":[[],[],[],[],[],[],[],[],[],[],[],[],[],[],[],[],[],[],[],[],[],[],[],[],[],[],[],[],[],[],[],[],[],[],[],[],[],[],[],[],[],[],[],[],[],[],[],[],[],[],[],[],[],[],[],[]],"campfire_choices":[{"data":"Wild Strike","floor":6.0,"key":"SMITH"},{"data":"Whirlwind","floor":11.0,"key":"SMITH"},{"data":"Battle Trance","floor":15.0,"key":"SMITH"},{"floor":23.0,"key":"REST"},{"data":"Shockwave","floor":27.0,"key":"SMITH"},{"data":"Bloodletting","floor":29.0,"key":"SMITH"},{"data":"Limit Break","floor":32.0,"key":"SMITH"},{"data":"Corruption","floor":40,"key":"SMITH"},{"data":"Wild Strike+1","floor":46,"key":"PURGE"},{"floor":49,"key":"RECALL"},{"floor":53,"key":"REST"}],"lesson_learned_per_floor":[[],[],[],[],[],[],[],[],[],[],[],[],[],[],[],[],[],[],[],[],[],[],[],[],[],[],[],[],[],[],[],[],[],[],[],[],[],[],[],[],[],[],[],[],[],[],[],[],[],[],[],[],[],[],[],[]],"neow_cost":"NONE","improvable_cards":{},"seed_source_timestamp":0,"shop_contents":[{"floor":13,"relics":["Shuriken","Lantern","Membership Card"],"cards":["Clothesline","Wild Strike","Double Tap","Flash of Steel","Violence"],"potions":["CultistPotion","GamblersBrew","PowerPotion"]},{"floor":37,"relics":["Pear","Kunai"],"cards":["Hemokinesis","Searing Blow","Shockwave","Shrug It Off","Inflame","Mayhem"],"potions":["BloodPotion","Weak Potion","BloodPotion"]},{"floor":54,"relics":["Happy Flower","White Beast Statue","Frozen Eye"],"cards":["Anger","Thunderclap","Armaments","Bloodletting","Blind","Transmutation"],"potions":["HeartOfIron","HeartOfIron"]}],"circlet_count":0,"master_deck":["AscendersBane","Bash","Cleave+1","Shrug It Off","Twin Strike","Whirlwind+1","Battle Trance+1","Evolve","Bloodletting+1","Shrug It Off","Ghostly Armor","Limit Break+1","Anger","Cleave","Corruption+1","Shockwave+1","Reckless Charge","Second Wind","Necronomicurse","Inflame","Shrug It Off","Armaments+1","Shrug It Off","Impervious","Feed+1","Flash of Steel","Apotheosis","True Grit+1","Dark Embrace","Feel No Pain","Offering"],"special_seed":0,"potion_use_per_floor":[[],[],[],[],[],[],[],["DuplicationPotion"],[],[],[],["SkillPotion"],[],[],[],["EntropicBrew","SteroidPotion"],[],["AttackPotion"],[],[],[],[],[],[],[],[],[],[],[],["Regen Potion"],["PowerPotion"],[],["ColorlessPotion"],[],[],[],[],[],[],[],[],["Fruit Juice"],[],[],[],[],[],[],[],[],["BloodPotion"],[],[],[],["DuplicationPotion","AttackPotion"],["SpeedPotion"]],"relics":["Burning Blood","Juzu Bracelet","Blue Candle","Gambling Chip","Odd Mushroom","Pandora\u0027s Box","Necronomicon","Red Mask","Peace Pipe","HornCleat","MealTicket","Runic Pyramid","Brimstone","Mummified Hand","Magic Flower","Blood Vial"],"potions_floor_usage":[42,51,55,55,56],"damage_taken":[{"damage":7.0,"enemies":"2 Louse","floor":1.0,"turns":3.0},{"damage":8.0,"enemies":"Small Slimes","floor":2.0,"turns":4.0},{"damage":1.0,"enemies":"Cultist","floor":3.0,"turns":3.0},{"damage":0.0,"enemies":"2 Fungi Beasts","floor":5.0,"turns":3.0},{"damage":19.0,"enemies":"3 Sentries","floor":8.0,"turns":6.0},{"damage":3.0,"enemies":"Blue Slaver","floor":12.0,"turns":4.0},{"damage":0.0,"enemies":"The Mushroom Lair","floor":14.0,"turns":2.0},{"damage":15.0,"enemies":"Slime Boss","floor":16.0,"turns":6.0},{"damage":16.0,"enemies":"Spheric Guardian","floor":18.0,"turns":4.0},{"damage":4.0,"enemies":"Masked Bandits","floor":20.0,"turns":2.0},{"damage":0.0,"enemies":"Shell Parasite","floor":21.0,"turns":3.0},{"damage":5.0,"enemies":"Slavers","floor":24.0,"turns":2.0},{"damage":13.0,"enemies":"Shelled Parasite and Fungi","floor":25.0,"turns":3.0},{"damage":13.0,"enemies":"Chosen and Byrds","floor":28.0,"turns":7.0},{"damage":4.0,"enemies":"Snake Plant","floor":30.0,"turns":3.0},{"damage":8.0,"enemies":"Gremlin Leader","floor":31.0,"turns":5.0},{"damage":42.0,"enemies":"Champ","floor":33.0,"turns":13.0},{"damage":7,"enemies":"Orb Walker","floor":35,"turns":3},{"damage":18,"enemies":"3 Darklings","floor":38,"turns":5},{"damage":0,"enemies":"Reptomancer","floor":42,"turns":5},{"damage":0,"enemies":"Mind Bloom Boss Battle","floor":44,"turns":5},{"damage":3,"enemies":"Spire Growth","floor":45,"turns":4},{"damage":0,"enemies":"Writhing Mass","floor":47,"turns":5},{"damage":47,"enemies":"Donu and Deca","floor":50,"turns":5},{"damage":72,"enemies":"Time Eater","floor":51,"turns":7},{"damage":45,"enemies":"Shield and Spear","floor":55,"turns":6},{"damage":83,"enemies":"The Heart","floor":56,"turns":5}],"green_key_taken_log":31,"seed_played":"7021436915610078135","neow_bonus_log":{"cardsObtained":[],"cardsUpgraded":[],"cardsRemoved":[],"cardsTransformed":[],"relicsObtained":["Juzu Bracelet"],"maxHpGained":0,"goldGained":0,"damageTaken":0,"goldLost":0,"maxHpLost":0},"potions_obtained":[{"floor":2.0,"key":"SkillPotion"},{"floor":3.0,"key":"DuplicationPotion"},{"floor":10.0,"key":"EntropicBrew"},{"floor":16.0,"key":"AttackPotion"},{"floor":20.0,"key":"PowerPotion"},{"floor":28.0,"key":"Regen Potion"},{"floor":31.0,"key":"ColorlessPotion"},{"floor":33.0,"key":"LiquidBronze"},{"floor":35,"key":"Fruit Juice"},{"floor":42,"key":"BloodPotion"},{"floor":44,"key":"AttackPotion"},{"floor":55,"key":"SpeedPotion"}],"is_trial":false,"path_per_floor":["M","M","M","?","M","R","?","E","T","?","R","M","$","?","R","B",null,"M","?","?","M","?","R","E","M","T","R","M","R","M","E","R","B",null,"M","?","$","M","?","R","?","E","T","?","M","R","M","?","R","B","B",null,"R","$","E","B"],"character_chosen":"IRONCLAD","basemod:card_modifiers":[null,null,null,null,null,null,null,null,null,null,null,null,null,null,null,null,null,null,null,null,null,null,null,null,null,null,null,null,null,null,null],"items_purchased":["Evolve","Bloodletting","Brimstone","Flash of Steel","Feel No Pain","DuplicationPotion"],"campfire_rested":2,"item_purchase_floors":[13,13,37,37,54,54],"current_hp_per_floor":[67,65,70,70,75,75,75,62,62,62,62,65,65,71,71,62,72,62,41,43,49,28,52,53,46,46,46,39,39,50,48,48,12,63,62,62,77,69,69,69,59,70,70,80,92,92,97,97,97,65,38,88,105,105,75,0],"gold":50,"neow_bonus":"RANDOM_COMMON_RELIC","is_prod":false,"is_daily":false,"rewards_skipped":[{"floor":5,"relics":[],"potions":["SkillPotion"]},{"floor":10,"relics":[],"potions":["FearPotion"]},{"floor":24,"relics":[],"potions":["Explosive Potion"]}],"chose_seed":false,"campfire_upgraded":7,"win_rate":0,"floor_exit_playtime":[37,66,93,95,121,133,141,197,201,205,211,255,267,297,305,414,436,498,510,545,591,594,598,626,670,672,681,771,791,841,928,954,1123,1137,1202,1217,1244,1372,1388,1401,1428,1528,1545,1636,1697,1739,1837,1842,1847,1952,2116,2127,2136,2151,2314],"timestamp":1678848452,"blue_key_relic_skipped_log":{"floor":43,"relicID":"Regal Pillow"},"path_taken":["M","M","M","?","M","R","?","E","T","?","R","M","$","?","R","BOSS","M","?","?","M","?","R","E","M","T","R","M","R","M","E","R","BOSS","M","?","$","M","?","R","?","E","T","?","M","R","M","?","R","BOSS","BOSS","R","$","E","BOSS"],"build_version":"2022-12-18","purchased_purges":1,"victory":false,"max_hp_per_floor":[75,75,75,75,75,75,75,75,75,75,75,75,75,75,75,75,75,75,75,75,75,80,80,80,80,80,80,80,80,80,80,80,80,80,80,80,80,84,80,80,80,85,85,89,93,93,97,97,97,101,105,105,105,105,109,109],"relic_stats":{"counters":[27,123],"Blue Candle":[9],"Magic Flower":[32],"Juzu Bracelet":2,"Burning Blood":161,"Peace Pipe":1,"Blood Vial":3,"Mummified Hand":[28],"Gambling Chip":[80],"Pandora\u0027s Box":["Ghostly Armor","Limit Break","Anger","Hemokinesis","Cleave","Corruption","Shockwave","Reckless Charge","Second Wind"],"MealTicket":15,"Necronomicon":[22],"obtain_stats":[{"Blue Candle":8,"Magic Flower":44,"Juzu Bracelet":0,"Odd Mushroom":14,"Burning Blood":0,"Peace Pipe":24,"Blood Vial":55,"HornCleat":26,"Brimstone":37,"Mummified Hand":42,"Gambling Chip":9,"Pandora\u0027s Box":17,"MealTicket":31,"Necronomicon":19,"Red Mask":20,"Runic Pyramid":34},{"Blue Candle":5,"Magic Flower":21,"Juzu Bracelet":0,"Odd Mushroom":7,"Burning Blood":0,"Peace Pipe":12,"Blood Vial":26,"HornCleat":13,"Brimstone":18,"Mummified Hand":20,"Gambling Chip":5,"Pandora\u0027s Box":8,"MealTicket":16,"Necronomicon":9,"Red Mask":10,"Runic Pyramid":17},{"Blue Candle":19,"Magic Flower":91,"Juzu Bracelet":0,"Odd Mushroom":25,"Burning Blood":0,"Peace Pipe":42,"Blood Vial":118,"HornCleat":45,"Brimstone":76,"Mummified Hand":86,"Gambling Chip":19,"Pandora\u0027s Box":31,"MealTicket":60,"Necronomicon":35,"Red Mask":37,"Runic Pyramid":73}]},"card_choices":[{"not_picked":["True Grit","Heavy Blade"],"picked":"Wild Strike","floor":1.0},{"not_picked":["Entrench","Pommel Strike"],"picked":"Cleave","floor":2.0},{"not_picked":["Dropkick","Infernal Blade"],"picked":"Shrug It Off","floor":3.0},{"not_picked":["True Grit","Heavy Blade"],"picked":"Twin Strike","floor":5.0},{"not_picked":["Sword Boomerang","Ghostly Armor"],"picked":"Whirlwind","floor":8.0},{"not_picked":["Rupture","Ghostly Armor"],"picked":"Battle Trance","floor":12.0},{"not_picked":["Body Slam","Flex"],"picked":"Shrug It Off","floor":14.0},{"not_picked":["Offering","Demon Form"],"picked":"Corruption","floor":16.0},{"not_picked":["Pommel Strike","Hemokinesis","Intimidate"],"picked":"SKIP","floor":18.0},{"not_picked":["Cleave","Armaments"],"picked":"Inflame","floor":20.0},{"not_picked":["Wild Strike","Sword Boomerang"],"picked":"Shrug It Off","floor":21.0},{"not_picked":["Uppercut","Flex+1","Clash"],"picked":"SKIP","floor":24.0},{"not_picked":["True Grit","Body Slam"],"picked":"Armaments+1","floor":25.0},{"not_picked":["Uppercut","Twin Strike","Anger"],"picked":"SKIP","floor":28.0},{"not_picked":["Flex","Body Slam"],"picked":"Shrug It Off","floor":30.0},{"not_picked":["Pommel Strike","Cleave"],"picked":"Impervious","floor":31.0},{"not_picked":["Double Tap","Fiend Fire"],"picked":"Feed","floor":33.0},{"not_picked":["Warcry","Clothesline+1","True Grit"],"picked":"SKIP","floor":35},{"not_picked":["Flex+1","Armaments+1","Perfected Strike"],"picked":"SKIP","floor":38},{"not_picked":["Forethought","Mayhem"],"picked":"Apotheosis","floor":41},{"not_picked":["Jack Of All Trades","HandOfGreed","Enlightenment"],"picked":"SKIP","floor":41},{"not_picked":["Good Instincts","Swift Strike","Dramatic Entrance"],"picked":"SKIP","floor":41},{"not_picked":["Carnage","Flex","Havoc"],"picked":"SKIP","floor":42},{"not_picked":["Flex","Thunderclap+1","Warcry"],"picked":"SKIP","floor":44},{"not_picked":["Heavy Blade+1","Ghostly Armor"],"picked":"True Grit+1","floor":45},{"not_picked":["Body Slam","Double Tap"],"picked":"Dark Embrace","floor":47},{"not_picked":["Clash","True Grit"],"picked":"Offering","floor":55}],"player_experience":1578111,"relics_obtained":[{"floor":8.0,"key":"Blue Candle"},{"floor":9.0,"key":"Gambling Chip"},{"floor":14.0,"key":"Odd Mushroom"},{"floor":19.0,"key":"Necronomicon"},{"floor":20.0,"key":"Red Mask"},{"floor":24.0,"key":"Peace Pipe"},{"floor":26.0,"key":"HornCleat"},{"floor":31.0,"key":"MealTicket"},{"floor":42,"key":"Mummified Hand"},{"floor":44,"key":"Magic Flower"},{"floor":55,"key":"Blood Vial"}],"event_choices":[{"damage_healed":0.0,"max_hp_gain":0.0,"max_hp_loss":0.0,"gold_gain":0.0,"event_name":"Liars Game","player_choice":"Ignored","floor":4.0,"gold_loss":0.0,"damage_taken":0.0},{"damage_healed":0.0,"max_hp_gain":0.0,"max_hp_loss":0.0,"gold_gain":0.0,"event_name":"Living Wall","player_choice":"Grow","floor":7.0,"gold_loss":0.0,"damage_taken":0.0,"cards_upgraded":["Cleave"]},{"damage_healed":0.0,"max_hp_gain":0.0,"max_hp_loss":0.0,"gold_gain":0.0,"event_name":"Lab","player_choice":"Got Potions","floor":10.0,"gold_loss":0.0,"damage_taken":0.0},{"damage_healed":0.0,"max_hp_gain":0.0,"max_hp_loss":0.0,"gold_gain":0.0,"event_name":"Mushrooms","player_choice":"Fought Mushrooms","floor":14.0,"gold_loss":0.0,"damage_taken":0.0},{"damage_healed":0.0,"max_hp_gain":0.0,"max_hp_loss":0.0,"gold_gain":0.0,"event_name":"Cursed Tome","player_choice":"Obtained Book","floor":19.0,"gold_loss":0.0,"damage_taken":21.0},{"damage_healed":0.0,"max_hp_gain":0.0,"max_hp_loss":0.0,"gold_gain":0.0,"event_name":"Masked Bandits","player_choice":"Fought Bandits","floor":20.0,"gold_loss":0.0,"damage_taken":0.0},{"damage_healed":0.0,"max_hp_gain":5.0,"max_hp_loss":0.0,"gold_gain":0.0,"event_name":"Forgotten Altar","player_choice":"Shed Blood","floor":22.0,"gold_loss":0.0,"damage_taken":26.0},{"damage_healed":0,"gold_gain":0,"player_choice":"Forge","damage_taken":0,"max_hp_gain":0,"max_hp_loss":0,"event_name":"Accursed Blacksmith","floor":36,"gold_loss":0,"cards_upgraded":["Feed"]},{"damage_healed":0,"gold_gain":0,"player_choice":"Max HP","damage_taken":0,"max_hp_gain":0,"max_hp_loss":4,"event_name":"Winding Halls","floor":39,"gold_loss":0},{"damage_healed":0,"gold_gain":0,"player_choice":"Memory 3","damage_taken":10,"max_hp_gain":0,"max_hp_loss":0,"event_name":"SensoryStone","floor":41,"gold_loss":0},{"damage_healed":0,"gold_gain":0,"player_choice":"Fight","damage_taken":0,"max_hp_gain":0,"max_hp_loss":0,"event_name":"MindBloom","floor":44,"gold_loss":0},{"cards_removed":["Hemokinesis"],"damage_healed":0,"gold_gain":0,"player_choice":"Removed Attack","damage_taken":0,"max_hp_gain":0,"max_hp_loss":0,"event_name":"Falling","floor":48,"gold_loss":0}],"is_beta":false,"boss_relics":[{"not_picked":["Philosopher\u0027s Stone","Tiny House"],"picked":"Pandora\u0027s Box"},{"not_picked":["Mark of Pain","Calling Bell"],"picked":"Runic Pyramid"}],"items_purged_floors":[37],"is_endless":false,"potions_floor_spawned":[2,3,5,16,20,24,28,31,33,35,42,44,55],"killed_by":"The Heart","ascension_level":20,"potion_discard_per_floor":[[],[],[],[],[],[],[],[],[],[],[],[],[],[],[],[],[],[],[],[],[],[],[],[],[],[],[],["Weak Potion"],[],[],[],[],[],[],[],[],[],[],[],[],[],[],[],["LiquidBronze"],[],[],[],[],[],[],[],[],[],[],[],[]]}