{"neow_bonuses_skipped_log":["RANDOM_COLORLESS","RANDOM_COMMON_RELIC","BOSS_RELIC"],"neow_costs_skipped_log":["NONE","NONE","NONE"],"potions_obtained_entropic_brew":[[],[],[],[],[],[],[],[],[],[],[],[],[],[],[],[],[],[],[],[],[],[],[],[],[],[],[],[],[],[],[],[],[],[],[]],"gold_per_floor":[13,25,25,44,63,98,98,139,139,159,199,199,220,245,245,339,339,354,354,354,377,136,136,93,431,431,431,431,446,461,94,94,183,183,183],"floor_reached":35,"playtime":1871,"items_purged":["Strike_R","Strike_R"],"score":794,"play_id":"49777e56-e653-4229-b0ee-5c9bef45f300","local_time":"20230321175736","score_breakdown":["Floors Climbed (35): 175","Enemies Slain (11): 22","Exordium Elites Killed (3): 30","City Elites Killed (1): 20","Beyond Elites Killed (0): 0","Bosses Slain (2): 150","Ascension (20): 397"],"is_ascension_mode":true,"potions_obtained_alchemize":[[],[],[],[],[],[],[],[],[],[],[],[],[],[],[],[],[],[],[],[],[],[],[],[],[],[],[],[],[],[],[],[],[],[],[]],"campfire_choices":[{"data":"Immolate","floor":7.0,"key":"SMITH"},{"data":"Pommel Strike","floor":12,"key":"SMITH"},{"data":"Pommel Strike","floor":15,"key":"SMITH"},{"data":"Shrug It Off","floor":23,"key":"SMITH"},{"floor":27,"key":"REST"},{"floor":32,"key":"REST"}],"lesson_learned_per_floor":[[],[],[],[],[],[],[],[],[],[],[],[],[],[],[],[],[],[],[],[],[],[],[],[],[],[],[],[],[],[],[],[],[],[],[]],"neow_cost":"NO_GOLD","improvable_cards":{},"seed_source_timestamp":2988669695961100,"shop_contents":[{"floor":22,"relics":["Ginger","Oddly Smooth Stone"],"cards":["Dropkick","Sword Boomerang","Intimidate+1","Disarm+1","Inflame","Finesse+1","Sadistic Nature"],"potions":["SpeedPotion","Explosive Potion","Fire Potion"]},{"floor":24,"relics":["Dead Branch","Paper Frog","DollysMirror"],"cards":["Clothesline","Wild Strike","Havoc+1","Limit Break+1","Blind+1","Magnetism"],"potions":["PowerPotion","SteroidPotion","Fire Potion"]},{"floor":31,"relics":["Matryoshka","Chemical X"],"cards":["Immolate","Carnage","Exhume+1","Flame Barrier+1","Metallicize","Impatience+1","Thinking Ahead+1"],"potions":["SteroidPotion","CultistPotion","ColorlessPotion"]}],"circlet_count":0,"master_deck":["AscendersBane","Strike_R","Strike_R","Strike_R","Defend_R","Defend_R","Defend_R","Defend_R","Bash","Immolate+1","Shrug It Off+1","Bloodletting","Pommel Strike+1","Offering+1","Shrug It Off+1","Pommel Strike+1","Flex+1","Disarm+1","Limit Break+1","Feel No Pain","Anger","Impervious+1","Warcry+1","Inflame","Impervious+1"],"special_seed":0,"potion_use_per_floor":[[],[],[],[],[],["SteroidPotion"],[],[],[],[],[],[],[],[],[],[],[],[],[],[],[],[],[],[],["LiquidMemories"],[],[],[],[],[],[],[],["DuplicationPotion"],[],[]],"relics":["Burning Blood","Golden Idol","Toxic Egg 2","Darkstone Periapt","Pear","Shuriken","Runic Cube","Nilry\u0027s Codex","MutagenicStrength","Medical Kit","Old Coin","Du-Vu Doll","HornCleat","Snecko Eye"],"potions_floor_usage":[25,33],"damage_taken":[{"damage":4.0,"enemies":"Cultist","floor":1.0,"turns":4.0},{"damage":10.0,"enemies":"Small Slimes","floor":2.0,"turns":3.0},{"damage":0.0,"enemies":"2 Louse","floor":4.0,"turns":1.0},{"damage":7.0,"enemies":"2 Fungi Beasts","floor":5.0,"turns":3.0},{"damage":12.0,"enemies":"3 Sentries","floor":6.0,"turns":5.0},{"damage":14.0,"enemies":"Gremlin Nob","floor":8.0,"turns":3.0},{"damage":3.0,"enemies":"Blue Slaver","floor":10.0,"turns":5.0},{"damage":17.0,"enemies":"Lagavulin","floor":11.0,"turns":6.0},{"damage":6,"enemies":"3 Louse","floor":13,"turns":1},{"damage":6,"enemies":"Exordium Thugs","floor":14,"turns":2},{"damage":31,"enemies":"Slime Boss","floor":16,"turns":6},{"damage":6,"enemies":"Chosen","floor":18,"turns":3},{"damage":6,"enemies":"Spheric Guardian","floor":21,"turns":3},{"damage":31,"enemies":"Slavers","floor":25,"turns":5},{"damage":18,"enemies":"Centurion and Healer","floor":29,"turns":5},{"damage":18,"enemies":"Snecko","floor":30,"turns":3},{"damage":25,"enemies":"Automaton","floor":33,"turns":5},{"damage":9,"enemies":"Orb Walker","floor":35,"turns":4}],"seed_played":"6318612447569291573","neow_bonus_log":{"cardsObtained":[],"cardsUpgraded":[],"cardsRemoved":[],"cardsTransformed":[],"relicsObtained":[],"maxHpGained":0,"goldGained":0,"damageTaken":0,"goldLost":99,"maxHpLost":0},"potions_obtained":[{"floor":2.0,"key":"LiquidBronze"},{"floor":4.0,"key":"SteroidPotion"},{"floor":10.0,"key":"Weak Potion"},{"floor":16,"key":"LiquidMemories"},{"floor":30,"key":"DuplicationPotion"}],"is_trial":false,"path_per_floor":["M","M","?","M","M","E","R","E","T","M","E","R","M","M","R","B",null,"M","?","?","M","$","R","$","E","T","R","?","M","M","$","R","B",null,"M"],"character_chosen":"IRONCLAD","basemod:card_modifiers":[null,null,null,null,null,null,null,null,null,null,null,null,null,null,null,null,null,null,null,null,null,null,null,null,null],"items_purchased":["Medical Kit","Feel No Pain","HornCleat"],"campfire_rested":2,"item_purchase_floors":[22,24,31],"current_hp_per_floor":[70,66,66,68,67,61,61,53,63,66,55,55,55,55,55,30,66,66,45,45,45,45,45,45,20,20,43,43,31,19,19,42,23,64,55],"gold":183,"neow_bonus":"THREE_RARE_CARDS","is_prod":false,"is_daily":false,"rewards_skipped":[{"floor":11,"relics":[],"potions":["Explosive Potion"]},{"floor":18,"relics":[],"potions":["Ancient Potion"]}],"chose_seed":false,"campfire_upgraded":4,"win_rate":0,"floor_exit_playtime":[152,177,183,213,258,371,387,429,434,510,593,600,629,662,667,797,885,965,981,996,1093,1137,1164,1199,1382,1386,1392,1424,1519,1594,1652,1655,1764,1801],"timestamp":1679435856,"path_taken":["M","M","?","M","M","E","R","E","T","M","E","R","M","M","R","BOSS","M","?","?","M","$","R","$","E","T","R","?","M","M","?","R","BOSS","M"],"build_version":"2022-12-18","purchased_purges":2,"victory":false,"max_hp_per_floor":[75,75,68,68,68,68,68,68,78,78,78,78,78,78,78,78,78,78,78,78,78,78,78,78,78,78,78,78,78,78,78,78,78,78,78],"relic_stats":{"Darkstone Periapt":0,"counters":[18,67],"Golden Idol":111,"Shuriken":[11],"Nilry\u0027s Codex":[0,6,0,13],"Snecko Eye":[7,5,18,4,-20],"Medical Kit":[9],"obtain_stats":[{"Darkstone Periapt":8,"Pear":9,"Golden Idol":3,"Nilry\u0027s Codex":19,"Medical Kit":22,"Burning Blood":0,"Old Coin":25,"Du-Vu Doll":26,"HornCleat":31,"Shuriken":11,"MutagenicStrength":20,"Snecko Eye":34,"Toxic Egg 2":6,"Runic Cube":17},{"Darkstone Periapt":6,"Pear":6,"Golden Idol":2,"Nilry\u0027s Codex":12,"Medical Kit":13,"Burning Blood":0,"Old Coin":14,"Du-Vu Doll":14,"HornCleat":16,"Shuriken":8,"MutagenicStrength":12,"Snecko Eye":17,"Toxic Egg 2":5,"Runic Cube":11},{"Darkstone Periapt":19,"Pear":19,"Golden Idol":7,"Nilry\u0027s Codex":42,"Medical Kit":45,"Burning Blood":0,"Old Coin":50,"Du-Vu Doll":50,"HornCleat":58,"Shuriken":30,"MutagenicStrength":42,"Snecko Eye":63,"Toxic Egg 2":16,"Runic Cube":39}],"Burning Blood":98,"Runic Cube":[16]},"card_choices":[{"not_picked":["Feed","Brutality"],"picked":"Immolate","floor":0.0},{"not_picked":["True Grit","Clothesline"],"picked":"Shrug It Off","floor":1.0},{"not_picked":["Brutality","Pummel","True Grit"],"picked":"SKIP","floor":2.0},{"not_picked":["Shrug It Off","Cleave"],"picked":"Bloodletting","floor":4.0},{"not_picked":["Havoc","Headbutt"],"picked":"Pommel Strike","floor":5.0},{"not_picked":["Blood for Blood","Limit Break+1"],"picked":"Offering+1","floor":6.0},{"not_picked":["Thunderclap","Burning Pact+1"],"picked":"Shrug It Off+1","floor":8.0},{"not_picked":["Inflame","Havoc+1"],"picked":"Pommel Strike","floor":10.0},{"not_picked":["Flex+1","Bloodletting+1","Heavy Blade"],"picked":"SKIP","floor":11},{"not_picked":["Armaments+1","Clash"],"picked":"Flex+1","floor":13},{"not_picked":["Clash","Body Slam"],"picked":"Disarm+1","floor":14},{"not_picked":["Reaper","Demon Form"],"picked":"Limit Break+1","floor":16},{"not_picked":["Evolve","Dropkick","Armaments+1"],"picked":"SKIP","floor":18},{"not_picked":["Body Slam","Carnage","Blood for Blood"],"picked":"SKIP","floor":21},{"not_picked":["Body Slam","Carnage","Blood for Blood"],"picked":"SKIP","floor":21},{"not_picked":["Shrug It Off+1","Metallicize"],"picked":"Anger","floor":25},{"not_picked":["Sentinel+1","Flex+1","Warcry+1","Reckless Charge","Iron Wave","Pummel","Burning Pact+1","Armaments+1","Perfected Strike","Hemokinesis","Combust","True Grit+1","Entrench+1","Flame Barrier+1","Twin Strike","Havoc+1","Evolve","Body Slam","Shrug It Off+1"],"picked":"Impervious+1","floor":28},{"not_picked":["Armaments+1","Heavy Blade"],"picked":"Warcry+1","floor":29},{"not_picked":["Infernal Blade+1","Rupture"],"picked":"Inflame","floor":30},{"not_picked":["Immolate","Juggernaut"],"picked":"Impervious+1","floor":33}],"player_experience":1598852,"relics_obtained":[{"floor":6.0,"key":"Toxic Egg 2"},{"floor":8.0,"key":"Darkstone Periapt"},{"floor":9.0,"key":"Pear"},{"floor":11,"key":"Shuriken"},{"floor":19,"key":"Nilry\u0027s Codex"},{"floor":25,"key":"Old Coin"},{"floor":26,"key":"Du-Vu Doll"}],"event_choices":[{"damage_healed":0.0,"max_hp_gain":0.0,"max_hp_loss":7.0,"gold_gain":0.0,"event_name":"Golden Idol","player_choice":"Lose Max HP","floor":3.0,"gold_loss":0.0,"damage_taken":0.0,"relics_obtained":["Golden Idol"]},{"damage_healed":0,"gold_gain":0,"player_choice":"Obtained Book","damage_taken":21,"max_hp_gain":0,"max_hp_loss":0,"event_name":"Cursed Tome","floor":19,"gold_loss":0},{"damage_healed":0,"gold_gain":0,"player_choice":"Inject Mutagens","damage_taken":0,"relics_obtained":["MutagenicStrength"],"max_hp_gain":0,"max_hp_loss":0,"event_name":"Drug Dealer","floor":20,"gold_loss":0},{"damage_healed":0,"gold_gain":0,"player_choice":"Read","damage_taken":0,"max_hp_gain":0,"max_hp_loss":0,"event_name":"The Library","floor":28,"gold_loss":0,"cards_obtained":["Impervious"]}],"is_beta":false,"boss_relics":[{"not_picked":["Philosopher\u0027s Stone","SacredBark"],"picked":"Runic Cube"},{"not_picked":["Busted Crown","Calling Bell"],"picked":"Snecko Eye"}],"items_purged_floors":[22,31],"is_endless":false,"potions_floor_spawned":[2,4,10,11,16,18,30],"killed_by":"Orb Walker","ascension_level":20,"potion_discard_per_floor":[[],[],[],[],[],[],[],[],[],[],[],[],[],[],[],["Weak Potion"],[],[],[],[],[],[],[],[],[],[],[],[],[],[],[],[],[],[],[]]}