{"neow_bonuses_skipped_log":["THREE_SMALL_POTIONS","TWENTY_PERCENT_HP_BONUS","BOSS_RELIC"],"potions_obtained_entropic_brew":[[],[],[],[],[],[],[],[],[],[],[],[],[],[],[],[]],"neow_costs_skipped_log":["NONE","NO_GOLD","NONE"],"gold_per_floor":[119,119,138,153,78,110,110,139,218,218,232,232,252,278,278,278],"floor_reached":16,"playtime":814,"items_purged":[],"score":240,"play_id":"1da49f16-ec35-4c6a-9fad-eaf03f478235","local_time":"20230408152719","score_breakdown":["Floors Climbed (16): 80","Enemies Slain (5): 10","Exordium Elites Killed (3): 30","Bosses Slain (0): 0","Ascension (20): 120"],"is_ascension_mode":true,"potions_obtained_alchemize":[[],[],[],[],[],[],[],[],[],[],[],[],[],[],[],[]],"campfire_choices":[{"data":"Armaments","floor":7,"key":"SMITH"},{"data":"Dark Embrace","floor":10,"key":"SMITH"},{"data":"Exhume","floor":12,"key":"SMITH"},{"data":"Body Slam","floor":15,"key":"SMITH"}],"lesson_learned_per_floor":[[],[],[],[],[],[],[],[],[],[],[],[],[],[],[],[]],"neow_cost":"NONE","improvable_cards":{},"seed_source_timestamp":649793524629100,"shop_contents":[],"circlet_count":0,"master_deck":["AscendersBane","Strike_R","Strike_R","Strike_R","Strike_R","Defend_R","Defend_R","Defend_R","Bash","Iron Wave","Disarm","Armaments+1","Clothesline","Dark Embrace+1","True Grit","Exhume+1","Body Slam+1","Feel No Pain"],"potion_use_per_floor":[[],[],[],[],[],[],[],["Dexterity Potion"],[],[],[],[],[],["SkillPotion","LiquidMemories"],[],[]],"relics":["Burning Blood","Thread and Needle","Happy Flower","Bottled Tornado","Blood Vial"],"potions_floor_usage":[8,14,14],"damage_taken":[{"damage":8,"enemies":"2 Louse","floor":1,"turns":3},{"damage":0,"enemies":"Small Slimes","floor":3,"turns":5},{"damage":2,"enemies":"Jaw Worm","floor":4,"turns":4},{"damage":39,"enemies":"Gremlin Nob","floor":6,"turns":5},{"damage":2,"enemies":"3 Sentries","floor":8,"turns":11},{"damage":0,"enemies":"2 Fungi Beasts","floor":11,"turns":4},{"damage":3,"enemies":"Exordium Wildlife","floor":13,"turns":7},{"damage":13,"enemies":"Gremlin Nob","floor":14,"turns":4},{"damage":52,"enemies":"Hexaghost","floor":16,"turns":16}],"seed_played":"-2336865832446614669","neow_bonus_log":{"cardsObtained":[],"cardsUpgraded":[],"cardsRemoved":[],"cardsTransformed":[],"relicsObtained":[],"maxHpGained":0,"goldGained":0,"damageTaken":0,"goldLost":0,"maxHpLost":0},"potions_obtained":[{"floor":1,"key":"Dexterity Potion"},{"floor":4,"key":"Weak Potion"},{"floor":11,"key":"SkillPotion"},{"floor":13,"key":"LiquidMemories"}],"is_trial":false,"path_per_floor":["M","?","M","M","?","E","R","E","T","R","M","R","M","E","R","B"],"character_chosen":"IRONCLAD","basemod:card_modifiers":[null,null,null,null,null,null,null,null,null,null,null,null,null,null,null,null,null,null],"items_purchased":[],"campfire_rested":0,"item_purchase_floors":[],"current_hp_per_floor":[66,66,72,75,75,42,42,46,46,46,52,52,55,48,48,0],"gold":278,"neow_bonus":"THREE_CARDS","is_prod":false,"is_daily":false,"rewards_skipped":[],"chose_seed":false,"campfire_upgraded":4,"win_rate":0,"floor_exit_playtime":[56,62,150,202,210,261,267,410,415,424,504,512,599,667,675],"timestamp":1680982039,"path_taken":["M","?","M","M","?","E","R","E","T","R","?","R","M","E","R","BOSS"],"build_version":"2022-12-18","purchased_purges":0,"victory":false,"max_hp_per_floor":[75,75,75,75,75,75,75,75,75,75,75,75,75,75,75,75],"relic_stats":{"Blood Vial":2,"Happy Flower":[10],"counters":[9,59],"Bottled Tornado":"Dark Embrace","obtain_stats":[{"Blood Vial":14,"Happy Flower":8,"Thread and Needle":6,"Bottled Tornado":9,"Burning Blood":0},{"Blood Vial":8,"Happy Flower":5,"Thread and Needle":4,"Bottled Tornado":5,"Burning Blood":0},{"Blood Vial":43,"Happy Flower":28,"Thread and Needle":17,"Bottled Tornado":28,"Burning Blood":0}],"Burning Blood":47},"card_choices":[{"not_picked":["Combust","Wild Strike"],"picked":"Iron Wave","floor":0},{"not_picked":["Dual Wield","Thunderclap","Evolve"],"picked":"SKIP","floor":1},{"not_picked":["Iron Wave","True Grit"],"picked":"Armaments","floor":3},{"not_picked":["Iron Wave","Shrug It Off"],"picked":"Clothesline","floor":4},{"not_picked":["Power Through","Metallicize"],"picked":"Dark Embrace","floor":6},{"not_picked":["Iron Wave","Second Wind"],"picked":"True Grit","floor":8},{"not_picked":["Clothesline","Evolve"],"picked":"Exhume","floor":11},{"not_picked":["Thunderclap","Searing Blow"],"picked":"Body Slam","floor":13},{"not_picked":["Havoc","Shrug It Off"],"picked":"Feel No Pain","floor":14}],"player_experience":1652560,"relics_obtained":[{"floor":6,"key":"Thread and Needle"},{"floor":8,"key":"Happy Flower"},{"floor":9,"key":"Bottled Tornado"},{"floor":14,"key":"Blood Vial"}],"event_choices":[{"damage_healed":0,"gold_gain":0,"cards_transformed":["Strike_R"],"player_choice":"Change","damage_taken":0,"max_hp_gain":0,"max_hp_loss":0,"event_name":"Living Wall","floor":2,"gold_loss":0,"cards_obtained":["Disarm"]},{"cards_removed":["Defend_R"],"damage_healed":0,"gold_gain":0,"player_choice":"Card Removal","damage_taken":0,"max_hp_gain":0,"max_hp_loss":0,"event_name":"The Cleric","floor":5,"gold_loss":75}],"is_beta":false,"boss_relics":[],"items_purged_floors":[],"is_endless":false,"potions_floor_spawned":[1,4,11,13],"killed_by":"Hexaghost","ascension_level":20,"potion_discard_per_floor":[[],[],[],[],[],[],[],[],[],[],[],[],["Weak Potion"],[],[],[]]}