{"neow_bonuses_skipped_log":["UPGRADE_CARD","THREE_ENEMY_KILL","BOSS_RELIC"],"potions_obtained_entropic_brew":[[],[],[],[],[],[],[],[],[],[],[],[],[],[],[],[],[],[],[],[],[],[],[],[]],"neow_costs_skipped_log":["NONE","NONE","NONE"],"gold_per_floor":[110,129,129,71,71,71,96,96,96,96,126,126,144,159,159,234,234,246,296,273,293,126,126,126],"floor_reached":24,"playtime":655,"items_purged":["Strike_R"],"score":408,"play_id":"6faa595a-9887-4c7e-b3c6-5a0c7fabb517","local_time":"20230408153855","score_breakdown":["Floors Climbed (24): 120","Enemies Slain (7): 14","Exordium Elites Killed (2): 20","City Elites Killed (0): 0","Bosses Slain (1): 50","Ascension (20): 204"],"is_ascension_mode":true,"potions_obtained_alchemize":[[],[],[],[],[],[],[],[],[],[],[],[],[],[],[],[],[],[],[],[],[],[],[],[]],"campfire_choices":[{"floor":6.0,"key":"REST"},{"floor":10.0,"key":"REST"},{"data":"1","floor":12.0,"key":"LIFT"},{"data":"2","floor":15.0,"key":"LIFT"},{"floor":23,"key":"REST"}],"lesson_learned_per_floor":[[],[],[],[],[],[],[],[],[],[],[],[],[],[],[],[],[],[],[],[],[],[],[],[]],"neow_cost":"PERCENT_DAMAGE","improvable_cards":{},"seed_source_timestamp":650635251479400,"shop_contents":[{"floor":22,"relics":["Molten Egg 2","Mango","Cauldron"],"cards":["Iron Wave","Hemokinesis","Armaments","Warcry","Inflame","Secret Weapon"],"potions":["ElixirPotion","Weak Potion","Strength Potion"]}],"circlet_count":0,"master_deck":["AscendersBane","Strike_R","Strike_R","Strike_R","Strike_R","Defend_R","Defend_R","Defend_R","Defend_R+1","Bash+1","Apotheosis+1","Perfected Strike","Warcry","Uppercut","Warcry","Flame Barrier","Inflame","Corruption","Heavy Blade","Shockwave","Feed","Good Instincts"],"special_seed":0,"potion_use_per_floor":[[],[],[],[],[],[],["FearPotion"],[],[],[],[],[],[],[],[],[],[],[],[],[],[],[],[],["Energy Potion"]],"relics":["Burning Blood","Bottled Flame","Girya","Magic Flower","Philosopher\u0027s Stone"],"potions_floor_usage":[24],"damage_taken":[{"damage":9.0,"enemies":"Cultist","floor":1.0,"turns":4.0},{"damage":16.0,"enemies":"Jaw Worm","floor":2.0,"turns":4.0},{"damage":12.0,"enemies":"Lagavulin","floor":7.0,"turns":4.0},{"damage":36.0,"enemies":"Gremlin Nob","floor":11.0,"turns":4.0},{"damage":0.0,"enemies":"Small Slimes","floor":13.0,"turns":3.0},{"damage":5.0,"enemies":"2 Fungi Beasts","floor":14.0,"turns":4.0},{"damage":22,"enemies":"Hexaghost","floor":16,"turns":9},{"damage":22,"enemies":"Shell Parasite","floor":18,"turns":5},{"damage":23,"enemies":"2 Thieves","floor":20,"turns":4},{"damage":24,"enemies":"Snake Plant","floor":21,"turns":4},{"damage":47,"enemies":"Gremlin Leader","floor":24,"turns":8}],"seed_played":"8668030909713890868","neow_bonus_log":{"cardsObtained":[],"cardsUpgraded":[],"cardsRemoved":[],"cardsTransformed":[],"relicsObtained":[],"maxHpGained":0,"goldGained":0,"damageTaken":18,"goldLost":0,"maxHpLost":0},"potions_obtained":[{"floor":1.0,"key":"FearPotion"},{"floor":14.0,"key":"LiquidBronze"},{"floor":20,"key":"Strength Potion"},{"floor":21,"key":"Energy Potion"}],"is_trial":false,"path_per_floor":["M","M","?","?","?","R","E","?","T","R","E","R","M","M","R","B",null,"M","?","M","M","$","R","E"],"character_chosen":"IRONCLAD","basemod:card_modifiers":[null,null,null,null,null,null,null,null,null,null,null,null,null,null,null,null,null,null,null,null,null,null],"items_purchased":["Good Instincts"],"campfire_rested":3,"item_purchase_floors":[22],"current_hp_per_floor":[47,37,37,37,14,36,30,30,30,52,22,22,31,35,35,22,62,49,49,35,20,20,42,0],"gold":126,"neow_bonus":"RANDOM_COLORLESS_2","is_prod":false,"is_daily":false,"rewards_skipped":[],"chose_seed":false,"campfire_upgraded":0,"win_rate":0,"floor_exit_playtime":[43,74,78,82,85,88,138,146,148,155,190,200,232,274,279,349,369,427,431,489,531,554,562],"timestamp":1680982735,"path_taken":["M","M","?","?","?","R","E","?","T","R","E","R","M","M","R","BOSS","M","?","M","M","$","R","E"],"build_version":"2022-12-18","purchased_purges":1,"victory":false,"max_hp_per_floor":[75,75,75,75,75,75,75,75,75,75,75,75,75,75,75,75,75,75,75,75,75,75,75,75],"relic_stats":{"Girya":2,"Bottled Flame":"Uppercut","counters":[11,53],"Magic Flower":[18],"obtain_stats":[{"Girya":9,"Bottled Flame":7,"Magic Flower":11,"Philosopher\u0027s Stone":17,"Burning Blood":0},{"Girya":3,"Bottled Flame":3,"Magic Flower":4,"Philosopher\u0027s Stone":7,"Burning Blood":0},{"Girya":12,"Bottled Flame":12,"Magic Flower":16,"Philosopher\u0027s Stone":32,"Burning Blood":0}],"Burning Blood":78},"card_choices":[{"not_picked":["Transmutation","Violence"],"picked":"Apotheosis","floor":0.0},{"not_picked":["Sword Boomerang","Heavy Blade"],"picked":"Perfected Strike","floor":1.0},{"not_picked":["Inflame","Clothesline"],"picked":"Warcry","floor":2.0},{"not_picked":["Seeing Red","Power Through"],"picked":"Uppercut","floor":7.0},{"not_picked":["Clothesline","Thunderclap"],"picked":"Warcry","floor":11.0},{"not_picked":["Shrug It Off","Brutality"],"picked":"Flame Barrier","floor":13.0},{"not_picked":["Clothesline","Wild Strike"],"picked":"Inflame","floor":14.0},{"not_picked":["Berserk","Demon Form"],"picked":"Corruption","floor":16},{"not_picked":["Clothesline","Iron Wave"],"picked":"Heavy Blade","floor":18},{"not_picked":["Body Slam+1","Pommel Strike"],"picked":"Shockwave","floor":20},{"not_picked":["Dropkick+1","Metallicize"],"picked":"Feed","floor":21}],"player_experience":1653374,"relics_obtained":[{"floor":7.0,"key":"Bottled Flame"},{"floor":9.0,"key":"Girya"},{"floor":11.0,"key":"Magic Flower"}],"event_choices":[{"damage_healed":0.0,"max_hp_gain":0.0,"max_hp_loss":0.0,"gold_gain":0.0,"event_name":"Liars Game","player_choice":"Ignored","floor":3.0,"gold_loss":0.0,"damage_taken":0.0},{"damage_healed":0.0,"max_hp_gain":0.0,"max_hp_loss":0.0,"gold_gain":0.0,"event_name":"World of Goop","player_choice":"Left Gold","floor":4.0,"gold_loss":58.0,"damage_taken":0.0},{"damage_healed":0.0,"max_hp_gain":0.0,"max_hp_loss":0.0,"gold_gain":0.0,"event_name":"Shining Light","player_choice":"Entered Light","floor":5.0,"gold_loss":0.0,"damage_taken":23.0,"cards_upgraded":["Bash","Defend_R"]},{"damage_healed":0.0,"max_hp_gain":0.0,"max_hp_loss":0.0,"gold_gain":0.0,"event_name":"Living Wall","player_choice":"Grow","floor":8.0,"gold_loss":0.0,"damage_taken":0.0,"cards_upgraded":["Apotheosis"]},{"damage_healed":0,"gold_gain":50,"player_choice":"Pray","damage_taken":0,"max_hp_gain":0,"max_hp_loss":0,"event_name":"Golden Shrine","floor":19,"gold_loss":0}],"is_beta":false,"boss_relics":[{"not_picked":["Coffee Dripper","Calling Bell"],"picked":"Philosopher\u0027s Stone"}],"items_purged_floors":[22],"is_endless":false,"potions_floor_spawned":[1,14,20,21],"killed_by":"Gremlin Leader","ascension_level":20,"potion_discard_per_floor":[[],[],[],[],[],[],[],[],[],[],[],[],[],[],[],[],[],[],[],[],["LiquidBronze"],[],[],[]]}