{"neow_bonuses_skipped_log":["REMOVE_CARD","HUNDRED_GOLD","BOSS_RELIC"],"neow_costs_skipped_log":["NONE","NONE","NONE"],"potions_obtained_entropic_brew":[[],[],[],[],[],[],[],[],[],[],[],[],[],[],[],[],[],[],[],[],[],[],[],[],[],[],[],[],[],[],[],[],[],[],[],[],[],[],[],[],[],[],[],[],[],[],[],[],[],[],[],[],[],[],[],[],[]],"gold_per_floor":[109,109,119,19,19,19,31,57,81,81,92,92,106,133,145,234,246,278,290,302,326,358,370,407,439,451,37,52,83,83,95,95,167,167,185,205,220,220,220,220,251,269,269,285,75,85,119,134,134,134,134,134,134,0,26,26],"floor_reached":57,"playtime":3046,"items_purged":["Strike_R","Normality"],"score":2882,"play_id":"6ae8598d-12de-4f88-a841-d8db2374742e","local_time":"20230409175325","falling_options_log":["Bash+1","Feel No Pain"],"score_breakdown":["Floors Climbed (57): 285","Enemies Slain (18): 36","Exordium Elites Killed (2): 20","City Elites Killed (2): 40","Beyond Elites Killed (2): 60","Bosses Slain (5): 750","Speedster: 25","Librarian: 25","Champion (2): 50","Perfect (1): 50","Ascension (20): 1291","Heartbreaker: 250"],"is_ascension_mode":true,"potions_obtained_alchemize":[[],[],[],[],[],[],[],[],[],[],[],[],[],[],[],[],[],[],[],[],[],[],[],[],[],[],[],[],[],[],[],[],[],[],[],[],[],[],[],[],[],[],[],[],[],[],[],[],[],[],[],[],[],[],[],[],[]],"campfire_choices":[{"data":"Bash","floor":6.0,"key":"SMITH"},{"data":"Shockwave","floor":10.0,"key":"SMITH"},{"data":"Headbutt","floor":12.0,"key":"SMITH"},{"data":"Pommel Strike","floor":15.0,"key":"SMITH"},{"data":"Corruption","floor":23.0,"key":"SMITH"},{"data":"Barricade","floor":32.0,"key":"SMITH"},{"data":"Master of Strategy","floor":40.0,"key":"SMITH"},{"floor":49,"key":"RECALL"},{"floor":53,"key":"REST"}],"lesson_learned_per_floor":[[],[],[],[],[],[],[],[],[],[],[],[],[],[],[],[],[],[],[],[],[],[],[],[],[],[],[],[],[],[],[],[],[],[],[],[],[],[],[],[],[],[],[],[],[],[],[],[],[],[],[],[],[],[],[],[],[]],"neow_cost":"TEN_PERCENT_HP_LOSS","improvable_cards":{},"seed_source_timestamp":742649360923800,"shop_contents":[{"floor":4,"relics":["Omamori","Tiny Chest","Orrery"],"cards":["Rampage","Havoc","Flame Barrier","Evolve","Dark Shackles","Magnetism"],"potions":["Explosive Potion","Regen Potion","Energy Potion"]},{"floor":27,"relics":["Ornamental Fan","HandDrill"],"cards":["Wild Strike","Sever Soul","Armaments+1","Rupture","Swift Strike","Transmutation+1"],"potions":["Regen Potion","SteroidPotion","EssenceOfSteel"]},{"floor":45,"relics":["HornCleat","Calipers"],"cards":["Immolate","Bludgeon","True Grit+1","Brutality","Good Instincts+1","Panache"],"potions":["FearPotion","PowerPotion","Dexterity Potion"]},{"floor":54,"relics":["Toy Ornithopter","Kunai","Strange Spoon"],"cards":["Pommel Strike","Uppercut","Ghostly Armor+1","Fire Breathing","Good Instincts+1","Violence+1"],"potions":["Regen Potion","GamblersBrew"]}],"circlet_count":0,"master_deck":["AscendersBane","Strike_R","Strike_R","Defend_R","Defend_R","Defend_R","Bash+1","Master of Strategy+1","Twin Strike+1","Flame Barrier","Headbutt+1","Fire Breathing","Shockwave+1","Anger","Pommel Strike+1","Corruption+1","Pommel Strike+1","Spot Weakness","Intimidate","Evolve","Shrug It Off","Flame Barrier","Warcry+1","Feel No Pain","Barricade+1","Ghostly+1","Ghostly+1","Ghostly+1","Infernal Blade+1","Limit Break+1","Feel No Pain","Warcry+1","Ghostly Armor+1","Finesse+1","Dark Shackles+1","Impatience+1","Rage+1","Whirlwind+1","Havoc+1","Warcry+1","Dual Wield+1","Shrug It Off+1","Inflame+1"],"special_seed":0,"potion_use_per_floor":[[],[],[],[],[],[],[],["Weak Potion"],[],[],[],[],[],[],[],["AttackPotion"],[],[],[],[],["BloodPotion"],[],[],[],[],[],[],[],[],["Fruit Juice"],[],[],[],[],[],[],["BlessingOfTheForge"],[],[],[],["Fire Potion"],[],[],[],[],[],[],[],[],[],[],[],[],[],["GamblersBrew"],["DuplicationPotion"],[]],"relics":["Burning Blood","Strawberry","Lantern","Oddly Smooth Stone","MawBank","Cursed Key","Bronze Scales","Toxic Egg 2","Dream Catcher","SlaversCollar","MealTicket","Toolbox","Centennial Puzzle","Boot"],"potions_floor_usage":[55,56],"damage_taken":[{"damage":1.0,"enemies":"2 Louse","floor":1.0,"turns":4.0},{"damage":1.0,"enemies":"Cultist","floor":3.0,"turns":3.0},{"damage":7.0,"enemies":"Jaw Worm","floor":7.0,"turns":2.0},{"damage":35.0,"enemies":"Lagavulin","floor":8.0,"turns":8.0},{"damage":0.0,"enemies":"Blue Slaver","floor":11.0,"turns":4.0},{"damage":8.0,"enemies":"Red Slaver","floor":13.0,"turns":3.0},{"damage":20.0,"enemies":"3 Sentries","floor":14.0,"turns":5.0},{"damage":5.0,"enemies":"Slime Boss","floor":16.0,"turns":7.0},{"damage":14.0,"enemies":"Spheric Guardian","floor":18.0,"turns":4.0},{"damage":0.0,"enemies":"3 Byrds","floor":21.0,"turns":4.0},{"damage":13.0,"enemies":"Cultist and Chosen","floor":22.0,"turns":5.0},{"damage":22.0,"enemies":"Slavers","floor":24.0,"turns":3.0},{"damage":0.0,"enemies":"Centurion and Healer","floor":25.0,"turns":4.0},{"damage":4.0,"enemies":"Chosen and Byrds","floor":28.0,"turns":4.0},{"damage":18.0,"enemies":"Book of Stabbing","floor":29.0,"turns":5.0},{"damage":0.0,"enemies":"Snake Plant","floor":31.0,"turns":4.0},{"damage":7.0,"enemies":"Collector","floor":33.0,"turns":9.0},{"damage":0.0,"enemies":"3 Shapes","floor":35.0,"turns":6.0},{"damage":8.0,"enemies":"Orb Walker","floor":36.0,"turns":5.0},{"damage":4.0,"enemies":"Jaw Worm Horde","floor":37.0,"turns":6.0},{"damage":0.0,"enemies":"Reptomancer","floor":41.0,"turns":6.0},{"damage":0.0,"enemies":"Maw","floor":42.0,"turns":7.0},{"damage":12,"enemies":"Transient","floor":44,"turns":6},{"damage":9,"enemies":"Spire Growth","floor":46,"turns":7},{"damage":0,"enemies":"Nemesis","floor":47,"turns":11},{"damage":10,"enemies":"Maw","floor":48,"turns":9},{"damage":0,"enemies":"Awakened One","floor":50,"turns":9},{"damage":14,"enemies":"Donu and Deca","floor":51,"turns":9},{"damage":13,"enemies":"Shield and Spear","floor":55,"turns":5},{"damage":16,"enemies":"The Heart","floor":56,"turns":8}],"green_key_taken_log":47,"seed_played":"7868501579396850433","neow_bonus_log":{"cardsObtained":[],"cardsUpgraded":[],"cardsRemoved":[],"cardsTransformed":[],"relicsObtained":[],"maxHpGained":0,"goldGained":0,"damageTaken":0,"goldLost":0,"maxHpLost":7},"potions_obtained":[{"floor":1.0,"key":"ElixirPotion"},{"floor":3.0,"key":"Weak Potion"},{"floor":13.0,"key":"BloodPotion"},{"floor":14.0,"key":"AttackPotion"},{"floor":16.0,"key":"Fire Potion"},{"floor":21.0,"key":"Dexterity Potion"},{"floor":25.0,"key":"Weak Potion"},{"floor":29.0,"key":"Fruit Juice"},{"floor":35.0,"key":"BlessingOfTheForge"},{"floor":37.0,"key":"LiquidBronze"},{"floor":41.0,"key":"Explosive Potion"},{"floor":42.0,"key":"GamblersBrew"},{"floor":55,"key":"Energy Potion"}],"is_trial":false,"path_per_floor":["M","?","M","$","?","R","M","E","T","R","M","R","M","E","R","B",null,"M","?","?","M","M","R","E","M","T","$","M","E","?","M","R","B",null,"M","M","M","?","?","R","E","M","T","M","$","M","E","M","R","B","B",null,"R","$","E","B",null],"character_chosen":"IRONCLAD","basemod:card_modifiers":[null,null,null,null,null,null,null,null,null,null,null,null,null,null,null,null,null,null,null,null,null,null,null,null,null,null,null,null,null,null,null,null,null,null,null,null,null,null,null,null,null,null,null],"items_purchased":["Headbutt","Toxic Egg 2","Warcry+1","Toolbox","Havoc+1","Shrug It Off+1","DuplicationPotion"],"campfire_rested":1,"item_purchase_floors":[4,27,27,45,45,54,54],"current_hp_per_floor":[68,68,68,68,75,75,74,45,45,45,51,51,49,35,35,36,65,57,57,46,67,60,60,44,50,50,50,52,40,42,42,42,41,42,42,40,42,42,32,32,38,42,42,36,42,39,42,38,38,42,34,40,42,42,35,25],"gold":26,"neow_bonus":"RANDOM_COLORLESS_2","is_prod":false,"is_daily":false,"rewards_skipped":[{"floor":28,"relics":[],"potions":["SmokeBomb"]},{"floor":47,"relics":[],"potions":["EssenceOfSteel"]}],"chose_seed":false,"campfire_upgraded":7,"win_rate":0,"floor_exit_playtime":[52,57,78,88,92,98,114,182,184,190,232,239,260,309,315,379,397,435,441,457,518,576,583,635,683,689,703,753,822,827,1003,1015,1176,1203,1266,1323,1424,1429,1455,1465,1574,1671,1674,1776,1787,1901,2088,2246,2249,2457,2639,2650,2665,2704,2843,3046],"timestamp":1681077205,"blue_key_relic_skipped_log":{"floor":26,"relicID":"Orichalcum"},"path_taken":["M","?","M","?","?","R","?","E","T","R","M","R","?","E","R","BOSS","M","?","?","?","M","R","E","M","T","$","M","E","?","M","R","BOSS","M","M","M","?","?","R","E","M","T","M","$","M","E","M","R","BOSS","BOSS","R","$","E","BOSS"],"build_version":"2022-12-18","purchased_purges":2,"victory":true,"max_hp_per_floor":[68,68,68,68,75,75,75,75,75,75,75,75,75,75,75,75,75,75,75,75,75,75,75,75,75,75,75,75,75,42,42,42,42,42,42,42,42,42,42,42,42,42,42,42,42,42,42,42,42,42,42,42,42,42,42,42],"relic_stats":{"Dream Catcher":1,"Centennial Puzzle":[11],"counters":[30,172],"Bronze Scales":[446],"MealTicket":6,"MawBank":156,"Cursed Key":1,"Boot":[0],"obtain_stats":[{"Lantern":8,"Oddly Smooth Stone":9,"MawBank":14,"Cursed Key":17,"Boot":55,"Burning Blood":0,"SlaversCollar":34,"Dream Catcher":29,"Centennial Puzzle":47,"Strawberry":5,"Bronze Scales":24,"Toolbox":45,"MealTicket":41,"Toxic Egg 2":27},{"Lantern":4,"Oddly Smooth Stone":4,"MawBank":7,"Cursed Key":8,"Boot":29,"Burning Blood":0,"SlaversCollar":17,"Dream Catcher":15,"Centennial Puzzle":25,"Strawberry":2,"Bronze Scales":12,"Toolbox":23,"MealTicket":21,"Toxic Egg 2":13},{"Lantern":17,"Oddly Smooth Stone":17,"MawBank":29,"Cursed Key":36,"Boot":164,"Burning Blood":0,"SlaversCollar":78,"Dream Catcher":65,"Centennial Puzzle":132,"Strawberry":7,"Bronze Scales":52,"Toolbox":114,"MealTicket":101,"Toxic Egg 2":56}],"Burning Blood":151},"card_choices":[{"not_picked":["Mayhem","Secret Weapon"],"picked":"Master of Strategy","floor":0.0},{"not_picked":["Intimidate","Feel No Pain"],"picked":"Twin Strike","floor":1.0},{"not_picked":["Shrug It Off","Sword Boomerang"],"picked":"Flame Barrier","floor":3.0},{"not_picked":["Armaments","Seeing Red"],"picked":"Fire Breathing","floor":7.0},{"not_picked":["Warcry","Uppercut"],"picked":"Shockwave","floor":8.0},{"not_picked":["Searing Blow","Clash","Iron Wave"],"picked":"SKIP","floor":11.0},{"not_picked":["Ghostly Armor","Pummel"],"picked":"Anger","floor":13.0},{"not_picked":["True Grit","Headbutt"],"picked":"Pommel Strike","floor":14.0},{"not_picked":["Feed","Berserk"],"picked":"Corruption","floor":16.0},{"not_picked":["Disarm","Evolve"],"picked":"Pommel Strike+1","floor":18.0},{"not_picked":["Sever Soul","Evolve","Intimidate"],"picked":"SKIP","floor":21.0},{"not_picked":["Sever Soul","Intimidate"],"picked":"Evolve","floor":21.0},{"not_picked":["Evolve","Clash"],"picked":"Shrug It Off","floor":22.0},{"not_picked":["Perfected Strike","Reckless Charge","Flex"],"picked":"SKIP","floor":24.0},{"not_picked":["Anger+1","Entrench"],"picked":"Flame Barrier","floor":25.0},{"not_picked":["Intimidate+1","Cleave"],"picked":"Feel No Pain","floor":28.0},{"not_picked":["Pummel","Thunderclap+1"],"picked":"Barricade","floor":29.0},{"not_picked":["Fire Breathing","Perfected Strike+1"],"picked":"Infernal Blade+1","floor":31.0},{"not_picked":["Barricade","Bludgeon"],"picked":"Limit Break+1","floor":33.0},{"not_picked":["Rampage","Twin Strike"],"picked":"Feel No Pain","floor":35.0},{"not_picked":["Anger","Body Slam"],"picked":"Warcry+1","floor":36.0},{"not_picked":["Cleave","Headbutt"],"picked":"Ghostly Armor+1","floor":37.0},{"not_picked":["Mayhem","Mind Blast"],"picked":"Finesse+1","floor":39.0},{"not_picked":["PanicButton+1","Transmutation+1"],"picked":"Dark Shackles+1","floor":39.0},{"not_picked":["Trip+1","Panacea+1"],"picked":"Impatience+1","floor":39.0},{"not_picked":["Twin Strike+1","Perfected Strike"],"picked":"Rage+1","floor":41.0},{"not_picked":["Flex+1","Sword Boomerang","Fire Breathing+1"],"picked":"SKIP","floor":42.0},{"not_picked":["Twin Strike","Pommel Strike"],"picked":"Whirlwind+1","floor":44},{"not_picked":["Sword Boomerang","Bloodletting+1"],"picked":"Warcry+1","floor":46},{"not_picked":["Second Wind+1","Pummel"],"picked":"Dual Wield+1","floor":47},{"not_picked":["Bludgeon","Thunderclap","Hemokinesis"],"picked":"SKIP","floor":48},{"not_picked":["Power Through+1","Carnage+1"],"picked":"Inflame+1","floor":55}],"player_experience":1669655,"relics_obtained":[{"floor":8.0,"key":"Lantern"},{"floor":9.0,"key":"Oddly Smooth Stone"},{"floor":14.0,"key":"MawBank"},{"floor":24.0,"key":"Bronze Scales"},{"floor":29.0,"key":"Dream Catcher"},{"floor":41.0,"key":"MealTicket"},{"floor":47,"key":"Centennial Puzzle"},{"floor":55,"key":"Boot"}],"event_choices":[{"damage_healed":0.0,"max_hp_gain":0.0,"max_hp_loss":0.0,"gold_gain":0.0,"event_name":"Upgrade Shrine","player_choice":"Upgraded","floor":2.0,"gold_loss":0.0,"damage_taken":0.0,"cards_upgraded":["Twin Strike"]},{"damage_healed":0.0,"max_hp_gain":0.0,"max_hp_loss":0.0,"gold_gain":0.0,"event_name":"WeMeetAgain","player_choice":"Gave Potion","floor":5.0,"gold_loss":0.0,"damage_taken":0.0,"relics_obtained":["Strawberry"]},{"damage_healed":0.0,"max_hp_gain":0.0,"max_hp_loss":0.0,"gold_gain":0.0,"cards_transformed":["Strike_R","Strike_R"],"event_name":"Drug Dealer","player_choice":"Became Test Subject","floor":19.0,"gold_loss":0.0,"damage_taken":0.0,"cards_obtained":["Spot Weakness","Intimidate"]},{"damage_healed":0.0,"max_hp_gain":0.0,"max_hp_loss":0.0,"gold_gain":0.0,"event_name":"Wheel of Change","player_choice":"Damaged","floor":20.0,"gold_loss":0.0,"damage_taken":11.0},{"damage_healed":0.0,"max_hp_gain":0.0,"max_hp_loss":38.0,"gold_gain":0.0,"event_name":"Ghosts","player_choice":"Became a Ghost","floor":30.0,"gold_loss":0.0,"damage_taken":0.0,"cards_obtained":["Ghostly","Ghostly","Ghostly"]},{"cards_removed":["Defend_R"],"damage_healed":0.0,"max_hp_gain":0.0,"max_hp_loss":0.0,"gold_gain":0.0,"event_name":"Falling","player_choice":"Removed Skill","floor":38.0,"gold_loss":0.0,"damage_taken":0.0},{"damage_healed":0.0,"max_hp_gain":0.0,"max_hp_loss":0.0,"gold_gain":0.0,"event_name":"SensoryStone","player_choice":"Memory 3","floor":39.0,"gold_loss":0.0,"damage_taken":10.0}],"is_beta":false,"boss_relics":[{"not_picked":["Runic Dome","Tiny House"],"picked":"Cursed Key"},{"not_picked":["Snecko Eye","Runic Cube"],"picked":"SlaversCollar"}],"items_purged_floors":[4,27],"is_endless":false,"potions_floor_spawned":[1,3,13,14,16,21,25,28,29,35,37,41,42,47,55],"ascension_level":20,"potion_discard_per_floor":[[],[],[],[],[],[],[],[],[],[],[],[],[],[],[],[],[],[],[],[],[],[],[],[],["Dexterity Potion"],[],[],[],["Weak Potion"],[],[],[],[],[],[],[],[],[],[],[],[],["Explosive Potion"],[],[],[],[],[],[],[],[],[],[],[],["LiquidBronze"],[],[],[]]}