{"neow_bonuses_skipped_log":["RANDOM_COLORLESS","TRANSFORM_TWO_CARDS","BOSS_RELIC"],"neow_costs_skipped_log":["NONE","PERCENT_DAMAGE","NONE"],"potions_obtained_entropic_brew":[[],[],[],[],[],[],[],[],[],[]],"gold_per_floor":[211,7,27,41,41,41,65,98,98,98],"floor_reached":10,"playtime":474,"items_purged":[],"score":136,"play_id":"e8609432-f231-46c9-9dc9-b241f549cb77","local_time":"20230409224433","score_breakdown":["Floors Climbed (10): 50","Enemies Slain (4): 8","Exordium Elites Killed (1): 10","Bosses Slain (0): 0","Ascension (20): 68"],"is_ascension_mode":true,"potions_obtained_alchemize":[[],[],[],[],[],[],[],[],[],[]],"campfire_choices":[{"data":"Iron Wave","floor":6,"key":"SMITH"}],"lesson_learned_per_floor":[[],[],[],[],[],[],[],[],[],[]],"neow_cost":"NONE","improvable_cards":{},"seed_source_timestamp":762767813849100,"shop_contents":[{"floor":2,"relics":["Lizard Tail","Lee\u0027s Waffle"],"cards":["Iron Wave","Perfected Strike","Havoc","Dark Embrace","Dramatic Entrance","Mayhem"],"potions":["LiquidMemories","Weak Potion","AttackPotion"]}],"circlet_count":0,"master_deck":["AscendersBane","Strike_R","Strike_R","Strike_R","Strike_R","Strike_R","Defend_R","Defend_R","Defend_R","Defend_R","Bash","Iron Wave+1","Disarm","Reckless Charge","Juggernaut","Anger"],"potion_use_per_floor":[[],[],[],[],[],[],["EssenceOfSteel"],[],[],["Weak Potion"]],"relics":["Burning Blood","Vajra","Golden Idol","Girya","Sundial"],"potions_floor_usage":[7,10],"damage_taken":[{"damage":3,"enemies":"2 Louse","floor":1,"turns":4},{"damage":0,"enemies":"Small Slimes","floor":3,"turns":4},{"damage":2,"enemies":"Jaw Worm","floor":4,"turns":3},{"damage":6,"enemies":"Gremlin Gang","floor":7,"turns":6},{"damage":43,"enemies":"3 Sentries","floor":8,"turns":9},{"damage":14,"enemies":"Lagavulin","floor":10,"turns":5}],"seed_played":"8312536809948630168","neow_bonus_log":{"cardsObtained":[],"cardsUpgraded":[],"cardsRemoved":[],"cardsTransformed":[],"relicsObtained":[],"maxHpGained":0,"goldGained":100,"damageTaken":0,"goldLost":0,"maxHpLost":0},"potions_obtained":[{"floor":4,"key":"EssenceOfSteel"},{"floor":7,"key":"Weak Potion"}],"is_trial":false,"path_per_floor":["M","$","M","M","?","R","M","E","T","E"],"character_chosen":"IRONCLAD","basemod:card_modifiers":[null,null,null,null,null,null,null,null,null,null,null,null,null,null,null,null],"items_purchased":["Disarm","Vajra"],"campfire_rested":0,"item_purchase_floors":[2,2],"current_hp_per_floor":[71,71,75,75,49,49,49,12,12,0],"gold":98,"neow_bonus":"HUNDRED_GOLD","is_prod":false,"is_daily":false,"rewards_skipped":[],"chose_seed":false,"campfire_upgraded":1,"win_rate":0,"floor_exit_playtime":[77,87,137,163,167,174,254,440,442],"timestamp":1681094673,"path_taken":["M","$","M","M","?","R","M","E","T","E"],"build_version":"2022-12-18","purchased_purges":0,"victory":false,"max_hp_per_floor":[75,75,75,75,75,75,75,75,75,75],"relic_stats":{"Girya":0,"counters":[6,31],"Golden Idol":12,"Sundial":[0],"obtain_stats":[{"Girya":8,"Golden Idol":5,"Sundial":9,"Vajra":2,"Burning Blood":0},{"Girya":5,"Golden Idol":3,"Sundial":5,"Vajra":1,"Burning Blood":0},{"Girya":26,"Golden Idol":11,"Sundial":26,"Vajra":4,"Burning Blood":0}],"Burning Blood":24},"card_choices":[{"not_picked":["Clothesline","Heavy Blade"],"picked":"Iron Wave","floor":1},{"not_picked":["Searing Blow","Evolve","Perfected Strike"],"picked":"SKIP","floor":3},{"not_picked":["True Grit","Iron Wave"],"picked":"Reckless Charge","floor":4},{"not_picked":["Dark Embrace","True Grit"],"picked":"Juggernaut","floor":7},{"not_picked":["Clothesline","Combust"],"picked":"Anger","floor":8}],"player_experience":1674724,"relics_obtained":[{"floor":8,"key":"Girya"},{"floor":9,"key":"Sundial"}],"event_choices":[{"damage_healed":0,"gold_gain":0,"player_choice":"Take Damage","damage_taken":26,"relics_obtained":["Golden Idol"],"max_hp_gain":0,"max_hp_loss":0,"event_name":"Golden Idol","floor":5,"gold_loss":0}],"is_beta":false,"boss_relics":[],"items_purged_floors":[],"is_endless":false,"potions_floor_spawned":[4,7],"killed_by":"Lagavulin","ascension_level":20,"potion_discard_per_floor":[[],[],[],[],[],[],[],[],[],[]]}