{"neow_bonuses_skipped_log":["THREE_CARDS","RANDOM_COMMON_RELIC","BOSS_RELIC"],"neow_costs_skipped_log":["NONE","NONE","NONE"],"potions_obtained_entropic_brew":[[],[],[],[],[],[],[],[],[],[],[],[],[],[],[],[],[],[],[],[],[],[],[],[],[],[],[],[],[],[],[],[],[],[],[],[],[],[],[],[],[],[],[],[],[],[],[],[],[],[],[],[],[],[],[],[],[]],"gold_per_floor":[19,19,40,40,40,71,89,168,168,211,72,72,97,110,110,199,199,218,239,154,173,173,173,223,262,287,287,22,41,57,82,82,175,175,194,93,161,175,508,508,534,534,534,552,567,567,350,362,362,362,362,362,362,28,53,53],"floor_reached":57,"playtime":2936,"items_purged":["Strike_R+1","Strike_R+1","Strike_R+1","Strike_R+1"],"score":2774,"play_id":"45dbace0-973d-47fc-9138-364feabd74b7","local_time":"20230408214422","score_breakdown":["Floors Climbed (57): 285","Enemies Slain (16): 32","Exordium Elites Killed (2): 20","City Elites Killed (1): 20","Beyond Elites Killed (1): 30","Bosses Slain (5): 750","Speedster: 25","Money Money (1214): 25","Collector (1): 25","Librarian: 25","Stuffed: 50","Champion (1): 25","Overkill: 25","Ascension (20): 1187","Heartbreaker: 250"],"is_ascension_mode":true,"potions_obtained_alchemize":[[],[],[],[],[],[],[],[],[],[],[],[],[],[],[],[],[],[],[],[],[],[],[],[],[],[],[],[],[],[],[],[],[],[],[],[],[],[],[],[],[],[],[],[],[],[],[],[],[],[],[],[],[],[],[],[],[]],"campfire_choices":[{"floor":12.0,"key":"REST"},{"data":"Barricade","floor":15.0,"key":"SMITH"},{"data":"Impervious","floor":23.0,"key":"SMITH"},{"floor":27.0,"key":"REST"},{"data":"Feel No Pain","floor":32,"key":"SMITH"},{"data":"Burning Pact","floor":40,"key":"SMITH"},{"data":"Bash","floor":42,"key":"SMITH"},{"data":"Inflame","floor":46,"key":"SMITH"},{"floor":49,"key":"RECALL"},{"floor":53,"key":"REST"}],"lesson_learned_per_floor":[[],[],[],[],[],[],[],[],[],[],[],[],[],[],[],[],[],[],[],[],[],[],[],[],[],[],[],[],[],[],[],[],[],[],[],[],[],[],[],[],[],[],[],[],[],[],[],[],[],[],[],[],[],[],[],[],[]],"neow_cost":"NO_GOLD","improvable_cards":{},"seed_source_timestamp":670221221468200,"shop_contents":[{"floor":11,"relics":["WingedGreaves","Girya","Frozen Eye"],"cards":["Heavy Blade+1","Sever Soul+1","Exhume+1","Jack Of All Trades+1","Secret Technique+1"],"potions":["FairyPotion","GamblersBrew","FearPotion"]},{"floor":28,"relics":["Nunchaku","War Paint"],"cards":["Searing Blow+1","Havoc+1","Fire Breathing","Jack Of All Trades+1","The Bomb+1"],"potions":["Strength Potion","Strength Potion","Strength Potion"]},{"floor":36,"relics":["Du-Vu Doll","Dream Catcher","Sling"],"cards":["Carnage+1","Headbutt+1","Metallicize","Forethought+1","HandOfGreed+1"],"potions":["Regen Potion","ElixirPotion","SpeedPotion"]},{"floor":47,"relics":["Question Card","Calipers","Chemical X"],"cards":["Carnage+1","Bludgeon+1","Combust","Apotheosis+1"],"potions":["BlessingOfTheForge"]},{"floor":54,"relics":["Bag of Marbles","Paper Frog"],"cards":["Carnage+1","Pommel Strike+1","Fire Breathing","Good Instincts+1","Metamorphosis+1"],"potions":["Weak Potion","FearPotion"]}],"circlet_count":0,"master_deck":["AscendersBane","Defend_R+1","Defend_R+1","Defend_R+1","Defend_R+1","Bash+1","Impervious+1","Wild Strike","Inflame+1","Bludgeon","Burning Pact+1","Hemokinesis+1","Cleave+1","Flame Barrier+1","Havoc+1","Barricade+1","Body Slam+1","Havoc+1","Feed+1","Pommel Strike+1","Feel No Pain+1","Havoc+1","Disarm+1","Disarm+1","Pommel Strike+1","Intimidate+1","Offering+1","Warcry+1","Warcry+1","Burning Pact+1","Anger+1","Body Slam+1","Warcry+1","Bloodletting+1","Havoc+1","Infernal Blade+1","Flash of Steel+1","Impervious+1","Double Tap+1","Seeing Red+1","Body Slam+1"],"special_seed":0,"potion_use_per_floor":[[],[],[],[],[],[],[],[],[],[],[],[],[],[],[],[],[],["GamblersBrew"],[],[],["Swift Potion"],[],[],[],["FearPotion","Weak Potion"],[],[],[],[],[],[],[],[],[],[],[],["SpeedPotion"],[],[],[],[],[],[],[],[],[],[],[],[],[],["ColorlessPotion"],[],[],[],[],["HeartOfIron","FearPotion","FearPotion","SpeedPotion"],[]],"relics":["Burning Blood","Molten Egg 2","Unceasing Top","InkBottle","Shuriken","Toxic Egg 2","Runic Pyramid","Meat on the Bone","Torii","Potion Belt","Membership Card","Mark of Pain","Lizard Tail","DollysMirror","TungstenRod"],"potions_floor_usage":[37,51,56,56,56,56],"damage_taken":[{"damage":0.0,"enemies":"2 Louse","floor":1.0,"turns":4.0},{"damage":9.0,"enemies":"Small Slimes","floor":3.0,"turns":4.0},{"damage":8.0,"enemies":"Gremlin Nob","floor":6.0,"turns":3.0},{"damage":9.0,"enemies":"Jaw Worm","floor":7.0,"turns":5.0},{"damage":10.0,"enemies":"Gremlin Nob","floor":8.0,"turns":4.0},{"damage":24.0,"enemies":"3 Sentries","floor":10.0,"turns":5.0},{"damage":9.0,"enemies":"Exordium Wildlife","floor":13.0,"turns":6.0},{"damage":0.0,"enemies":"2 Fungi Beasts","floor":14.0,"turns":2.0},{"damage":27.0,"enemies":"Hexaghost","floor":16.0,"turns":8.0},{"damage":30.0,"enemies":"Shell Parasite","floor":18.0,"turns":4.0},{"damage":2.0,"enemies":"2 Thieves","floor":19.0,"turns":2.0},{"damage":28.0,"enemies":"Shelled Parasite and Fungi","floor":21.0,"turns":6.0},{"damage":40.0,"enemies":"Slavers","floor":25.0,"turns":5.0},{"damage":0.0,"enemies":"Snecko","floor":29.0,"turns":5.0},{"damage":7.0,"enemies":"Snake Plant","floor":30.0,"turns":6.0},{"damage":21,"enemies":"Sentry and Sphere","floor":31,"turns":6},{"damage":11,"enemies":"Champ","floor":33,"turns":13},{"damage":7,"enemies":"Orb Walker","floor":35,"turns":5},{"damage":36,"enemies":"2 Orb Walkers","floor":37,"turns":7},{"damage":6,"enemies":"3 Darklings","floor":38,"turns":5},{"damage":10,"enemies":"Nemesis","floor":41,"turns":7},{"damage":1,"enemies":"4 Shapes","floor":44,"turns":9},{"damage":9,"enemies":"Transient","floor":45,"turns":6},{"damage":7,"enemies":"Sphere and 2 Shapes","floor":48,"turns":4},{"damage":36,"enemies":"Donu and Deca","floor":50,"turns":5},{"damage":43,"enemies":"Time Eater","floor":51,"turns":6},{"damage":24,"enemies":"Shield and Spear","floor":55,"turns":6},{"damage":33,"enemies":"The Heart","floor":56,"turns":11}],"green_key_taken_log":41,"seed_played":"-5222377734037516226","neow_bonus_log":{"cardsObtained":[],"cardsUpgraded":[],"cardsRemoved":[],"cardsTransformed":[],"relicsObtained":[],"maxHpGained":0,"goldGained":0,"damageTaken":0,"goldLost":99,"maxHpLost":0},"potions_obtained":[{"floor":3.0,"key":"Ancient Potion"},{"floor":8.0,"key":"ElixirPotion"},{"floor":14.0,"key":"Swift Potion"},{"floor":16.0,"key":"GamblersBrew"},{"floor":18.0,"key":"FearPotion"},{"floor":21.0,"key":"Weak Potion"},{"floor":31,"key":"SpeedPotion"},{"floor":41,"key":"FearPotion"},{"floor":44,"key":"FearPotion"}],"is_trial":false,"path_per_floor":["M","?","M","?","?","E","M","?","T","E","$","R","M","M","R","B",null,"M","M","?","M","?","R","?","E","T","R","$","M","M","M","R","B",null,"M","$","?","M","?","R","E","R","T","M","M","R","$","M","R","B","B",null,"R","$","E","B",null],"character_chosen":"IRONCLAD","basemod:card_modifiers":[null,null,null,null,null,null,null,null,null,null,null,null,null,null,null,null,null,null,null,null,null,null,null,null,null,null,null,null,null,null,null,null,null,null,null,null,null,null,null,null,null],"items_purchased":["Havoc+1","Barricade","Membership Card","Disarm+1","Pommel Strike+1","Warcry+1","Burning Pact+1","Havoc+1","Infernal Blade+1","ColorlessPotion","SpeedPotion","Flash of Steel+1","DollysMirror","Double Tap+1","Seeing Red+1","HeartOfIron"],"campfire_rested":3,"item_purchase_floors":[11,11,28,28,28,36,36,47,47,47,47,47,54,54,54,54],"current_hp_per_floor":[74,48,45,45,40,38,35,31,31,13,13,35,32,38,38,17,61,41,49,49,43,43,43,43,25,25,52,52,62,65,66,66,61,93,96,96,70,74,74,74,70,70,70,79,76,76,76,79,79,65,40,105,127,127,113,86],"gold":53,"neow_bonus":"THREE_RARE_CARDS","is_prod":false,"is_daily":false,"rewards_skipped":[{"floor":41,"relics":["Dead Branch"],"potions":[]}],"chose_seed":false,"campfire_upgraded":6,"win_rate":0,"floor_exit_playtime":[55,60,101,117,121,150,198,237,239,283,301,306,368,404,426,519,536,595,622,626,702,706,713,717,809,812,816,828,891,944,1018,1025,1220,1239,1297,1312,1444,1549,1553,1589,1720,1728,1734,1836,1988,1995,2027,2120,2123,2272,2438,2449,2455,2484,2694,2936],"timestamp":1681004662,"blue_key_relic_skipped_log":{"floor":43,"relicID":"Bottled Flame"},"path_taken":["M","?","M","?","?","E","M","?","T","E","$","R","M","?","R","BOSS","M","M","?","M","?","R","?","E","T","R","$","M","M","?","R","BOSS","M","$","?","M","?","R","E","R","T","M","M","R","$","M","R","BOSS","BOSS","R","$","E","BOSS"],"build_version":"2022-12-18","purchased_purges":4,"victory":true,"max_hp_per_floor":[75,75,75,75,75,75,75,75,75,75,75,75,75,75,75,75,75,79,83,83,87,87,87,87,91,91,91,91,95,99,103,103,103,103,107,107,111,115,115,115,115,115,115,119,119,119,119,123,123,127,127,127,127,127,131,131],"relic_stats":{"Lizard Tail":0,"Torii":54,"counters":[28,159],"Shuriken":[49],"Membership Card":736,"obtain_stats":[{"Potion Belt":26,"Torii":25,"Golden Idol":2,"Burning Blood":0,"Lizard Tail":37,"Shuriken":9,"DollysMirror":54,"Molten Egg 2":5,"Mark of Pain":34,"Membership Card":28,"Toxic Egg 2":10,"Unceasing Top":6,"InkBottle":8,"TungstenRod":55,"Runic Pyramid":17,"Meat on the Bone":20},{"Potion Belt":13,"Torii":13,"Golden Idol":1,"Burning Blood":0,"Lizard Tail":19,"Shuriken":5,"DollysMirror":26,"Molten Egg 2":2,"Mark of Pain":17,"Membership Card":13,"Toxic Egg 2":6,"Unceasing Top":3,"InkBottle":5,"TungstenRod":27,"Runic Pyramid":9,"Meat on the Bone":11},{"Potion Belt":58,"Torii":58,"Golden Idol":4,"Burning Blood":0,"Lizard Tail":100,"Shuriken":20,"DollysMirror":142,"Molten Egg 2":8,"Mark of Pain":88,"Membership Card":58,"Toxic Egg 2":25,"Unceasing Top":11,"InkBottle":20,"TungstenRod":148,"Runic Pyramid":41,"Meat on the Bone":47}],"Burning Blood":168,"Unceasing Top":[0],"InkBottle":[61],"TungstenRod":35,"Meat on the Bone":60},"card_choices":[{"not_picked":["Juggernaut","Double Tap"],"picked":"Impervious","floor":0.0},{"not_picked":["Armaments","Warcry"],"picked":"Wild Strike","floor":1.0},{"not_picked":["Flex","Iron Wave"],"picked":"Inflame","floor":3.0},{"not_picked":["Thunderclap+1","Rupture"],"picked":"Burning Pact","floor":6.0},{"not_picked":["Fire Breathing","True Grit"],"picked":"Hemokinesis+1","floor":7.0},{"not_picked":["Armaments","Pommel Strike+1"],"picked":"Cleave+1","floor":8.0},{"not_picked":["Twin Strike+1","Juggernaut"],"picked":"Flame Barrier+1","floor":10.0},{"not_picked":["Wild Strike+1","Pommel Strike+1"],"picked":"Body Slam+1","floor":13.0},{"not_picked":["Twin Strike+1","Pommel Strike+1"],"picked":"Havoc+1","floor":14.0},{"not_picked":["Berserk","Fiend Fire+1"],"picked":"Feed+1","floor":16.0},{"not_picked":["Rupture","Iron Wave+1"],"picked":"Pommel Strike+1","floor":18.0},{"not_picked":["Metallicize","Flame Barrier+1"],"picked":"Feel No Pain","floor":19.0},{"not_picked":["Iron Wave+1","Carnage+1"],"picked":"Havoc+1","floor":21.0},{"not_picked":["Armaments+1","Cleave+1"],"picked":"Disarm+1","floor":25.0},{"not_picked":["Disarm+1","Flex+1"],"picked":"Intimidate+1","floor":29.0},{"not_picked":["Heavy Blade+1","Headbutt+1","Carnage+1"],"picked":"SKIP","floor":30},{"not_picked":["Twin Strike+1","Cleave+1","Clash+1"],"picked":"SKIP","floor":31},{"not_picked":["Fiend Fire+1","Double Tap+1"],"picked":"Offering+1","floor":33},{"not_picked":["Power Through+1","Pummel+1"],"picked":"Warcry+1","floor":35},{"not_picked":["Clash+1","Wild Strike+1"],"picked":"Anger+1","floor":37},{"not_picked":["Perfected Strike+1","Havoc+1","Carnage+1"],"picked":"SKIP","floor":38},{"not_picked":["Wild Strike+1","Intimidate+1"],"picked":"Body Slam+1","floor":41},{"not_picked":["Body Slam+1","Heavy Blade+1"],"picked":"Warcry+1","floor":44},{"not_picked":["Thunderclap+1","Rupture+1"],"picked":"Bloodletting+1","floor":45},{"not_picked":["Perfected Strike+1","Clash+1","Iron Wave+1"],"picked":"SKIP","floor":48},{"not_picked":["Spot Weakness+1","Heavy Blade+1"],"picked":"Body Slam+1","floor":55}],"player_experience":1660635,"relics_obtained":[{"floor":6.0,"key":"Unceasing Top"},{"floor":8.0,"key":"InkBottle"},{"floor":9.0,"key":"Shuriken"},{"floor":10.0,"key":"Toxic Egg 2"},{"floor":25.0,"key":"Torii"},{"floor":26.0,"key":"Potion Belt"},{"floor":37,"key":"Lizard Tail"},{"floor":55,"key":"TungstenRod"}],"event_choices":[{"damage_healed":0.0,"max_hp_gain":0.0,"max_hp_loss":0.0,"gold_gain":0.0,"event_name":"Golden Idol","player_choice":"Take Damage","floor":2.0,"gold_loss":0.0,"damage_taken":26.0,"relics_obtained":["Golden Idol"]},{"damage_healed":0.0,"max_hp_gain":0.0,"max_hp_loss":0.0,"gold_gain":0.0,"cards_transformed":["Strike_R"],"event_name":"Living Wall","player_choice":"Change","floor":4.0,"gold_loss":0.0,"damage_taken":0.0,"cards_obtained":["Bludgeon"]},{"damage_healed":0.0,"max_hp_gain":0.0,"max_hp_loss":0.0,"gold_gain":0.0,"event_name":"Scrap Ooze","player_choice":"Success","floor":5.0,"gold_loss":0.0,"damage_taken":5.0,"relics_obtained":["Molten Egg 2"]},{"damage_healed":0.0,"max_hp_gain":0.0,"max_hp_loss":0.0,"gold_gain":0.0,"event_name":"Dead Adventurer","player_choice":"Searched \u00271\u0027 times","floor":8.0,"gold_loss":0.0,"damage_taken":0.0},{"damage_healed":0.0,"max_hp_gain":0.0,"max_hp_loss":0.0,"gold_gain":0.0,"event_name":"Addict","player_choice":"Obtained Relic","floor":20.0,"gold_loss":85.0,"damage_taken":0.0,"relics_obtained":["Meat on the Bone"]},{"damage_healed":0.0,"max_hp_gain":0.0,"max_hp_loss":0.0,"gold_gain":0.0,"event_name":"Back to Basics","player_choice":"Simplicity","floor":22.0,"gold_loss":0.0,"damage_taken":0.0,"cards_upgraded":["Strike_R","Strike_R","Strike_R","Strike_R","Defend_R","Defend_R","Defend_R","Defend_R"]},{"damage_healed":0.0,"max_hp_gain":0.0,"max_hp_loss":0.0,"gold_gain":50.0,"event_name":"Nest","player_choice":"Stole From Cult","floor":24.0,"gold_loss":0.0,"damage_taken":0.0},{"damage_healed":0,"gold_gain":0,"player_choice":"Fight","damage_taken":0,"max_hp_gain":0,"max_hp_loss":0,"event_name":"Mysterious Sphere","floor":37,"gold_loss":0},{"damage_healed":0,"gold_gain":333,"player_choice":"Gave Idol","damage_taken":0,"max_hp_gain":0,"max_hp_loss":0,"event_name":"The Moai Head","floor":39,"relics_lost":["Golden Idol"],"gold_loss":0}],"is_beta":false,"boss_relics":[{"not_picked":["Runic Dome","SlaversCollar"],"picked":"Runic Pyramid"},{"not_picked":["Black Star","Sozu"],"picked":"Mark of Pain"}],"items_purged_floors":[28,36,47,54],"is_endless":false,"potions_floor_spawned":[3,8,14,16,18,21,31,41,44],"ascension_level":20,"potion_discard_per_floor":[[],[],[],[],[],[],[],[],[],[],[],[],[],["Ancient Potion"],[],["ElixirPotion"],[],[],[],[],[],[],[],[],[],[],[],[],[],[],[],[],[],[],[],[],[],[],[],[],[],[],[],[],[],[],[],[],[],[],[],[],[],[],[],[],[]]}