{"neow_bonuses_skipped_log":["TRANSFORM_CARD","THREE_ENEMY_KILL","BOSS_RELIC"],"neow_costs_skipped_log":["NONE","NONE","NONE"],"potions_obtained_entropic_brew":[[],[],[],[],[],[],[],[],[],[],[],[],[],[],[],[],[],[],[],[],[]],"gold_per_floor":[110,110,122,133,133,133,193,193,218,237,263,228,228,256,256,334,334,352,115,130,130],"floor_reached":21,"playtime":686,"items_purged":["Strike_R"],"score":374,"play_id":"3ccca4e9-2965-4b36-a4f8-79779bcf1b32","local_time":"20230409223630","score_breakdown":["Floors Climbed (21): 105","Enemies Slain (6): 12","Exordium Elites Killed (2): 20","City Elites Killed (0): 0","Bosses Slain (1): 50","Ascension (20): 187"],"is_ascension_mode":true,"potions_obtained_alchemize":[[],[],[],[],[],[],[],[],[],[],[],[],[],[],[],[],[],[],[],[],[]],"campfire_choices":[{"data":"Demon Form","floor":6,"key":"SMITH"},{"data":"Sword Boomerang","floor":15,"key":"SMITH"}],"lesson_learned_per_floor":[[],[],[],[],[],[],[],[],[],[],[],[],[],[],[],[],[],[],[],[],[]],"neow_cost":"TEN_PERCENT_HP_LOSS","improvable_cards":{},"seed_source_timestamp":762072695450900,"shop_contents":[{"floor":19,"relics":["Bottled Lightning","Question Card"],"cards":["Anger","Iron Wave","Warcry","Armaments","Metallicize","Trip","Panache"],"potions":["Fruit Juice","ElixirPotion","GamblersBrew"]}],"circlet_count":0,"master_deck":["AscendersBane","Strike_R","Strike_R","Strike_R+1","Defend_R","Defend_R","Defend_R","Defend_R","Bash+1","Demon Form+1","Blood for Blood+1","Ghostly Armor","Sword Boomerang+1","Headbutt","Corruption","Second Wind","Impervious","CurseOfTheBell","Spot Weakness+1","Disarm"],"potion_use_per_floor":[[],[],[],[],[],[],["AttackPotion"],[],[],[],["AttackPotion"],[],[],[],[],[],[],[],[],[],["SteroidPotion"]],"relics":["Burning Blood","Dream Catcher","Red Skull","Orichalcum","Ancient Tea Set","Calling Bell","Vajra","InkBottle","Bird Faced Urn","Medical Kit"],"potions_floor_usage":[7,11,21],"damage_taken":[{"damage":12,"enemies":"Small Slimes","floor":1,"turns":4},{"damage":1,"enemies":"2 Louse","floor":3,"turns":2},{"damage":1,"enemies":"Cultist","floor":4,"turns":3},{"damage":30,"enemies":"3 Sentries","floor":7,"turns":6},{"damage":3,"enemies":"Blue Slaver","floor":10,"turns":2},{"damage":8,"enemies":"Gremlin Nob","floor":11,"turns":3},{"damage":5,"enemies":"Lagavulin","floor":14,"turns":5},{"damage":32,"enemies":"Slime Boss","floor":16,"turns":6},{"damage":23,"enemies":"Shell Parasite","floor":18,"turns":6},{"damage":28,"enemies":"Chosen","floor":20,"turns":4},{"damage":31,"enemies":"Snake Plant","floor":21,"turns":3}],"seed_played":"2101877449584891193","neow_bonus_log":{"cardsObtained":[],"cardsUpgraded":[],"cardsRemoved":[],"cardsTransformed":[],"relicsObtained":[],"maxHpGained":0,"goldGained":0,"damageTaken":0,"goldLost":0,"maxHpLost":7},"potions_obtained":[{"floor":1,"key":"AttackPotion"},{"floor":4,"key":"AttackPotion"},{"floor":8,"key":"SteroidPotion"}],"is_trial":false,"path_per_floor":["M","?","M","M","?","R","?","?","T","M","E","?","?","E","R","B",null,"M","$","M","M"],"character_chosen":"IRONCLAD","basemod:card_modifiers":[null,null,null,null,null,null,null,null,null,null,null,null,null,null,null,null,null,null,null,null],"items_purchased":["Medical Kit"],"campfire_rested":0,"item_purchase_floors":[19],"current_hp_per_floor":[62,62,67,68,48,48,24,24,24,27,25,42,42,43,43,17,55,42,42,24,0],"gold":130,"neow_bonus":"THREE_RARE_CARDS","is_prod":false,"is_daily":false,"rewards_skipped":[{"floor":8,"relics":[],"potions":["Strength Potion"]},{"floor":10,"relics":[],"potions":["Explosive Potion"]}],"chose_seed":false,"campfire_upgraded":2,"win_rate":0,"floor_exit_playtime":[74,83,102,204,207,214,288,295,298,318,347,354,359,415,422,482,513,575,603,650],"timestamp":1681094190,"path_taken":["M","?","M","M","?","R","?","?","T","?","E","?","?","E","R","BOSS","M","$","?","M"],"build_version":"2022-12-18","purchased_purges":1,"victory":false,"max_hp_per_floor":[68,68,68,68,68,68,68,68,68,68,68,68,68,68,68,68,68,68,68,68,68],"relic_stats":{"Dream Catcher":0,"counters":[11,44],"Bird Faced Urn":[10],"Orichalcum":[72],"Ancient Tea Set":[2],"Medical Kit":[0],"obtain_stats":[{"Calling Bell":17,"Dream Catcher":7,"Bird Faced Urn":17,"Vajra":17,"Orichalcum":11,"Ancient Tea Set":14,"Medical Kit":19,"Burning Blood":0,"Red Skull":9,"InkBottle":17},{"Calling Bell":8,"Dream Catcher":3,"Bird Faced Urn":8,"Vajra":8,"Orichalcum":6,"Ancient Tea Set":7,"Medical Kit":9,"Burning Blood":0,"Red Skull":4,"InkBottle":8},{"Calling Bell":31,"Dream Catcher":9,"Bird Faced Urn":31,"Vajra":31,"Orichalcum":20,"Ancient Tea Set":25,"Medical Kit":37,"Burning Blood":0,"Red Skull":15,"InkBottle":31}],"Burning Blood":56,"InkBottle":[2]},"card_choices":[{"not_picked":["Exhume","Berserk"],"picked":"Demon Form","floor":0},{"not_picked":["Flex","Ghostly Armor"],"picked":"Blood for Blood","floor":1},{"not_picked":["Shrug It Off","Clothesline"],"picked":"Ghostly Armor","floor":3},{"not_picked":["Heavy Blade","Iron Wave"],"picked":"Sword Boomerang","floor":4},{"not_picked":["Thunderclap","Wild Strike","Flex"],"picked":"SKIP","floor":7},{"not_picked":["Thunderclap","Sentinel"],"picked":"Headbutt","floor":10},{"not_picked":["Second Wind","Infernal Blade"],"picked":"Corruption","floor":11},{"not_picked":["Anger","Infernal Blade"],"picked":"Second Wind","floor":14},{"not_picked":["Immolate","Brutality"],"picked":"Impervious","floor":16},{"not_picked":["Clothesline","Perfected Strike"],"picked":"Spot Weakness+1","floor":18},{"not_picked":["Uppercut","Spot Weakness"],"picked":"Disarm","floor":20}],"player_experience":1674038,"relics_obtained":[{"floor":9,"key":"Red Skull"},{"floor":11,"key":"Orichalcum"},{"floor":14,"key":"Ancient Tea Set"},{"floor":17,"key":"Vajra"},{"floor":17,"key":"InkBottle"},{"floor":17,"key":"Bird Faced Urn"}],"event_choices":[{"damage_healed":0,"gold_gain":0,"player_choice":"Grow","damage_taken":0,"max_hp_gain":0,"max_hp_loss":0,"event_name":"Living Wall","floor":2,"gold_loss":0,"cards_upgraded":["Blood for Blood"]},{"damage_healed":0,"gold_gain":0,"player_choice":"Entered Light","damage_taken":20,"max_hp_gain":0,"max_hp_loss":0,"event_name":"Shining Light","floor":5,"gold_loss":0,"cards_upgraded":["Bash","Strike_R"]},{"damage_healed":0,"gold_gain":0,"player_choice":"Searched \u00273\u0027 times","damage_taken":0,"relics_obtained":["Dream Catcher"],"max_hp_gain":0,"max_hp_loss":0,"event_name":"Dead Adventurer","floor":7,"gold_loss":0},{"damage_healed":0,"gold_gain":0,"player_choice":"Got Potions","damage_taken":0,"max_hp_gain":0,"max_hp_loss":0,"event_name":"Lab","floor":8,"gold_loss":0},{"damage_healed":17,"gold_gain":0,"player_choice":"Healed","damage_taken":0,"max_hp_gain":0,"max_hp_loss":0,"event_name":"The Cleric","floor":12,"gold_loss":35},{"cards_removed":["Strike_R"],"damage_healed":0,"gold_gain":0,"player_choice":"Purged","damage_taken":0,"max_hp_gain":0,"max_hp_loss":0,"event_name":"Purifier","floor":13,"gold_loss":0}],"is_beta":false,"boss_relics":[{"not_picked":["Mark of Pain","Black Star"],"picked":"Calling Bell"}],"items_purged_floors":[19],"is_endless":false,"potions_floor_spawned":[1,4,10],"killed_by":"Snake Plant","ascension_level":20,"potion_discard_per_floor":[[],[],[],[],[],[],[],[],[],[],[],[],[],[],[],[],[],[],[],[],[]]}