{"neow_bonuses_skipped_log":["RANDOM_COLORLESS","THREE_SMALL_POTIONS","BOSS_RELIC"],"potions_obtained_entropic_brew":[[],[],[],[],[],[],[],[],[],[],[],[],[],[],[],[],[],[],[],[],[],[],[],[],[],[],[],[],[],[],[],[],[]],"neow_costs_skipped_log":["NONE","NONE","NONE"],"gold_per_floor":[20,20,30,105,117,148,166,196,196,225,242,242,257,287,287,359,359,378,378,392,405,28,61,61,74,74,74,89,89,115,129,129,129],"floor_reached":33,"playtime":3147,"items_purged":[],"score":738,"play_id":"c331641d-6cd9-498a-8221-2d1034e01049","local_time":"20230412003311","score_breakdown":["Floors Climbed (33): 165","Enemies Slain (12): 24","Exordium Elites Killed (4): 40","City Elites Killed (2): 40","Bosses Slain (1): 50","Champion (2): 50","Ascension (20): 369"],"is_ascension_mode":true,"potions_obtained_alchemize":[[],[],[],[],[],[],[],[],[],[],[],[],[],[],[],[],[],[],[],[],[],[],[],[],[],[],[],[],[],[],[],[],[]],"campfire_choices":[{"data":"Flame Barrier","floor":15,"key":"SMITH"},{"floor":24,"key":"REST"},{"data":"Burning Pact","floor":32,"key":"SMITH"}],"lesson_learned_per_floor":[[],[],[],[],[],[],[],[],[],[],[],[],[],[],[],[],[],[],[],[],[],[],[],[],[],[],[],[],[],[],[],[],[]],"neow_cost":"NO_GOLD","improvable_cards":{},"seed_source_timestamp":939413471054600,"shop_contents":[{"floor":22,"relics":[],"cards":["Searing Blow","Sword Boomerang","Warcry","Flex","Dark Embrace","Bandage Up","Violence"],"potions":["CultistPotion","Ancient Potion","Strength Potion"]}],"circlet_count":0,"master_deck":["AscendersBane","Bash","Apotheosis+1","Perfected Strike","Thunderclap","Ghostly Armor","Flame Barrier+1","Feel No Pain+1","Dark Embrace","Offering","Immolate","Immolate","Clothesline","True Grit","Whirlwind","Clash","Bloodletting","Dark Embrace","Cleave","Shrug It Off+1","Havoc+1","Shockwave","Shrug It Off","Burning Pact+1"],"potion_use_per_floor":[[],[],[],[],[],["Energy Potion"],[],[],[],["DistilledChaos"],[],[],[],[],[],[],[],["Block Potion"],[],[],[],[],["Weak Potion"],[],[],[],[],[],[],[],[],[],[]],"relics":["Burning Blood","Dead Branch","White Beast Statue","Magic Flower","Mango","Bag of Marbles","Pandora\u0027s Box","Membership Card","Red Skull","Question Card","Matryoshka","Omamori","Letter Opener","Meat on the Bone","Eternal Feather"],"potions_floor_usage":[6,10,18,23],"damage_taken":[{"damage":13,"enemies":"2 Louse","floor":1,"turns":3},{"damage":0,"enemies":"Cultist","floor":3,"turns":4},{"damage":0,"enemies":"Small Slimes","floor":5,"turns":3},{"damage":0,"enemies":"Gremlin Nob","floor":6,"turns":2},{"damage":10,"enemies":"3 Louse","floor":7,"turns":4},{"damage":27,"enemies":"Lagavulin","floor":8,"turns":6},{"damage":0,"enemies":"Gremlin Nob","floor":10,"turns":3},{"damage":4,"enemies":"Red Slaver","floor":11,"turns":3},{"damage":11,"enemies":"Looter","floor":13,"turns":2},{"damage":16,"enemies":"Lagavulin","floor":14,"turns":8},{"damage":17,"enemies":"The Guardian","floor":16,"turns":14},{"damage":17,"enemies":"Shell Parasite","floor":18,"turns":5},{"damage":14,"enemies":"Spheric Guardian","floor":20,"turns":6},{"damage":29,"enemies":"Snake Plant","floor":21,"turns":3},{"damage":33,"enemies":"Gremlin Leader","floor":23,"turns":4},{"damage":0,"enemies":"3 Cultists","floor":25,"turns":2},{"damage":21,"enemies":"Centurion and Healer","floor":28,"turns":3},{"damage":13,"enemies":"Book of Stabbing","floor":30,"turns":4},{"damage":25,"enemies":"Snecko","floor":31,"turns":6},{"damage":98,"enemies":"Champ","floor":33,"turns":26}],"green_key_taken_log":6,"seed_played":"8249411109163627678","neow_bonus_log":{"cardsObtained":[],"cardsUpgraded":[],"cardsRemoved":[],"cardsTransformed":[],"relicsObtained":[],"maxHpGained":0,"goldGained":0,"damageTaken":0,"goldLost":99,"maxHpLost":0},"potions_obtained":[{"floor":3,"key":"DistilledChaos"},{"floor":5,"key":"Energy Potion"},{"floor":10,"key":"Block Potion"},{"floor":11,"key":"SpeedPotion"},{"floor":18,"key":"Weak Potion"},{"floor":20,"key":"FearPotion"},{"floor":23,"key":"ColorlessPotion"},{"floor":28,"key":"CultistPotion"},{"floor":30,"key":"ColorlessPotion"},{"floor":31,"key":"DuplicationPotion"}],"is_trial":false,"path_per_floor":["M","?","M","?","M","E","M","E","T","E","M","?","M","E","R","B",null,"M","?","M","M","$","E","R","M","T","?","M","?","E","M","R","B"],"character_chosen":"IRONCLAD","basemod:card_modifiers":[null,null,null,null,null,null,null,null,null,null,null,null,null,null,null,null,null,null,null,null,null,null,null,null],"items_purchased":["Membership Card","Red Skull","Question Card"],"campfire_rested":1,"item_purchase_floors":[22,22,22],"current_hp_per_floor":[61,61,67,56,62,68,64,43,43,66,71,71,69,62,62,54,80,72,72,67,47,47,23,49,58,58,58,46,46,60,62,74,0],"gold":129,"neow_bonus":"RANDOM_COLORLESS_2","is_prod":false,"is_daily":false,"rewards_skipped":[{"floor":13,"relics":[],"potions":["ElixirPotion"]},{"floor":14,"relics":[],"potions":["DuplicationPotion"]},{"floor":16,"relics":[],"potions":["Fire Potion"]},{"floor":21,"relics":[],"potions":["BlessingOfTheForge"]},{"floor":25,"relics":[],"potions":["SkillPotion"]}],"chose_seed":false,"campfire_upgraded":2,"win_rate":0,"floor_exit_playtime":[48,57,93,96,124,156,226,299,301,340,371,381,403,474,485,2094,2118,2194,2203,2294,2368,2381,2460,2464,2496,2502,2516,2584,2592,2688,2770,2781],"timestamp":1681273991,"path_taken":["M","?","M","?","M","E","M","E","T","E","M","?","?","E","R","BOSS","M","?","M","M","$","E","R","M","T","?","?","?","E","M","R","BOSS"],"build_version":"2022-12-18","purchased_purges":0,"victory":false,"max_hp_per_floor":[75,75,75,75,75,75,75,75,75,89,89,89,89,89,89,89,89,89,89,89,89,89,89,89,89,89,89,89,89,89,89,89,89],"relic_stats":{"counters":[20,111],"Dead Branch":[125],"Magic Flower":[51],"Eternal Feather":12,"Omamori":0,"Letter Opener":[52],"Question Card":5,"Burning Blood":153,"White Beast Statue":[0.0024998400000000014,0.0,0.10427520000000007,0.0,0.43920256000000024,0.0,0.38386560000000025,0.0,0.06894720000000004,0.0,0.0012096000000000008,6.420046080000001],"Matryoshka":1,"Pandora\u0027s Box":["Immolate","Clothesline","True Grit","Whirlwind","Clash","Bloodletting","Dark Embrace","Cleave"],"Membership Card":214,"obtain_stats":[{"Dead Branch":6,"Magic Flower":9,"Mango":10,"Eternal Feather":30,"Omamori":26,"Letter Opener":26,"Question Card":22,"Burning Blood":0,"White Beast Statue":8,"Matryoshka":23,"Pandora\u0027s Box":17,"Bag of Marbles":14,"Membership Card":22,"Red Skull":22,"Meat on the Bone":29},{"Dead Branch":4,"Magic Flower":6,"Mango":7,"Eternal Feather":18,"Omamori":16,"Letter Opener":16,"Question Card":14,"Burning Blood":0,"White Beast Statue":6,"Matryoshka":15,"Pandora\u0027s Box":11,"Bag of Marbles":10,"Membership Card":14,"Red Skull":14,"Meat on the Bone":17},{"Dead Branch":12,"Magic Flower":22,"Mango":25,"Eternal Feather":79,"Omamori":72,"Letter Opener":72,"Question Card":66,"Burning Blood":0,"White Beast Statue":22,"Matryoshka":70,"Pandora\u0027s Box":52,"Bag of Marbles":38,"Membership Card":66,"Red Skull":66,"Meat on the Bone":75}],"Meat on the Bone":36},"card_choices":[{"not_picked":["HandOfGreed","Magnetism"],"picked":"Apotheosis","floor":0},{"not_picked":["Clash","Rage"],"picked":"Perfected Strike","floor":1},{"not_picked":["Warcry","Wild Strike"],"picked":"Perfected Strike","floor":3},{"not_picked":["Fire Breathing","Flex"],"picked":"Thunderclap","floor":5},{"not_picked":["Evolve","Hemokinesis"],"picked":"Ghostly Armor","floor":6},{"not_picked":["Sentinel","Thunderclap","Fire Breathing"],"picked":"SKIP","floor":7},{"not_picked":["Evolve","Havoc"],"picked":"Flame Barrier","floor":8},{"not_picked":["True Grit","Warcry"],"picked":"Feel No Pain","floor":10},{"not_picked":["Clash","Thunderclap","Hemokinesis"],"picked":"SKIP","floor":11},{"not_picked":["Flame Barrier","Wild Strike"],"picked":"Dark Embrace","floor":13},{"not_picked":["Heavy Blade","Clash"],"picked":"Offering","floor":14},{"not_picked":["Double Tap","Demon Form"],"picked":"Immolate","floor":16},{"not_picked":["Dropkick","Perfected Strike+1"],"picked":"Shrug It Off+1","floor":18},{"not_picked":["Havoc","Clash","Body Slam"],"picked":"SKIP","floor":20},{"not_picked":["Wild Strike","Combust"],"picked":"Havoc+1","floor":21},{"not_picked":["Infernal Blade","Limit Break","Armaments"],"picked":"Shockwave","floor":23},{"not_picked":["Sword Boomerang","Anger","Clothesline","Twin Strike"],"picked":"SKIP","floor":25},{"not_picked":["Entrench","Carnage","Infernal Blade"],"picked":"Shrug It Off","floor":28},{"not_picked":["Ghostly Armor","Flex","Carnage","Thunderclap"],"picked":"SKIP","floor":30},{"not_picked":["Clash","Carnage","Dropkick"],"picked":"Burning Pact","floor":31}],"player_experience":1712221,"relics_obtained":[{"floor":6,"key":"Dead Branch"},{"floor":8,"key":"White Beast Statue"},{"floor":9,"key":"Magic Flower"},{"floor":10,"key":"Mango"},{"floor":14,"key":"Bag of Marbles"},{"floor":23,"key":"Matryoshka"},{"floor":26,"key":"Omamori"},{"floor":26,"key":"Letter Opener"},{"floor":30,"key":"Eternal Feather"}],"event_choices":[{"damage_healed":0,"gold_gain":0,"player_choice":"Grow","damage_taken":0,"max_hp_gain":0,"max_hp_loss":0,"event_name":"Living Wall","floor":2,"gold_loss":0,"cards_upgraded":["Apotheosis"]},{"damage_healed":0,"gold_gain":75,"player_choice":"Gather Gold","damage_taken":11,"max_hp_gain":0,"max_hp_loss":0,"event_name":"World of Goop","floor":4,"gold_loss":0},{"cards_removed":["Strike_R"],"damage_healed":0,"gold_gain":0,"player_choice":"Purged","damage_taken":0,"max_hp_gain":0,"max_hp_loss":0,"event_name":"Purifier","floor":12,"gold_loss":0},{"cards_removed":["Perfected Strike"],"damage_healed":0,"gold_gain":0,"player_choice":"Elegance","damage_taken":0,"max_hp_gain":0,"max_hp_loss":0,"event_name":"Back to Basics","floor":19,"gold_loss":0},{"damage_healed":0,"gold_gain":0,"player_choice":"Forge","damage_taken":0,"max_hp_gain":0,"max_hp_loss":0,"event_name":"Accursed Blacksmith","floor":27,"gold_loss":0,"cards_upgraded":["Feel No Pain"]},{"damage_healed":0,"gold_gain":0,"player_choice":"Gave Potion","damage_taken":0,"relics_obtained":["Meat on the Bone"],"max_hp_gain":0,"max_hp_loss":0,"event_name":"WeMeetAgain","floor":29,"gold_loss":0}],"is_beta":false,"boss_relics":[{"not_picked":["Black Star","Coffee Dripper"],"picked":"Pandora\u0027s Box"}],"items_purged_floors":[],"is_endless":false,"potions_floor_spawned":[3,5,10,11,13,14,16,18,20,21,23,25,28,30,31],"killed_by":"Champ","ascension_level":20,"potion_discard_per_floor":[[],[],[],[],[],[],[],[],[],[],[],[],[],[],[],[],[],[],[],["SpeedPotion"],[],[],[],[],[],[],[],["FearPotion"],[],[],["ColorlessPotion"],[],[]]}