{"neow_bonuses_skipped_log":["THREE_CARDS","THREE_RARE_CARDS","BOSS_RELIC"],"potions_obtained_entropic_brew":[[],[],[],[],[],[],[],[],[],[],[],[],[],[],[],[]],"neow_costs_skipped_log":["NONE","NO_GOLD","NONE"],"gold_per_floor":[117,130,146,146,146,175,140,169,242,275,294,294,294,327,327,327],"floor_reached":16,"playtime":708,"items_purged":[],"score":256,"play_id":"b9018047-9d57-4d1c-9fd0-5eb060c72f28","local_time":"20230411013412","score_breakdown":["Floors Climbed (16): 80","Enemies Slain (4): 8","Exordium Elites Killed (4): 40","Bosses Slain (0): 0","Ascension (20): 128"],"is_ascension_mode":true,"potions_obtained_alchemize":[[],[],[],[],[],[],[],[],[],[],[],[],[],[],[],[]],"campfire_choices":[{"data":"Pommel Strike","floor":12,"key":"SMITH"},{"data":"Anger","floor":15,"key":"SMITH"}],"lesson_learned_per_floor":[[],[],[],[],[],[],[],[],[],[],[],[],[],[],[],[]],"neow_cost":"NONE","improvable_cards":{},"seed_source_timestamp":859113872009600,"shop_contents":[],"circlet_count":0,"master_deck":["AscendersBane","Strike_R","Strike_R","Strike_R","Strike_R+1","Strike_R","Defend_R","Defend_R","Defend_R+1","Defend_R","Bash+1","Twin Strike","Rampage","Pommel Strike+1","Anger+1","Shrug It Off","Whirlwind+1"],"potion_use_per_floor":[[],[],[],[],[],["GamblersBrew"],[],["BlessingOfTheForge"],[],[],[],[],[],[],[],[]],"relics":["Burning Blood","Strawberry","Peace Pipe","Orichalcum","Bottled Flame","Pen Nib","Molten Egg 2"],"potions_floor_usage":[6,8],"damage_taken":[{"damage":6,"enemies":"Small Slimes","floor":1,"turns":5},{"damage":2,"enemies":"Jaw Worm","floor":2,"turns":3},{"damage":9,"enemies":"2 Louse","floor":3,"turns":2},{"damage":30,"enemies":"3 Sentries","floor":6,"turns":9},{"damage":8,"enemies":"Gremlin Nob","floor":8,"turns":3},{"damage":21,"enemies":"Lagavulin","floor":10,"turns":5},{"damage":4,"enemies":"2 Fungi Beasts","floor":11,"turns":3},{"damage":17,"enemies":"3 Sentries","floor":14,"turns":9},{"damage":24,"enemies":"Slime Boss","floor":16,"turns":5}],"seed_played":"6702661054919852160","neow_bonus_log":{"cardsObtained":[],"cardsUpgraded":[],"cardsRemoved":[],"cardsTransformed":[],"relicsObtained":["Strawberry"],"maxHpGained":0,"goldGained":0,"damageTaken":0,"goldLost":0,"maxHpLost":0},"potions_obtained":[{"floor":3,"key":"GamblersBrew"},{"floor":6,"key":"BlessingOfTheForge"},{"floor":10,"key":"LiquidBronze"},{"floor":14,"key":"FearPotion"}],"is_trial":false,"path_per_floor":["M","M","M","?","?","E","?","E","T","E","M","R","?","E","R","B"],"character_chosen":"IRONCLAD","basemod:card_modifiers":[null,null,null,null,null,null,null,null,null,null,null,null,null,null,null,null,null],"items_purchased":[],"campfire_rested":0,"item_purchase_floors":[],"current_hp_per_floor":[75,79,76,76,51,27,47,45,45,30,32,32,32,21,21,0],"gold":327,"neow_bonus":"RANDOM_COMMON_RELIC","is_prod":false,"is_daily":false,"rewards_skipped":[],"chose_seed":false,"campfire_upgraded":2,"win_rate":0,"floor_exit_playtime":[95,124,149,175,180,317,343,379,404,451,488,498,501,644,654],"timestamp":1681191252,"path_taken":["M","M","M","?","?","E","?","E","T","E","M","R","?","E","R","BOSS"],"build_version":"2022-12-18","purchased_purges":0,"victory":false,"max_hp_per_floor":[82,82,82,82,82,82,82,82,82,82,82,82,82,82,82,82],"relic_stats":{"Peace Pipe":0,"Bottled Flame":"Bash","counters":[9,44],"Pen Nib":[3],"Orichalcum":[66],"obtain_stats":[{"Peace Pipe":6,"Bottled Flame":9,"Strawberry":0,"Molten Egg 2":14,"Pen Nib":10,"Orichalcum":8,"Burning Blood":0},{"Peace Pipe":4,"Bottled Flame":5,"Strawberry":0,"Molten Egg 2":8,"Pen Nib":6,"Orichalcum":5,"Burning Blood":0},{"Peace Pipe":19,"Bottled Flame":22,"Strawberry":0,"Molten Egg 2":39,"Pen Nib":27,"Orichalcum":22,"Burning Blood":0}],"Burning Blood":48},"card_choices":[{"not_picked":["Sword Boomerang","Reckless Charge"],"picked":"Twin Strike","floor":1},{"not_picked":["Clash","Shrug It Off"],"picked":"Rampage","floor":2},{"not_picked":["Heavy Blade","Pummel"],"picked":"Pommel Strike","floor":3},{"not_picked":["Disarm","Juggernaut","Body Slam"],"picked":"SKIP","floor":6},{"not_picked":["Sentinel","Searing Blow","Havoc"],"picked":"SKIP","floor":8},{"not_picked":["Infernal Blade","Shrug It Off"],"picked":"Anger","floor":10},{"not_picked":["Sword Boomerang","Flex"],"picked":"Shrug It Off","floor":11},{"not_picked":["Perfected Strike+1","Fiend Fire+1"],"picked":"Whirlwind+1","floor":14}],"player_experience":1688453,"relics_obtained":[{"floor":6,"key":"Peace Pipe"},{"floor":8,"key":"Orichalcum"},{"floor":9,"key":"Bottled Flame"},{"floor":10,"key":"Pen Nib"},{"floor":14,"key":"Molten Egg 2"}],"event_choices":[{"damage_healed":0,"gold_gain":0,"player_choice":"Grow","damage_taken":0,"max_hp_gain":0,"max_hp_loss":0,"event_name":"Living Wall","floor":4,"gold_loss":0,"cards_upgraded":["Bash"]},{"damage_healed":0,"gold_gain":0,"player_choice":"Entered Light","damage_taken":25,"max_hp_gain":0,"max_hp_loss":0,"event_name":"Shining Light","floor":5,"gold_loss":0,"cards_upgraded":["Strike_R","Defend_R"]},{"damage_healed":20,"gold_gain":0,"player_choice":"Healed","damage_taken":0,"max_hp_gain":0,"max_hp_loss":0,"event_name":"The Cleric","floor":7,"gold_loss":35},{"damage_healed":0,"gold_gain":0,"player_choice":"Ignored","damage_taken":0,"max_hp_gain":0,"max_hp_loss":0,"event_name":"Liars Game","floor":13,"gold_loss":0}],"is_beta":false,"boss_relics":[],"items_purged_floors":[],"is_endless":false,"potions_floor_spawned":[3,6,10,14],"killed_by":"Slime Boss","ascension_level":20,"potion_discard_per_floor":[[],[],[],[],[],[],[],[],[],[],[],[],[],[],[],[]]}