{"neow_bonuses_skipped_log":["UPGRADE_CARD","TEN_PERCENT_HP_BONUS","BOSS_RELIC"],"neow_costs_skipped_log":["NONE","NONE","NONE"],"potions_obtained_entropic_brew":[[],[],[],[],[],[],[],[],[],[],[],[]],"gold_per_floor":[12,24,42,59,59,59,87,107,107,139,151,151],"floor_reached":12,"playtime":453,"items_purged":[],"score":184,"play_id":"c8f2a23b-e699-4b49-bad6-36a7fc377e2a","local_time":"20230417174349","score_breakdown":["Floors Climbed (12): 60","Enemies Slain (6): 12","Exordium Elites Killed (2): 20","Bosses Slain (0): 0","Ascension (20): 92"],"is_ascension_mode":true,"potions_obtained_alchemize":[[],[],[],[],[],[],[],[],[],[],[],[]],"campfire_choices":[{"data":"Uppercut","floor":6,"key":"SMITH"}],"lesson_learned_per_floor":[[],[],[],[],[],[],[],[],[],[],[],[]],"neow_cost":"NO_GOLD","improvable_cards":{},"seed_source_timestamp":482613569140800,"shop_contents":[],"circlet_count":0,"master_deck":["AscendersBane","Strike_R","Strike_R","Strike_R","Strike_R","Strike_R","Defend_R","Defend_R","Defend_R","Defend_R","Bash","Double Tap","Clothesline","Wild Strike","Uppercut+1","Shrug It Off","Juggernaut","Twin Strike"],"potion_use_per_floor":[[],[],[],[],[],[],["PowerPotion","LiquidMemories"],[],[],[],[],[]],"relics":["Burning Blood","Darkstone Periapt","Art of War","Smiling Mask"],"potions_floor_usage":[7,7],"damage_taken":[{"damage":6,"enemies":"Cultist","floor":1,"turns":3},{"damage":7,"enemies":"2 Louse","floor":2,"turns":4},{"damage":11,"enemies":"Small Slimes","floor":3,"turns":4},{"damage":23,"enemies":"Exordium Wildlife","floor":4,"turns":4},{"damage":22,"enemies":"Lagavulin","floor":7,"turns":9},{"damage":3,"enemies":"Looter","floor":8,"turns":3},{"damage":19,"enemies":"Gremlin Nob","floor":10,"turns":4},{"damage":16,"enemies":"Exordium Thugs","floor":11,"turns":5},{"damage":10,"enemies":"Lots of Slimes","floor":12,"turns":2}],"seed_played":"7667970609851517339","neow_bonus_log":{"cardsObtained":[],"cardsUpgraded":[],"cardsRemoved":[],"cardsTransformed":[],"relicsObtained":[],"maxHpGained":0,"goldGained":0,"damageTaken":0,"goldLost":99,"maxHpLost":0},"potions_obtained":[{"floor":3,"key":"Weak Potion"},{"floor":4,"key":"PowerPotion"},{"floor":5,"key":"Weak Potion"},{"floor":5,"key":"LiquidMemories"}],"is_trial":false,"path_per_floor":["M","M","M","M","?","R","E","M","T","E","M","M"],"character_chosen":"IRONCLAD","basemod:card_modifiers":[null,null,null,null,null,null,null,null,null,null,null,null,null,null,null,null,null,null],"items_purchased":[],"campfire_rested":0,"item_purchase_floors":[],"current_hp_per_floor":[68,67,62,45,45,45,29,32,32,19,9,0],"gold":151,"neow_bonus":"THREE_RARE_CARDS","is_prod":false,"is_daily":false,"rewards_skipped":[],"chose_seed":false,"campfire_upgraded":1,"win_rate":0,"floor_exit_playtime":[57,93,144,188,200,206,303,336,364,399,437],"timestamp":1681767829,"path_taken":["M","M","M","?","?","R","E","M","T","E","?","?"],"build_version":"2022-12-18","purchased_purges":0,"victory":false,"max_hp_per_floor":[75,75,75,75,75,75,75,75,75,75,75,75],"relic_stats":{"Darkstone Periapt":0,"counters":[9,38],"Art of War":[0],"Smiling Mask":0,"obtain_stats":[{"Darkstone Periapt":7,"Art of War":9,"Smiling Mask":10,"Burning Blood":0},{"Darkstone Periapt":5,"Art of War":6,"Smiling Mask":7,"Burning Blood":0},{"Darkstone Periapt":24,"Art of War":27,"Smiling Mask":31,"Burning Blood":0}],"Burning Blood":48},"card_choices":[{"not_picked":["Berserk","Exhume"],"picked":"Double Tap","floor":0},{"not_picked":["Flame Barrier","Twin Strike"],"picked":"Clothesline","floor":1},{"not_picked":["True Grit","Evolve"],"picked":"Wild Strike","floor":2},{"not_picked":["Inflame","Entrench"],"picked":"Uppercut","floor":3},{"not_picked":["Heavy Blade","Disarm"],"picked":"Shrug It Off","floor":4},{"not_picked":["Rage","Intimidate","Reckless Charge"],"picked":"SKIP","floor":7},{"not_picked":["Flex","Perfected Strike","Clothesline"],"picked":"SKIP","floor":8},{"not_picked":["Headbutt","Twin Strike"],"picked":"Juggernaut","floor":10},{"not_picked":["Dual Wield","Havoc"],"picked":"Twin Strike","floor":11}],"player_experience":1813369,"relics_obtained":[{"floor":7,"key":"Darkstone Periapt"},{"floor":9,"key":"Art of War"},{"floor":10,"key":"Smiling Mask"}],"event_choices":[{"damage_healed":0,"gold_gain":0,"player_choice":"Got Potions","damage_taken":0,"max_hp_gain":0,"max_hp_loss":0,"event_name":"Lab","floor":5,"gold_loss":0}],"is_beta":false,"boss_relics":[],"items_purged_floors":[],"is_endless":false,"potions_floor_spawned":[3,4],"killed_by":"Lots of Slimes","ascension_level":20,"potion_discard_per_floor":[[],[],[],[],["Weak Potion","Weak Potion"],[],[],[],[],[],[],[]]}