{"neow_bonuses_skipped_log":["ONE_RANDOM_RARE_CARD","HUNDRED_GOLD","BOSS_RELIC"],"potions_obtained_entropic_brew":[[],[],[],[],[],[],[],[],[],[],[],[],[],[],[],[],[],[],[],[],[],[],[],[],[],[],[],[],[],[],[],[],[],[],[],[],[],[],[],[],[],[],[],[],[],[],[],[],[],[],[],[],[],[],[],[]],"neow_costs_skipped_log":["NONE","NONE","NONE"],"gold_per_floor":[115,115,128,141,160,196,221,221,246,246,246,279,22,62,62,165,228,249,34,43,66,96,139,139,174,174,174,209,232,232,257,257,362,362,380,680,407,431,458,508,14,54,54,54,78,411,54,94,94,94,94,94,94,41,75,75],"floor_reached":56,"playtime":3758,"items_purged":["Dual Wield","Bash","Rage"],"score":2085,"play_id":"d5b66c83-0051-4972-9256-9c451623a00b","local_time":"20230411023723","score_breakdown":["Floors Climbed (56): 280","Enemies Slain (15): 30","Exordium Elites Killed (2): 20","City Elites Killed (3): 60","Beyond Elites Killed (3): 90","Bosses Slain (4): 500","Money Money (1759): 25","Collector (1): 25","Librarian: 25","Overkill: 25","Ascension (20): 1005"],"is_ascension_mode":true,"potions_obtained_alchemize":[[],[],[],[],[],[],[],[],[],[],[],[],[],[],[],[],[],[],[],[],[],[],[],[],[],[],[],[],[],[],[],[],[],[],[],[],[],[],[],[],[],[],[],[],[],[],[],[],[],[],[],[],[],[],[],[]],"campfire_choices":[{"floor":8.0,"key":"REST"},{"data":"Uppercut","floor":11.0,"key":"SMITH"},{"data":"Apotheosis","floor":15.0,"key":"SMITH"},{"data":"Offering","floor":24,"key":"SMITH"},{"floor":27,"key":"REST"},{"floor":30,"key":"REST"},{"floor":32,"key":"REST"},{"floor":44,"key":"REST"},{"floor":49,"key":"RECALL"},{"floor":53,"key":"REST"}],"lesson_learned_per_floor":[[],[],[],[],[],[],[],[],[],[],[],[],[],[],[],[],[],[],[],[],[],[],[],[],[],[],[],[],[],[],[],[],[],[],[],[],[],[],[],[],[],[],[],[],[],[],[],[],[],[],[],[],[],[],[],[]],"neow_cost":"PERCENT_DAMAGE","improvable_cards":{},"seed_source_timestamp":859832696079300,"shop_contents":[{"floor":13,"relics":["Pen Nib","Nunchaku","Frozen Eye"],"cards":["Headbutt","Rampage","Dual Wield","Entrench","Barricade","Jack Of All Trades"],"potions":["Dexterity Potion","CultistPotion","SpeedPotion"]},{"floor":19,"relics":["Du-Vu Doll","HandDrill"],"cards":["Sword Boomerang","Cleave","Armaments","Fire Breathing","Flash of Steel","Sadistic Nature"],"potions":["Strength Potion","SmokeBomb","DistilledChaos"]},{"floor":37,"relics":["Ornamental Fan","Sling"],"cards":["Whirlwind","Sword Boomerang","Rage","Flex","Fire Breathing+1","Deep Breath","Magnetism+1"],"potions":["LiquidMemories","DuplicationPotion","BloodPotion"]},{"floor":41,"relics":["Singing Bowl","Chemical X"],"cards":["Feed","Twin Strike","True Grit","Impatience","Master of Strategy"],"potions":["DuplicationPotion","AttackPotion"]},{"floor":47,"relics":["Gremlin Horn","Meat on the Bone"],"cards":["Whirlwind","Dropkick","True Grit","PanicButton","Violence"],"potions":["CultistPotion","ElixirPotion","EntropicBrew"]},{"floor":54,"relics":["Strawberry","Mango","PrismaticShard"],"cards":["Twin Strike","Carnage","Shrug It Off","Ghostly Armor","Evolve+1","Dark Shackles","Secret Technique"],"potions":["SteroidPotion","FearPotion"]}],"circlet_count":0,"master_deck":["AscendersBane","Havoc","Uppercut+1","Cleave","Headbutt+1","Whirlwind+1","Bloodletting","Shrug It Off","Apotheosis+1","Shrug It Off","Offering+1","Pommel Strike","Pummel+1","Entrench","Warcry","Feel No Pain","Double Tap","Infernal Blade","Shrug It Off","Offering","Spot Weakness","Inflame+1","Flame Barrier","Body Slam","Barricade+1","True Grit","Evolve+1","Power Through+1","Second Wind","Feel No Pain+1","Seeing Red","Limit Break","Rupture+1","Shrug It Off+1","Juggernaut+1"],"special_seed":0,"potion_use_per_floor":[[],[],[],[],[],["FearPotion","Weak Potion"],[],[],[],[],[],[],[],[],[],[],[],["Block Potion"],[],[],[],[],[],[],[],[],[],["ColorlessPotion"],[],[],[],[],["SpeedPotion"],[],[],[],[],["Swift Potion"],[],["AttackPotion"],[],["Swift Potion"],[],[],[],[],[],[],[],["HeartOfIron"],["Ancient Potion"],[],[],[],["ColorlessPotion"],["FearPotion"]],"relics":["Burning Blood","Anchor","CeramicFish","Oddly Smooth Stone","Pandora\u0027s Box","Omamori","Toy Ornithopter","Whetstone","Magic Flower","Frozen Egg 2","Calling Bell","Boot","Question Card","Shovel","PreservedInsect","Regal Pillow","Bag of Preparation","Sundial","ClockworkSouvenir","Ancient Tea Set","Bronze Scales"],"potions_floor_usage":[28,33,38,40,42,50,51,55,56],"damage_taken":[{"damage":7.0,"enemies":"Small Slimes","floor":1.0,"turns":5.0},{"damage":8.0,"enemies":"2 Louse","floor":3.0,"turns":4.0},{"damage":4.0,"enemies":"Cultist","floor":4.0,"turns":3.0},{"damage":17.0,"enemies":"Blue Slaver","floor":5.0,"turns":5.0},{"damage":26.0,"enemies":"Gremlin Nob","floor":6.0,"turns":4.0},{"damage":6.0,"enemies":"Red Slaver","floor":7.0,"turns":3.0},{"damage":5.0,"enemies":"Exordium Wildlife","floor":12.0,"turns":3.0},{"damage":11.0,"enemies":"Lagavulin","floor":14.0,"turns":6.0},{"damage":31.0,"enemies":"Slime Boss","floor":16.0,"turns":10.0},{"damage":9.0,"enemies":"2 Thieves","floor":18.0,"turns":3.0},{"damage":6.0,"enemies":"Chosen","floor":21.0,"turns":5.0},{"damage":6.0,"enemies":"Centurion and Healer","floor":22.0,"turns":3.0},{"damage":24,"enemies":"Book of Stabbing","floor":23,"turns":3},{"damage":25,"enemies":"Gremlin Leader","floor":25,"turns":5},{"damage":32,"enemies":"Slavers","floor":28,"turns":5},{"damage":6,"enemies":"3 Cultists","floor":29,"turns":3},{"damage":25,"enemies":"Chosen and Byrds","floor":31,"turns":8},{"damage":36,"enemies":"Automaton","floor":33,"turns":7},{"damage":20,"enemies":"3 Shapes","floor":35,"turns":6},{"damage":3,"enemies":"Orb Walker","floor":38,"turns":4},{"damage":6,"enemies":"Maw","floor":39,"turns":8},{"damage":33,"enemies":"Reptomancer","floor":40,"turns":6},{"damage":34,"enemies":"Giant Head","floor":42,"turns":7},{"damage":12,"enemies":"Spire Growth","floor":45,"turns":6},{"damage":17,"enemies":"Nemesis","floor":48,"turns":5},{"damage":59,"enemies":"Awakened One","floor":50,"turns":11},{"damage":16,"enemies":"Time Eater","floor":51,"turns":11},{"damage":53,"enemies":"Shield and Spear","floor":55,"turns":10},{"damage":32,"enemies":"The Heart","floor":56,"turns":5}],"green_key_taken_log":40,"seed_played":"-3122981146216034479","neow_bonus_log":{"cardsObtained":["Havoc","Dual Wield"],"cardsUpgraded":[],"cardsRemoved":[],"cardsTransformed":["Strike_R","Strike_R"],"relicsObtained":[],"maxHpGained":0,"goldGained":0,"damageTaken":18,"goldLost":0,"maxHpLost":0},"potions_obtained":[{"floor":1.0,"key":"FearPotion"},{"floor":4.0,"key":"Weak Potion"},{"floor":12.0,"key":"Block Potion"},{"floor":23,"key":"ColorlessPotion"},{"floor":28,"key":"SpeedPotion"},{"floor":29,"key":"Ancient Potion"},{"floor":35,"key":"Swift Potion"},{"floor":38,"key":"AttackPotion"},{"floor":42,"key":"HeartOfIron"},{"floor":55,"key":"FearPotion"}],"is_trial":false,"path_per_floor":["M","?","M","M","M","E","M","R","T","?","R","M","$","E","R","B",null,"M","$","?","M","M","E","R","E","T","R","E","M","R","M","R","B",null,"M","?","$","M","M","E","$","E","T","R","M","?","$","E","R","B","B",null,"R","$","E","B"],"character_chosen":"IRONCLAD","basemod:card_modifiers":[null,null,null,null,null,null,null,null,null,null,null,null,null,null,null,null,null,null,null,null,null,null,null,null,null,null,null,null,null,null,null,null,null,null,null],"items_purchased":["Apotheosis","Shrug It Off","Omamori","PreservedInsect","Second Wind","Feel No Pain+1","Bag of Preparation","Swift Potion","Limit Break","Rupture+1","ClockworkSouvenir","ColorlessPotion"],"campfire_rested":6,"item_purchase_floors":[13,19,19,37,41,41,41,41,47,47,47,54],"current_hp_per_floor":[49,49,47,49,38,18,18,38,38,38,38,39,39,34,34,9,53,50,50,50,50,50,32,32,13,13,33,18,21,41,25,45,26,58,47,47,47,61,64,48,48,31,31,66,63,63,63,55,55,13,14,55,68,68,24,0],"gold":75,"neow_bonus":"TRANSFORM_TWO_CARDS","is_prod":false,"is_daily":false,"rewards_skipped":[{"floor":5,"relics":[],"potions":["FearPotion"]},{"floor":48,"relics":[],"potions":["SkillPotion"]}],"chose_seed":false,"campfire_upgraded":3,"win_rate":0,"floor_exit_playtime":[94,98,162,205,261,312,338,342,345,355,368,448,499,594,600,795,847,924,949,1007,1084,1123,1197,1204,1339,1342,1345,1460,1516,1520,1635,1639,1798,1852,1939,1953,2012,2093,2221,2347,2407,2578,2583,2590,2720,2726,2762,2849,2854,3171,3410,3422,3426,3442,3662],"timestamp":1681195043,"blue_key_relic_skipped_log":{"floor":43,"relicID":"Blue Candle"},"path_taken":["M","?","M","M","M","E","M","R","T","?","R","M","$","E","R","BOSS","M","$","?","?","M","E","R","E","T","R","E","M","R","M","R","BOSS","M","?","$","?","M","E","$","E","T","R","M","?","?","E","R","BOSS","BOSS","R","$","E","BOSS"],"build_version":"2022-12-18","purchased_purges":3,"victory":false,"max_hp_per_floor":[75,68,68,68,68,68,68,68,68,68,68,68,68,68,68,68,68,68,68,68,68,68,68,68,68,68,68,68,68,68,68,68,68,68,68,68,68,68,68,68,68,68,68,68,68,68,68,68,68,68,68,68,68,68,68,68],"relic_stats":{"Regal Pillow":15,"counters":[29,164],"CeramicFish":261,"Magic Flower":[66],"PreservedInsect":319,"Omamori":1,"Bag of Preparation":[14],"Whetstone":["Headbutt","Pummel"],"Boot":[29],"Question Card":8,"Ancient Tea Set":[4],"Burning Blood":210,"Shovel":0,"Sundial":[6],"Bronze Scales":[48],"Pandora\u0027s Box":["Pommel Strike","Pummel","Entrench","Warcry","Feel No Pain","Double Tap","Infernal Blade"],"obtain_stats":[{"Regal Pillow":40,"Golden Idol":2,"CeramicFish":9,"Oddly Smooth Stone":14,"Magic Flower":26,"PreservedInsect":37,"Omamori":19,"Bag of Preparation":41,"Whetstone":25,"Frozen Egg 2":28,"Boot":34,"Question Card":34,"Ancient Tea Set":48,"Burning Blood":0,"ClockworkSouvenir":47,"Calling Bell":34,"Anchor":6,"Shovel":34,"Sundial":42,"Bronze Scales":55,"Pandora\u0027s Box":17,"Toy Ornithopter":23},{"Regal Pillow":22,"Golden Idol":1,"CeramicFish":6,"Oddly Smooth Stone":8,"Magic Flower":14,"PreservedInsect":19,"Omamori":10,"Bag of Preparation":22,"Whetstone":14,"Frozen Egg 2":15,"Boot":18,"Question Card":18,"Ancient Tea Set":25,"Burning Blood":0,"ClockworkSouvenir":24,"Calling Bell":18,"Anchor":5,"Shovel":18,"Sundial":23,"Bronze Scales":28,"Pandora\u0027s Box":9,"Toy Ornithopter":13},{"Regal Pillow":109,"Golden Idol":5,"CeramicFish":24,"Oddly Smooth Stone":33,"Magic Flower":62,"PreservedInsect":91,"Omamori":46,"Bag of Preparation":109,"Whetstone":62,"Frozen Egg 2":67,"Boot":85,"Question Card":85,"Ancient Tea Set":127,"Burning Blood":0,"ClockworkSouvenir":122,"Calling Bell":85,"Anchor":21,"Shovel":85,"Sundial":116,"Bronze Scales":159,"Pandora\u0027s Box":43,"Toy Ornithopter":57}],"Toy Ornithopter":64},"card_choices":[{"not_picked":["Iron Wave","Rampage"],"picked":"Uppercut","floor":1.0},{"not_picked":["Thunderclap","Burning Pact"],"picked":"Cleave","floor":3.0},{"not_picked":["Iron Wave","Sentinel","Uppercut"],"picked":"SKIP","floor":4.0},{"not_picked":["Iron Wave","Twin Strike"],"picked":"Headbutt","floor":5.0},{"not_picked":["Clothesline","Disarm"],"picked":"Whirlwind","floor":6.0},{"not_picked":["Dual Wield","Flex"],"picked":"Bloodletting","floor":7.0},{"not_picked":["Anger","Spot Weakness"],"picked":"Shrug It Off","floor":12.0},{"not_picked":["Reckless Charge","Sentinel"],"picked":"Shrug It Off","floor":14.0},{"not_picked":["Double Tap","Reaper"],"picked":"Offering","floor":16.0},{"not_picked":["Anger","Clothesline","Sword Boomerang"],"picked":"SKIP","floor":18.0},{"not_picked":["Wild Strike+1","Anger"],"picked":"Spot Weakness","floor":21.0},{"not_picked":["Fire Breathing","Shrug It Off"],"picked":"Inflame+1","floor":22.0},{"not_picked":["Headbutt","Dropkick+1"],"picked":"Flame Barrier","floor":23},{"not_picked":["Sword Boomerang","Juggernaut","Clothesline"],"picked":"SKIP","floor":25},{"not_picked":["Combust+1","Warcry","Iron Wave"],"picked":"SKIP","floor":28},{"not_picked":["Iron Wave","Infernal Blade"],"picked":"Rage","floor":29},{"not_picked":["Wild Strike","Entrench"],"picked":"Body Slam","floor":31},{"not_picked":["Berserk+1","Feed"],"picked":"Barricade+1","floor":33},{"not_picked":["Searing Blow","Body Slam","Headbutt+1","Wild Strike"],"picked":"SKIP","floor":35},{"not_picked":["Perfected Strike+1","Shockwave","Feed"],"picked":"True Grit","floor":38},{"not_picked":["Ghostly Armor","Perfected Strike","Headbutt"],"picked":"Evolve+1","floor":39},{"not_picked":["Body Slam+1","Anger","Cleave"],"picked":"Power Through+1","floor":40},{"not_picked":["Perfected Strike+1","Power Through","Heavy Blade","Spot Weakness"],"picked":"SKIP","floor":42},{"not_picked":["Rampage","Cleave","Dual Wield"],"picked":"Seeing Red","floor":45},{"not_picked":["Twin Strike","Armaments","Anger+1"],"picked":"Shrug It Off+1","floor":48},{"not_picked":["Heavy Blade","Intimidate","Clash"],"picked":"Juggernaut+1","floor":55}],"player_experience":1689161,"relics_obtained":[{"floor":6.0,"key":"Anchor"},{"floor":9.0,"key":"CeramicFish"},{"floor":14.0,"key":"Oddly Smooth Stone"},{"floor":23,"key":"Toy Ornithopter"},{"floor":25,"key":"Whetstone"},{"floor":26,"key":"Magic Flower"},{"floor":28,"key":"Frozen Egg 2"},{"floor":34,"key":"Boot"},{"floor":34,"key":"Question Card"},{"floor":34,"key":"Shovel"},{"floor":40,"key":"Regal Pillow"},{"floor":42,"key":"Sundial"},{"floor":48,"key":"Ancient Tea Set"},{"floor":55,"key":"Bronze Scales"}],"event_choices":[{"damage_healed":0.0,"max_hp_gain":0.0,"max_hp_loss":7.0,"gold_gain":0.0,"event_name":"Golden Idol","player_choice":"Lose Max HP","floor":2.0,"gold_loss":0.0,"damage_taken":0.0,"relics_obtained":["Golden Idol"]},{"damage_healed":0.0,"max_hp_gain":0.0,"max_hp_loss":0.0,"gold_gain":0.0,"event_name":"Living Wall","player_choice":"Grow","floor":10.0,"gold_loss":0.0,"damage_taken":0.0,"cards_upgraded":["Whirlwind"]},{"damage_healed":0.0,"max_hp_gain":0.0,"max_hp_loss":0.0,"gold_gain":0.0,"event_name":"Duplicator","player_choice":"Copied","floor":20.0,"gold_loss":0.0,"damage_taken":0.0,"cards_obtained":["Offering"]},{"damage_healed":0,"gold_gain":300,"player_choice":"Gold","damage_taken":0,"max_hp_gain":0,"max_hp_loss":0,"event_name":"Wheel of Change","floor":36,"gold_loss":0},{"damage_healed":0,"gold_gain":333,"player_choice":"Gave Idol","damage_taken":0,"max_hp_gain":0,"max_hp_loss":0,"event_name":"The Moai Head","floor":46,"relics_lost":["Golden Idol"],"gold_loss":0}],"is_beta":false,"boss_relics":[{"not_picked":["Black Blood","Mark of Pain"],"picked":"Pandora\u0027s Box"},{"not_picked":["Black Star","Snecko Eye"],"picked":"Calling Bell"}],"items_purged_floors":[13,37,41],"is_endless":false,"potions_floor_spawned":[1,4,5,12,23,28,29,35,38,42,48,55],"killed_by":"The Heart","ascension_level":20,"potion_discard_per_floor":[[],[],[],[],[],[],[],[],[],[],[],[],[],[],[],[],[],[],[],[],[],[],[],[],[],[],[],[],[],[],[],[],[],[],[],[],[],[],[],[],[],[],[],[],[],[],[],[],[],[],[],[],[],[],[],[]]}