{"neow_bonuses_skipped_log":["ONE_RANDOM_RARE_CARD","TEN_PERCENT_HP_BONUS","BOSS_RELIC"],"neow_costs_skipped_log":["NONE","NONE","NONE"],"potions_obtained_entropic_brew":[[],[],[],[],[],[],[],[],[],[],[],[],[],[],[],[],[],[],[],[],[],[],[],[],[],[],[],[],[],[]],"gold_per_floor":[155,205,238,295,350,350,421,421,421,453,453,120,193,254,254,367,367,422,422,465,52,65,65,104,154,217,270,14,14,14],"floor_reached":30,"playtime":1230,"items_purged":["Strike_R","Normality"],"score":624,"play_id":"1abc45b3-a34c-49a2-9bbb-e937b77c69c3","local_time":"20230413002804","score_breakdown":["Floors Climbed (30): 150","Enemies Slain (11): 22","Exordium Elites Killed (2): 20","City Elites Killed (1): 20","Bosses Slain (1): 50","Money Money (1009): 25","Collector (1): 25","Champion (1): 25","Ascension (20): 287"],"is_ascension_mode":true,"potions_obtained_alchemize":[[],[],[],[],[],[],[],[],[],[],[],[],[],[],[],[],[],[],[],[],[],[],[],[],[],[],[],[],[],[]],"campfire_choices":[{"data":"Uppercut","floor":6,"key":"SMITH"},{"data":"Inflame","floor":15,"key":"SMITH"},{"data":"Burning Pact","floor":23,"key":"SMITH"},{"data":"Pommel Strike","floor":29,"key":"SMITH"}],"lesson_learned_per_floor":[[],[],[],[],[],[],[],[],[],[],[],[],[],[],[],[],[],[],[],[],[],[],[],[],[],[],[],[],[],[]],"neow_cost":"TEN_PERCENT_HP_LOSS","improvable_cards":{},"seed_source_timestamp":74091002980900,"shop_contents":[{"floor":12,"relics":["Bronze Scales","Shovel"],"cards":["Wild Strike","Sever Soul","Intimidate","Bloodletting","Dark Shackles","Secret Weapon"],"potions":["Dexterity Potion","SpeedPotion","Ancient Potion"]},{"floor":21,"relics":["Whetstone","Vajra"],"cards":["Headbutt","Iron Wave","Rupture","Purity","Master of Strategy"],"potions":["AttackPotion","Ancient Potion","GamblersBrew"]},{"floor":28,"relics":["Tiny Chest","Juzu Bracelet"],"cards":["Cleave","Clash","Shrug It Off","Bloodletting","Evolve","Blind","The Bomb"],"potions":["LiquidMemories","EssenceOfSteel","SkillPotion"]}],"circlet_count":0,"master_deck":["AscendersBane","Defend_R","Defend_R","Defend_R","Defend_R","Bash","HandOfGreed","Uppercut+1","Iron Wave","Anger","Evolve","Inflame+1","Offering","Bite","Bite","Bite","Bite","Bite","Shockwave","Offering","Spot Weakness","Burning Pact+1","Pommel Strike+1","Headbutt","Burning Pact+1"],"potion_use_per_floor":[[],[],[],[],[],[],["ColorlessPotion"],[],[],[],[],[],["Regen Potion"],[],[],["BlessingOfTheForge"],[],["Weak Potion"],[],[],[],[],[],[],["BloodPotion"],[],["Swift Potion"],[],[],[]],"relics":["Burning Blood","Incense Burner","FossilizedHelix","Golden Idol","Medical Kit","TungstenRod","Cursed Key","Frozen Eye","MawBank","DollysMirror"],"potions_floor_usage":[7,13,16,18,25,27],"damage_taken":[{"damage":0,"enemies":"2 Louse","floor":1,"turns":3},{"damage":0,"enemies":"Cultist","floor":3,"turns":2},{"damage":5,"enemies":"Small Slimes","floor":4,"turns":3},{"damage":11,"enemies":"Exordium Wildlife","floor":5,"turns":4},{"damage":40,"enemies":"3 Sentries","floor":7,"turns":8},{"damage":0,"enemies":"Looter","floor":10,"turns":2},{"damage":15,"enemies":"Lots of Slimes","floor":13,"turns":13},{"damage":10,"enemies":"Lagavulin","floor":14,"turns":6},{"damage":10,"enemies":"Hexaghost","floor":16,"turns":7},{"damage":5,"enemies":"3 Byrds","floor":18,"turns":7},{"damage":12,"enemies":"2 Thieves","floor":20,"turns":4},{"damage":12,"enemies":"Snecko","floor":22,"turns":5},{"damage":5,"enemies":"Gremlin Leader","floor":24,"turns":9},{"damage":22,"enemies":"Shelled Parasite and Fungi","floor":25,"turns":3},{"damage":20,"enemies":"Snake Plant","floor":27,"turns":5},{"damage":35,"enemies":"Book of Stabbing","floor":30,"turns":4}],"seed_played":"7718087822316892477","neow_bonus_log":{"cardsObtained":[],"cardsUpgraded":[],"cardsRemoved":[],"cardsTransformed":[],"relicsObtained":[],"maxHpGained":0,"goldGained":0,"damageTaken":0,"goldLost":0,"maxHpLost":7},"potions_obtained":[{"floor":3,"key":"ColorlessPotion"},{"floor":5,"key":"FearPotion"},{"floor":10,"key":"Regen Potion"},{"floor":13,"key":"BlessingOfTheForge"},{"floor":16,"key":"Weak Potion"},{"floor":22,"key":"BloodPotion"},{"floor":25,"key":"Swift Potion"}],"is_trial":false,"path_per_floor":["M","?","M","M","M","R","E","?","T","M","?","$","M","E","R","B",null,"M","?","M","$","M","R","E","M","T","M","$","R","E"],"character_chosen":"IRONCLAD","basemod:card_modifiers":[null,null,null,null,null,null,null,null,null,null,null,null,null,null,null,null,null,null,null,null,null,null,null,null,null],"items_purchased":["Medical Kit","Evolve","Frozen Eye","Offering","Spot Weakness","DollysMirror"],"campfire_rested":0,"item_purchase_floors":[12,12,21,21,21,28],"current_hp_per_floor":[68,62,68,68,63,63,29,29,29,35,35,35,41,37,37,33,55,56,43,43,43,43,43,43,37,37,31,31,31,0],"gold":14,"neow_bonus":"RANDOM_COLORLESS_2","is_prod":false,"is_daily":false,"rewards_skipped":[],"chose_seed":false,"campfire_upgraded":4,"win_rate":0,"floor_exit_playtime":[54,57,86,112,142,148,244,250,253,272,276,297,420,482,487,561,581,694,703,745,756,824,833,948,994,1000,1092,1122,1129],"timestamp":1681360084,"blue_key_relic_skipped_log":{"floor":26,"relicID":"Happy Flower"},"path_taken":["M","?","M","?","M","R","E","?","T","M","?","$","M","E","R","BOSS","M","?","M","$","M","R","E","M","T","M","$","R","E"],"build_version":"2022-12-18","purchased_purges":2,"victory":false,"max_hp_per_floor":[68,68,68,68,68,68,68,68,68,68,62,62,62,62,62,62,62,62,43,43,43,43,43,43,43,43,43,43,43,43],"relic_stats":{"Frozen Eye":9.933264,"counters":[16,85],"Golden Idol":57,"Medical Kit":[4],"Cursed Key":1,"MawBank":48,"obtain_stats":[{"Frozen Eye":21,"Golden Idol":11,"DollysMirror":28,"Incense Burner":7,"Medical Kit":12,"Cursed Key":17,"MawBank":24,"Burning Blood":0,"FossilizedHelix":9,"TungstenRod":14},{"Frozen Eye":11,"Golden Idol":6,"DollysMirror":15,"Incense Burner":5,"Medical Kit":6,"Cursed Key":9,"MawBank":13,"Burning Blood":0,"FossilizedHelix":5,"TungstenRod":8},{"Frozen Eye":59,"Golden Idol":22,"DollysMirror":81,"Incense Burner":20,"Medical Kit":22,"Cursed Key":48,"MawBank":73,"Burning Blood":0,"FossilizedHelix":20,"TungstenRod":41}],"Burning Blood":77,"FossilizedHelix":[33],"TungstenRod":55},"card_choices":[{"not_picked":["Master of Strategy","Panache"],"picked":"HandOfGreed","floor":0},{"not_picked":["Intimidate","Flex","Fire Breathing"],"picked":"SKIP","floor":1},{"not_picked":["Sword Boomerang","Intimidate","Pummel"],"picked":"SKIP","floor":3},{"not_picked":["Warcry","Clothesline"],"picked":"Uppercut","floor":4},{"not_picked":["Carnage","Entrench","Sword Boomerang"],"picked":"SKIP","floor":5},{"not_picked":["Wild Strike","Dual Wield"],"picked":"Iron Wave","floor":7},{"not_picked":["Pommel Strike","Twin Strike"],"picked":"Anger","floor":10},{"not_picked":["Twin Strike","Cleave"],"picked":"Inflame","floor":13},{"not_picked":["Brutality","Evolve","Bloodletting"],"picked":"SKIP","floor":14},{"not_picked":["Berserk","Immolate"],"picked":"Offering","floor":16},{"not_picked":["Rampage","Wild Strike","Iron Wave"],"picked":"SKIP","floor":18},{"not_picked":["Perfected Strike","Warcry"],"picked":"Shockwave","floor":20},{"not_picked":["Havoc","Infernal Blade"],"picked":"Burning Pact","floor":22},{"not_picked":["Spot Weakness","Sentinel"],"picked":"Pommel Strike","floor":24},{"not_picked":["Twin Strike+1","Clash"],"picked":"Headbutt","floor":25},{"not_picked":["Clothesline+1","Twin Strike","Havoc"],"picked":"SKIP","floor":27}],"player_experience":1745516,"relics_obtained":[{"floor":7,"key":"Incense Burner"},{"floor":9,"key":"FossilizedHelix"},{"floor":14,"key":"TungstenRod"},{"floor":24,"key":"MawBank"}],"event_choices":[{"damage_healed":0,"gold_gain":50,"player_choice":"Touch","damage_taken":6,"max_hp_gain":0,"max_hp_loss":0,"event_name":"FaceTrader","floor":2,"gold_loss":0},{"damage_healed":0,"gold_gain":0,"player_choice":"Ignored","damage_taken":0,"max_hp_gain":0,"max_hp_loss":0,"event_name":"Liars Game","floor":8,"gold_loss":0},{"damage_healed":0,"gold_gain":0,"player_choice":"Lose Max HP","damage_taken":0,"relics_obtained":["Golden Idol"],"max_hp_gain":0,"max_hp_loss":6,"event_name":"Golden Idol","floor":11,"gold_loss":0},{"damage_healed":0,"gold_gain":0,"player_choice":"Became a vampire","damage_taken":0,"max_hp_gain":0,"max_hp_loss":19,"event_name":"Vampires","floor":19,"gold_loss":0,"cards_obtained":["Bite","Bite","Bite","Bite","Bite"]}],"is_beta":false,"boss_relics":[{"not_picked":["Sozu","Tiny House"],"picked":"Cursed Key"}],"items_purged_floors":[12,28],"is_endless":false,"potions_floor_spawned":[3,5,10,13,16,22,25],"killed_by":"Book of Stabbing","ascension_level":20,"potion_discard_per_floor":[[],[],[],[],[],[],[],[],[],[],[],[],[],[],[],[],[],[],[],[],[],[],[],[],[],[],[],[],[],[]]}