{"neow_bonuses_skipped_log":["THREE_CARDS","ONE_RARE_RELIC","BOSS_RELIC"],"neow_costs_skipped_log":["NONE","TEN_PERCENT_HP_LOSS","NONE"],"potions_obtained_entropic_brew":[[],[],[],[],[],[],[],[],[],[],[],[],[],[],[],[]],"gold_per_floor":[118,136,146,146,161,161,192,192,267,267,307,282,282,297,297,297],"floor_reached":16,"playtime":498,"items_purged":[],"score":224,"play_id":"9519ad8f-c651-449d-a186-19fabcf6f8e0","local_time":"20230501191030","score_breakdown":["Floors Climbed (16): 80","Enemies Slain (6): 12","Exordium Elites Killed (2): 20","Bosses Slain (0): 0","Ascension (20): 112"],"is_ascension_mode":true,"potions_obtained_alchemize":[[],[],[],[],[],[],[],[],[],[],[],[],[],[],[],[]],"campfire_choices":[{"data":"Searing Blow","floor":6,"key":"SMITH"},{"data":"Searing Blow+1","floor":8,"key":"SMITH"},{"data":"Searing Blow+2","floor":13,"key":"SMITH"},{"data":"Searing Blow+3","floor":15,"key":"SMITH"}],"lesson_learned_per_floor":[[],[],[],[],[],[],[],[],[],[],[],[],[],[],[],[]],"neow_cost":"NONE","improvable_cards":{},"seed_source_timestamp":36950375876100,"shop_contents":[],"circlet_count":0,"master_deck":["AscendersBane","Strike_R","Strike_R","Strike_R","Strike_R","Strike_R","Defend_R","Defend_R","Defend_R","Defend_R","Bash","Searing Blow+4","Flame Barrier","Battle Trance","Combust","Bloodletting","Seeing Red","Feel No Pain"],"potion_use_per_floor":[[],[],[],[],[],[],[],[],[],[],["FearPotion","GamblersBrew"],[],[],[],[],[]],"relics":["Burning Blood","Juzu Bracelet","Shovel","Ornamental Fan","Golden Idol","Vajra"],"potions_floor_usage":[11,11],"damage_taken":[{"damage":10,"enemies":"Small Slimes","floor":1,"turns":5},{"damage":4,"enemies":"2 Louse","floor":2,"turns":4},{"damage":2,"enemies":"Cultist","floor":3,"turns":4},{"damage":5,"enemies":"3 Louse","floor":5,"turns":5},{"damage":50,"enemies":"3 Sentries","floor":7,"turns":7},{"damage":14,"enemies":"Gremlin Nob","floor":11,"turns":3},{"damage":12,"enemies":"Exordium Thugs","floor":12,"turns":4},{"damage":9,"enemies":"Looter","floor":14,"turns":4},{"damage":16,"enemies":"Hexaghost","floor":16,"turns":7}],"green_key_taken_log":11,"seed_played":"-1185962676466678941","neow_bonus_log":{"cardsObtained":[],"cardsUpgraded":[],"cardsRemoved":[],"cardsTransformed":[],"relicsObtained":["Juzu Bracelet"],"maxHpGained":0,"goldGained":0,"damageTaken":0,"goldLost":0,"maxHpLost":0},"potions_obtained":[{"floor":3,"key":"GamblersBrew"},{"floor":5,"key":"FearPotion"},{"floor":11,"key":"SteroidPotion"}],"is_trial":false,"path_per_floor":["M","M","M","?","M","R","E","R","T","?","E","M","R","M","R","B"],"character_chosen":"IRONCLAD","basemod:card_modifiers":[null,null,null,null,null,null,null,null,null,null,null,null,null,null,null,null,null,null],"items_purchased":[],"campfire_rested":0,"item_purchase_floors":[],"current_hp_per_floor":[64,66,70,75,76,76,32,32,32,32,24,18,18,15,15,0],"gold":297,"neow_bonus":"RANDOM_COMMON_RELIC","is_prod":false,"is_daily":false,"rewards_skipped":[],"chose_seed":false,"campfire_upgraded":4,"win_rate":0,"floor_exit_playtime":[64,95,131,135,198,207,297,302,305,308,357,405,411,439,447],"timestamp":1682982630,"path_taken":["M","M","M","?","M","R","E","R","T","?","E","M","R","M","R","BOSS"],"build_version":"2022-12-18","purchased_purges":0,"victory":false,"max_hp_per_floor":[75,75,75,80,80,80,80,80,80,72,72,72,72,72,72,72],"relic_stats":{"Shovel":0,"counters":[9,43],"Ornamental Fan":[12],"Golden Idol":14,"Juzu Bracelet":0,"obtain_stats":[{"Shovel":7,"Ornamental Fan":9,"Golden Idol":10,"Vajra":11,"Juzu Bracelet":0,"Burning Blood":0},{"Shovel":5,"Ornamental Fan":5,"Golden Idol":5,"Vajra":6,"Juzu Bracelet":0,"Burning Blood":0},{"Shovel":25,"Ornamental Fan":25,"Golden Idol":25,"Vajra":28,"Juzu Bracelet":0,"Burning Blood":0}],"Burning Blood":48},"card_choices":[{"not_picked":["Twin Strike","Bloodletting"],"picked":"Searing Blow","floor":1},{"not_picked":["Perfected Strike","Infernal Blade"],"picked":"Flame Barrier","floor":2},{"not_picked":["Havoc","Pommel Strike"],"picked":"Battle Trance","floor":3},{"not_picked":["Cleave","Flex"],"picked":"Combust","floor":5},{"not_picked":["Pummel","Rampage"],"picked":"Bloodletting","floor":7},{"not_picked":["Spot Weakness","Sword Boomerang"],"picked":"Seeing Red","floor":11},{"not_picked":["Thunderclap","Power Through"],"picked":"Feel No Pain","floor":12},{"not_picked":["Cleave","Twin Strike","Clothesline"],"picked":"SKIP","floor":14}],"player_experience":1907646,"relics_obtained":[{"floor":7,"key":"Shovel"},{"floor":9,"key":"Ornamental Fan"},{"floor":11,"key":"Vajra"}],"event_choices":[{"damage_healed":0,"gold_gain":0,"player_choice":"Donut","damage_taken":0,"max_hp_gain":5,"max_hp_loss":0,"event_name":"Big Fish","floor":4,"gold_loss":0},{"damage_healed":0,"gold_gain":0,"player_choice":"Lose Max HP","damage_taken":0,"relics_obtained":["Golden Idol"],"max_hp_gain":0,"max_hp_loss":8,"event_name":"Golden Idol","floor":10,"gold_loss":0}],"is_beta":false,"boss_relics":[],"items_purged_floors":[],"is_endless":false,"potions_floor_spawned":[3,5,11],"killed_by":"Hexaghost","ascension_level":20,"potion_discard_per_floor":[[],[],[],[],[],[],[],[],[],[],[],[],[],[],[],[]]}