{"neow_bonuses_skipped_log":["ONE_RANDOM_RARE_CARD","TEN_PERCENT_HP_BONUS","BOSS_RELIC"],"neow_costs_skipped_log":["NONE","NONE","NONE"],"potions_obtained_entropic_brew":[[],[],[],[],[],[],[],[],[],[],[],[],[],[],[],["Ancient Potion","Ancient Potion"],[],[],[],[],[],[],[],[],[],[],[],[],[],[],[],[],[]],"gold_per_floor":[114,133,133,151,151,151,61,94,94,94,115,153,153,174,174,267,267,288,315,315,11,43,43,43,5,5,30,30,42,70,90,90,90],"floor_reached":33,"playtime":992,"items_purged":["Strike_R"],"score":582,"play_id":"1f30fac9-4543-46ca-973f-4cfb609a880a","local_time":"20230424163808","score_breakdown":["Floors Climbed (33): 165","Enemies Slain (8): 16","Exordium Elites Killed (2): 20","City Elites Killed (2): 40","Bosses Slain (1): 50","Ascension (20): 291"],"is_ascension_mode":true,"potions_obtained_alchemize":[[],[],[],[],[],[],[],[],[],[],[],[],[],[],[],[],[],[],[],[],[],[],[],[],[],[],[],[],[],[],[],[],[]],"campfire_choices":[{"data":"Armaments","floor":6.0,"key":"SMITH"},{"data":"Whirlwind","floor":10,"key":"SMITH"},{"data":"Immolate","floor":15,"key":"SMITH"},{"data":"Apotheosis","floor":23,"key":"SMITH"},{"data":"Burning Pact","floor":32,"key":"SMITH"}],"lesson_learned_per_floor":[[],[],[],[],[],[],[],[],[],[],[],[],[],[],[],[],[],[],[],[],[],[],[],[],[],[],[],[],[],[],[],[],[]],"neow_cost":"PERCENT_DAMAGE","improvable_cards":{},"seed_source_timestamp":1082916833287200,"shop_contents":[{"floor":7,"relics":["Toxic Egg 2","Vajra","PrismaticShard"],"cards":["Anger","True Grit","Armaments","Rupture","Flash of Steel","Magnetism"],"potions":["Dexterity Potion","BloodPotion","Regen Potion"]},{"floor":21,"relics":["Turnip","Boot"],"cards":["Clash","Immolate","Flame Barrier","Flex","Combust","Bandage Up"],"potions":["PowerPotion","EssenceOfSteel","DistilledChaos"]},{"floor":25,"relics":["Red Skull","PreservedInsect","OrangePellets"],"cards":["Dropkick","Shrug It Off","Sentinel","Feel No Pain","Panacea","Panache"],"potions":["Fire Potion","PowerPotion","SpeedPotion"]},{"floor":28,"relics":["War Paint","Bag of Marbles","Frozen Eye"],"cards":["Perfected Strike","Thunderclap","True Grit","Limit Break","Combust","Enlightenment","Violence"],"potions":["LiquidBronze","Ancient Potion","Fire Potion"]}],"circlet_count":0,"master_deck":["AscendersBane","Strike_R","Strike_R","Defend_R","Defend_R","Defend_R","Bash","Impervious","Rampage","Armaments+1","Shockwave","Bloodletting","Whirlwind+1","Immolate+1","Shrug It Off","Impervious","Apotheosis+1","Pommel Strike","Reaper","Warcry","Body Slam","Burning Pact+1","Pommel Strike"],"special_seed":0,"potion_use_per_floor":[[],[],[],[],[],[],[],["Fire Potion"],[],[],[],["Explosive Potion"],[],[],[],["Fire Potion","EntropicBrew"],[],[],[],[],[],[],[],[],[],[],[],[],[],["PowerPotion"],[],[],[]],"relics":["Burning Blood","Bloody Idol","Paper Frog","Gremlin Horn","Bronze Scales","Velvet Choker","Dream Catcher","Membership Card","Red Mask","Orichalcum","Meat on the Bone","Anchor"],"potions_floor_usage":[8,12,16,16,30],"damage_taken":[{"damage":1.0,"enemies":"Cultist","floor":1.0,"turns":4.0},{"damage":0.0,"enemies":"Small Slimes","floor":2.0,"turns":4.0},{"damage":3.0,"enemies":"2 Louse","floor":4.0,"turns":4.0},{"damage":19,"enemies":"Lagavulin","floor":8,"turns":8},{"damage":4,"enemies":"Red Slaver","floor":11,"turns":3},{"damage":13,"enemies":"3 Sentries","floor":12,"turns":2},{"damage":6,"enemies":"Looter","floor":14,"turns":2},{"damage":12,"enemies":"Slime Boss","floor":16,"turns":6},{"damage":2,"enemies":"Spheric Guardian","floor":18,"turns":6},{"damage":6,"enemies":"Masked Bandits","floor":22,"turns":2},{"damage":18,"enemies":"Book of Stabbing","floor":27,"turns":5},{"damage":0,"enemies":"Chosen","floor":29,"turns":3},{"damage":4,"enemies":"Slavers","floor":30,"turns":2},{"damage":15,"enemies":"Shelled Parasite and Fungi","floor":31,"turns":5},{"damage":105,"enemies":"Champ","floor":33,"turns":13}],"seed_played":"-2304136521472377718","neow_bonus_log":{"cardsObtained":["Impervious","Rampage"],"cardsUpgraded":[],"cardsRemoved":[],"cardsTransformed":["Strike_R","Defend_R"],"relicsObtained":[],"maxHpGained":0,"goldGained":0,"damageTaken":18,"goldLost":0,"maxHpLost":0},"potions_obtained":[{"floor":4.0,"key":"Fire Potion"},{"floor":8,"key":"Explosive Potion"},{"floor":12,"key":"Block Potion"},{"floor":13,"key":"Fire Potion"},{"floor":13,"key":"EntropicBrew"},{"floor":18,"key":"EssenceOfSteel"},{"floor":29,"key":"PowerPotion"}],"is_trial":false,"path_per_floor":["M","M","?","M","?","R","$","E","T","R","M","E","?","M","R","B",null,"M","T","?","$","?","R","?","$","T","E","$","M","E","M","R","B"],"character_chosen":"IRONCLAD","basemod:card_modifiers":[null,null,null,null,null,null,null,null,null,null,null,null,null,null,null,null,null,null,null,null,null,null,null],"items_purchased":["Whirlwind","Membership Card","Apotheosis","Reaper"],"campfire_rested":0,"item_purchase_floors":[7,21,21,25],"current_hp_per_floor":[55,61,54,57,57,57,57,44,44,44,46,39,39,39,39,33,59,63,63,63,63,68,68,68,68,68,68,68,68,68,68,68,0],"gold":90,"neow_bonus":"TRANSFORM_TWO_CARDS","is_prod":false,"is_daily":false,"rewards_skipped":[{"floor":16,"relics":[],"potions":["Dexterity Potion"]}],"chose_seed":false,"campfire_upgraded":5,"win_rate":0,"floor_exit_playtime":[41,79,94,129,133,141,158,228,232,238,269,324,334,353,359,434,447,518,521,524,539,571,576,579,589,598,656,663,695,744,820,829],"timestamp":1682368688,"path_taken":["M","M","?","M","?","R","$","E","T","R","M","E","?","M","R","BOSS","M","?","?","$","?","R","?","?","T","E","$","M","E","M","R","BOSS"],"build_version":"2022-12-18","purchased_purges":1,"victory":false,"max_hp_per_floor":[75,75,75,75,68,68,68,68,68,68,68,68,68,68,68,68,68,68,68,68,68,68,68,68,68,68,68,68,68,68,68,68,68],"relic_stats":{"Dream Catcher":0,"Gremlin Horn":[7,7],"counters":[15,69],"Bloody Idol":11,"Bronze Scales":[77],"Membership Card":177,"Orichalcum":[42],"obtain_stats":[{"Gremlin Horn":9,"Golden Idol":5,"Velvet Choker":17,"Orichalcum":26,"Burning Blood":0,"Dream Catcher":19,"Anchor":30,"Bronze Scales":12,"Bloody Idol":20,"Red Mask":22,"Membership Card":21,"Paper Frog":8,"Meat on the Bone":27},{"Gremlin Horn":4,"Golden Idol":3,"Velvet Choker":8,"Orichalcum":10,"Burning Blood":0,"Dream Catcher":9,"Anchor":13,"Bronze Scales":6,"Bloody Idol":9,"Red Mask":10,"Membership Card":9,"Paper Frog":4,"Meat on the Bone":11},{"Gremlin Horn":20,"Golden Idol":12,"Velvet Choker":33,"Orichalcum":41,"Burning Blood":0,"Dream Catcher":39,"Anchor":51,"Bronze Scales":25,"Bloody Idol":39,"Red Mask":41,"Membership Card":39,"Paper Frog":20,"Meat on the Bone":46}],"Burning Blood":72,"Meat on the Bone":0},"card_choices":[{"not_picked":["Heavy Blade","Searing Blow"],"picked":"Armaments","floor":1.0},{"not_picked":["Second Wind","Sever Soul"],"picked":"Shockwave","floor":2.0},{"not_picked":["Armaments","Searing Blow"],"picked":"Bloodletting","floor":4.0},{"not_picked":["Iron Wave","Bloodletting"],"picked":"Immolate","floor":8},{"not_picked":["Twin Strike","Shockwave","Hemokinesis"],"picked":"SKIP","floor":11},{"not_picked":["Infernal Blade","Metallicize","Limit Break"],"picked":"SKIP","floor":12},{"not_picked":["Whirlwind","True Grit"],"picked":"Shrug It Off","floor":14},{"not_picked":["Double Tap","Bludgeon"],"picked":"Impervious","floor":16},{"not_picked":["Twin Strike","Clothesline","Ghostly Armor"],"picked":"SKIP","floor":18},{"not_picked":["Second Wind","Anger"],"picked":"Pommel Strike","floor":22},{"not_picked":["Cleave","Searing Blow"],"picked":"Warcry","floor":27},{"not_picked":["Dual Wield","Inflame"],"picked":"Body Slam","floor":29},{"not_picked":["Whirlwind","Shrug It Off"],"picked":"Burning Pact","floor":30},{"not_picked":["Uppercut","Wild Strike"],"picked":"Pommel Strike","floor":31}],"player_experience":1888220,"relics_obtained":[{"floor":8,"key":"Paper Frog"},{"floor":9,"key":"Gremlin Horn"},{"floor":12,"key":"Bronze Scales"},{"floor":19,"key":"Dream Catcher"},{"floor":22,"key":"Red Mask"},{"floor":26,"key":"Orichalcum"},{"floor":27,"key":"Meat on the Bone"},{"floor":30,"key":"Anchor"}],"event_choices":[{"cards_removed":["Strike_R"],"damage_healed":0.0,"max_hp_gain":0.0,"max_hp_loss":0.0,"gold_gain":0.0,"event_name":"Golden Wing","player_choice":"Card Removal","floor":3.0,"gold_loss":0.0,"damage_taken":7.0},{"damage_healed":0.0,"max_hp_gain":0.0,"max_hp_loss":7.0,"gold_gain":0.0,"event_name":"Golden Idol","player_choice":"Lose Max HP","floor":5.0,"gold_loss":0.0,"damage_taken":0.0,"relics_obtained":["Golden Idol"]},{"damage_healed":0,"gold_gain":0,"player_choice":"Got Potions","damage_taken":0,"max_hp_gain":0,"max_hp_loss":0,"event_name":"Lab","floor":13,"gold_loss":0},{"damage_healed":0,"gold_gain":0,"player_choice":"Gave Idol","damage_taken":0,"relics_obtained":["Bloody Idol"],"max_hp_gain":0,"max_hp_loss":0,"event_name":"Forgotten Altar","floor":20,"relics_lost":["Golden Idol"],"gold_loss":0},{"damage_healed":0,"gold_gain":0,"player_choice":"Fought Bandits","damage_taken":0,"max_hp_gain":0,"max_hp_loss":0,"event_name":"Masked Bandits","floor":22,"gold_loss":0},{"damage_healed":0,"gold_gain":0,"player_choice":"Ignored","damage_taken":0,"max_hp_gain":0,"max_hp_loss":0,"event_name":"The Mausoleum","floor":24,"gold_loss":0}],"is_beta":false,"boss_relics":[{"not_picked":["Black Blood","Sozu"],"picked":"Velvet Choker"}],"items_purged_floors":[21],"is_endless":false,"potions_floor_spawned":[4,8,12,16,18,29],"killed_by":"Champ","ascension_level":20,"potion_discard_per_floor":[[],[],[],[],[],[],[],[],[],[],[],[],["Block Potion"],[],[],[],[],["Ancient Potion"],[],[],[],[],[],[],[],[],[],[],["EssenceOfSteel"],[],[],[],[]]}