{"neow_bonuses_skipped_log":["THREE_CARDS","TEN_PERCENT_HP_BONUS","BOSS_RELIC"],"neow_costs_skipped_log":["NONE","NONE","NONE"],"potions_obtained_entropic_brew":[[],[],[],[],[],[],[],[],[],[],[],[],[],[],[],[],[],[],[],[],[],[],[],[],[]],"gold_per_floor":[118,132,144,144,155,155,175,8,8,42,42,73,73,83,83,154,154,173,191,241,256,69,99,99,99],"floor_reached":25,"playtime":1249,"items_purged":["Strike_R","Strike_R"],"score":491,"play_id":"ef3e3c85-3c57-4a51-b171-3f93d8c129a4","local_time":"20230424154004","score_breakdown":["Floors Climbed (25): 125","Enemies Slain (9): 18","Exordium Elites Killed (2): 20","City Elites Killed (1): 20","Bosses Slain (1): 50","Well Fed: 25","Ascension (20): 233"],"is_ascension_mode":true,"potions_obtained_alchemize":[[],[],[],[],[],[],[],[],[],[],[],[],[],[],[],[],[],[],[],[],[],[],[],[],[]],"campfire_choices":[{"data":"Bash","floor":6.0,"key":"SMITH"},{"floor":13.0,"key":"REST"},{"data":"True Grit","floor":15.0,"key":"SMITH"},{"data":"Corruption","floor":24,"key":"SMITH"}],"lesson_learned_per_floor":[[],[],[],[],[],[],[],[],[],[],[],[],[],[],[],[],[],[],[],[],[],[],[],[],[]],"neow_cost":"TEN_PERCENT_HP_LOSS","improvable_cards":{},"seed_source_timestamp":1079171195724100,"shop_contents":[{"floor":8,"relics":["Singing Bowl","Juzu Bracelet","ClockworkSouvenir"],"cards":["Hemokinesis","Anger","Warcry","Flex","PanicButton","HandOfGreed"],"potions":["Block Potion","SpeedPotion"]},{"floor":22,"relics":["Art of War","Torii","Cauldron"],"cards":["Headbutt","Sword Boomerang","Rage","Armaments","Dark Shackles","Panache"],"potions":["Fire Potion","EntropicBrew","FairyPotion"]}],"circlet_count":0,"master_deck":["AscendersBane","Strike_R","Strike_R","Strike_R","Defend_R","Defend_R","Defend_R","Defend_R+1","Bash+1","Clothesline+1","Pommel Strike","Feed+1","Flame Barrier","Anger","Dark Embrace","Shrug It Off","True Grit+1","Blood for Blood","Corruption+1","Shrug It Off","Headbutt","Burning Pact","Evolve"],"special_seed":0,"potion_use_per_floor":[[],[],[],[],[],[],[],[],[],["PowerPotion"],[],["SteroidPotion"],[],[],[],["HeartOfIron","BlessingOfTheForge"],[],["Block Potion"],[],[],["Weak Potion","SkillPotion"],[],["FairyPotion"],[],["Swift Potion"]],"relics":["Burning Blood","Magic Flower","Dream Catcher","White Beast Statue","Velvet Choker","Blue Candle"],"potions_floor_usage":[25],"damage_taken":[{"damage":19.0,"enemies":"Jaw Worm","floor":1.0,"turns":4.0},{"damage":7.0,"enemies":"Cultist","floor":2.0,"turns":4.0},{"damage":5.0,"enemies":"Small Slimes","floor":3.0,"turns":4.0},{"damage":10.0,"enemies":"Gremlin Gang","floor":5.0,"turns":6.0},{"damage":9.0,"enemies":"3 Louse","floor":7.0,"turns":4.0},{"damage":40.0,"enemies":"3 Sentries","floor":10.0,"turns":7.0},{"damage":21.0,"enemies":"Lagavulin","floor":12.0,"turns":10.0},{"damage":3.0,"enemies":"Looter","floor":14.0,"turns":5.0},{"damage":35.0,"enemies":"The Guardian","floor":16.0,"turns":20.0},{"damage":17.0,"enemies":"Spheric Guardian","floor":18.0,"turns":7.0},{"damage":9.0,"enemies":"Shell Parasite","floor":19.0,"turns":6.0},{"damage":7.0,"enemies":"Snecko","floor":21.0,"turns":7.0},{"damage":91,"enemies":"Slavers","floor":23,"turns":8},{"damage":49,"enemies":"Masked Bandits","floor":25,"turns":3}],"seed_played":"-538594361307962023","neow_bonus_log":{"cardsObtained":[],"cardsUpgraded":[],"cardsRemoved":[],"cardsTransformed":[],"relicsObtained":["Magic Flower"],"maxHpGained":0,"goldGained":0,"damageTaken":0,"goldLost":0,"maxHpLost":7},"potions_obtained":[{"floor":2.0,"key":"PowerPotion"},{"floor":10.0,"key":"SmokeBomb"},{"floor":12.0,"key":"BlessingOfTheForge"},{"floor":14.0,"key":"HeartOfIron"},{"floor":16.0,"key":"Block Potion"},{"floor":18.0,"key":"SkillPotion"},{"floor":19.0,"key":"Weak Potion"},{"floor":21.0,"key":"FairyPotion"},{"floor":23,"key":"Swift Potion"}],"is_trial":false,"path_per_floor":["M","M","M","?","M","R","M","$","T","E","?","E","R","M","R","B",null,"M","M","?","M","$","E","R","?"],"character_chosen":"IRONCLAD","basemod:card_modifiers":[null,null,null,null,null,null,null,null,null,null,null,null,null,null,null,null,null,null,null,null,null,null,null],"items_purchased":["SteroidPotion","Dark Embrace","Evolve"],"campfire_rested":1,"item_purchase_floors":[8,8,22],"current_hp_per_floor":[58,60,64,64,69,69,75,75,75,50,26,14,38,50,50,30,74,72,78,69,71,71,47,47,0],"gold":99,"neow_bonus":"ONE_RARE_RELIC","is_prod":false,"is_daily":false,"rewards_skipped":[],"chose_seed":false,"campfire_upgraded":3,"win_rate":0,"floor_exit_playtime":[51,79,109,115,168,179,223,248,253,360,363,464,475,523,529,732,759,847,921,925,1037,1042,1167,1186],"timestamp":1682365204,"blue_key_relic_skipped_log":{"floor":9,"relicID":"Tiny Chest"},"path_taken":["M","M","M","?","M","R","?","$","T","E","?","E","R","M","R","BOSS","M","M","?","?","$","E","R","?"],"build_version":"2022-12-18","purchased_purges":2,"victory":false,"max_hp_per_floor":[68,68,68,68,72,72,76,76,76,80,80,80,80,84,84,88,88,92,96,96,96,96,100,100,100],"relic_stats":{"Dream Catcher":1,"counters":[14,95],"Blue Candle":[0],"Magic Flower":[69],"obtain_stats":[{"Dream Catcher":10,"Blue Candle":23,"Magic Flower":0,"Velvet Choker":17,"Burning Blood":0,"White Beast Statue":12},{"Dream Catcher":6,"Blue Candle":13,"Magic Flower":0,"Velvet Choker":9,"Burning Blood":0,"White Beast Statue":7},{"Dream Catcher":29,"Blue Candle":92,"Magic Flower":0,"Velvet Choker":64,"Burning Blood":0,"White Beast Statue":39}],"Burning Blood":117,"White Beast Statue":[0.002400000000000001,0.0,0.12000000000000004,0.0,0.49360000000000015,0.0,0.3480000000000001,0.0,0.03600000000000001,0.0,0.0,2.7048]},"card_choices":[{"not_picked":["Iron Wave","Bloodletting"],"picked":"Clothesline","floor":1.0},{"not_picked":["Rage","Iron Wave"],"picked":"Pommel Strike","floor":2.0},{"not_picked":["Armaments","Headbutt"],"picked":"Feed","floor":3.0},{"not_picked":["Armaments","Shrug It Off"],"picked":"Flame Barrier","floor":5.0},{"not_picked":["Twin Strike","Carnage"],"picked":"Anger","floor":7.0},{"not_picked":["Carnage","Flex"],"picked":"Shrug It Off","floor":10.0},{"not_picked":["Armaments","Thunderclap"],"picked":"True Grit","floor":12.0},{"not_picked":["Flex","Heavy Blade"],"picked":"Blood for Blood","floor":14.0},{"not_picked":["Impervious","Offering"],"picked":"Corruption","floor":16.0},{"not_picked":["Perfected Strike","Armaments"],"picked":"Shrug It Off","floor":18.0},{"not_picked":["Dark Embrace","Thunderclap"],"picked":"Headbutt","floor":19.0},{"not_picked":["Perfected Strike","Heavy Blade"],"picked":"Burning Pact","floor":21.0},{"not_picked":["Clash","Rampage","Dual Wield"],"picked":"SKIP","floor":23}],"player_experience":1884576,"relics_obtained":[{"floor":10.0,"key":"Dream Catcher"},{"floor":12.0,"key":"White Beast Statue"},{"floor":23,"key":"Blue Candle"}],"event_choices":[{"damage_healed":0.0,"max_hp_gain":0.0,"max_hp_loss":0.0,"gold_gain":0.0,"event_name":"Upgrade Shrine","player_choice":"Upgraded","floor":4.0,"gold_loss":0.0,"damage_taken":0.0,"cards_upgraded":["Feed"]},{"damage_healed":0.0,"max_hp_gain":0.0,"max_hp_loss":0.0,"gold_gain":0.0,"event_name":"Shining Light","player_choice":"Entered Light","floor":11.0,"gold_loss":0.0,"damage_taken":24.0,"cards_upgraded":["Clothesline","Defend_R"]},{"damage_healed":0.0,"max_hp_gain":0.0,"max_hp_loss":0.0,"gold_gain":50.0,"event_name":"FaceTrader","player_choice":"Touch","floor":20.0,"gold_loss":0.0,"damage_taken":9.0},{"damage_healed":0,"gold_gain":0,"player_choice":"Fought Bandits","damage_taken":0,"max_hp_gain":0,"max_hp_loss":0,"event_name":"Masked Bandits","floor":25,"gold_loss":0}],"is_beta":false,"boss_relics":[{"not_picked":["Empty Cage","Black Blood"],"picked":"Velvet Choker"}],"items_purged_floors":[8,22],"is_endless":false,"potions_floor_spawned":[2,10,12,14,16,18,19,21,23],"killed_by":"Masked Bandits","ascension_level":20,"potion_discard_per_floor":[[],[],[],[],[],[],[],[],[],[],[],[],[],["SmokeBomb"],[],[],[],[],[],[],[],[],[],[],[]]}