{"neow_bonuses_skipped_log":["THREE_CARDS","RANDOM_COLORLESS_2","BOSS_RELIC"],"potions_obtained_entropic_brew":[[],[],[],[],[],[],[],[],[],[],[],[],[],[],[],[]],"neow_costs_skipped_log":["NONE","NO_GOLD","NONE"],"gold_per_floor":[115,131,150,225,225,225,253,270,296,7,17,17,35,62,62,62],"floor_reached":16,"playtime":523,"items_purged":["Strike_R"],"score":224,"play_id":"f4ccaf29-e26d-4b44-9f3c-9d0fbbaf1812","local_time":"20230424194709","score_breakdown":["Floors Climbed (16): 80","Enemies Slain (6): 12","Exordium Elites Killed (2): 20","Bosses Slain (0): 0","Ascension (20): 112"],"is_ascension_mode":true,"potions_obtained_alchemize":[[],[],[],[],[],[],[],[],[],[],[],[],[],[],[],[]],"campfire_choices":[{"data":"Anger","floor":6,"key":"SMITH"},{"data":"Blood for Blood","floor":12,"key":"SMITH"},{"data":"Shockwave","floor":15,"key":"SMITH"}],"lesson_learned_per_floor":[[],[],[],[],[],[],[],[],[],[],[],[],[],[],[],[]],"neow_cost":"NONE","improvable_cards":{},"seed_source_timestamp":1094745647225100,"shop_contents":[{"floor":10,"relics":["Ice Cream","CaptainsWheel","HandDrill"],"cards":["Bludgeon","Ghostly Armor","Madness","The Bomb"],"potions":["Swift Potion","LiquidMemories","PowerPotion"]}],"circlet_count":0,"master_deck":["AscendersBane","Strike_R","Strike_R","Strike_R","Strike_R","Defend_R","Defend_R","Defend_R","Defend_R","Bash","Anger+1","Shrug It Off","Thunderclap","Impervious","Blood for Blood+1","Shockwave+1","Evolve","Reckless Charge","Headbutt","Corruption"],"potion_use_per_floor":[[],[],[],[],[],[],["Regen Potion"],[],[],[],[],[],[],["BlessingOfTheForge"],[],[]],"relics":["Burning Blood","Bag of Preparation","Bag of Marbles","Omamori","PreservedInsect"],"potions_floor_usage":[7,14],"damage_taken":[{"damage":2,"enemies":"2 Louse","floor":1,"turns":3},{"damage":4,"enemies":"Small Slimes","floor":2,"turns":3},{"damage":4,"enemies":"Jaw Worm","floor":3,"turns":3},{"damage":34,"enemies":"3 Sentries","floor":7,"turns":8},{"damage":8,"enemies":"Blue Slaver","floor":8,"turns":5},{"damage":0,"enemies":"Large Slime","floor":11,"turns":6},{"damage":7,"enemies":"Exordium Thugs","floor":13,"turns":6},{"damage":23,"enemies":"Lagavulin","floor":14,"turns":8},{"damage":41,"enemies":"Hexaghost","floor":16,"turns":9}],"seed_played":"-6719494851766202009","neow_bonus_log":{"cardsObtained":[],"cardsUpgraded":[],"cardsRemoved":[],"cardsTransformed":[],"relicsObtained":["Bag of Preparation"],"maxHpGained":0,"goldGained":0,"damageTaken":0,"goldLost":0,"maxHpLost":0},"potions_obtained":[{"floor":2,"key":"Regen Potion"},{"floor":11,"key":"BlessingOfTheForge"}],"is_trial":false,"path_per_floor":["M","M","M","?","?","R","E","M","T","$","M","R","M","E","R","B"],"character_chosen":"IRONCLAD","basemod:card_modifiers":[null,null,null,null,null,null,null,null,null,null,null,null,null,null,null,null,null,null,null,null],"items_purchased":["Blood for Blood","Shockwave","Evolve"],"campfire_rested":0,"item_purchase_floors":[10,10,10],"current_hp_per_floor":[72,74,75,64,64,64,51,49,49,49,55,55,54,37,37,0],"gold":62,"neow_bonus":"RANDOM_COMMON_RELIC","is_prod":false,"is_daily":false,"rewards_skipped":[],"chose_seed":false,"campfire_upgraded":3,"win_rate":0,"floor_exit_playtime":[48,72,101,104,108,115,185,227,237,254,304,310,362,429,441],"timestamp":1682380029,"path_taken":["M","M","M","?","?","R","E","M","T","$","M","R","M","E","R","BOSS"],"build_version":"2022-12-18","purchased_purges":1,"victory":false,"max_hp_per_floor":[75,75,75,75,75,75,75,75,75,75,75,75,75,75,75,75],"relic_stats":{"counters":[9,51],"PreservedInsect":0,"Bag of Preparation":[18],"Omamori":0,"obtain_stats":[{"PreservedInsect":14,"Bag of Preparation":0,"Bag of Marbles":7,"Omamori":9,"Burning Blood":0},{"PreservedInsect":8,"Bag of Preparation":0,"Bag of Marbles":4,"Omamori":5,"Burning Blood":0},{"PreservedInsect":42,"Bag of Preparation":0,"Bag of Marbles":17,"Omamori":22,"Burning Blood":0}],"Burning Blood":47},"card_choices":[{"not_picked":["Twin Strike","Feel No Pain"],"picked":"Anger","floor":1},{"not_picked":["Armaments","Thunderclap"],"picked":"Shrug It Off","floor":2},{"not_picked":["Entrench","Dual Wield"],"picked":"Thunderclap","floor":3},{"not_picked":["True Grit","Perfected Strike"],"picked":"Impervious","floor":7},{"not_picked":["Flex","Anger","Perfected Strike"],"picked":"SKIP","floor":8},{"not_picked":["Clash","Intimidate"],"picked":"Reckless Charge","floor":11},{"not_picked":["Havoc","Anger"],"picked":"Headbutt","floor":13},{"not_picked":["Clothesline","Perfected Strike"],"picked":"Corruption","floor":14}],"player_experience":1899222,"relics_obtained":[{"floor":7,"key":"Bag of Marbles"},{"floor":9,"key":"Omamori"},{"floor":14,"key":"PreservedInsect"}],"event_choices":[{"damage_healed":0,"gold_gain":75,"player_choice":"Gather Gold","damage_taken":11,"max_hp_gain":0,"max_hp_loss":0,"event_name":"World of Goop","floor":4,"gold_loss":0},{"damage_healed":0,"gold_gain":0,"player_choice":"Ignored","damage_taken":0,"max_hp_gain":0,"max_hp_loss":0,"event_name":"Liars Game","floor":5,"gold_loss":0}],"is_beta":false,"boss_relics":[],"items_purged_floors":[10],"is_endless":false,"potions_floor_spawned":[2,11],"killed_by":"Hexaghost","ascension_level":20,"potion_discard_per_floor":[[],[],[],[],[],[],[],[],[],[],[],[],[],[],[],[]]}