{"neow_bonuses_skipped_log":["TRANSFORM_CARD","ONE_RARE_RELIC","BOSS_RELIC"],"neow_costs_skipped_log":["NONE","CURSE","NONE"],"potions_obtained_entropic_brew":[[],[],[],[],[],[],[],[],[],[],[],[],[],[],[],[],[],[],[],[],[],[],[],[],[],[],[],[],[],[],[],[],[]],"gold_per_floor":[116,135,135,151,151,180,191,191,218,218,238,273,342,376,388,474,486,513,545,116,132,32,32,64,83,83,412,412,412,412,43,43,43],"floor_reached":33,"playtime":938,"items_purged":["Strike_R","Strike_R"],"score":586,"play_id":"4286481e-2dc1-411a-8577-7c3ee0fa634d","local_time":"20230424181000","score_breakdown":["Floors Climbed (33): 165","Enemies Slain (9): 18","Exordium Elites Killed (2): 20","City Elites Killed (2): 40","Bosses Slain (1): 50","Ascension (20): 293"],"is_ascension_mode":true,"potions_obtained_alchemize":[[],[],[],[],[],[],[],[],[],[],[],[],[],[],[],[],[],[],[],[],[],[],[],[],[],[],[],[],[],[],[],[],[]],"campfire_choices":[{"data":"Carnage","floor":8.0,"key":"SMITH"},{"data":"Rampage","floor":10.0,"key":"SMITH"},{"data":"Immolate","floor":15.0,"key":"SMITH"},{"data":"Shockwave","floor":23,"key":"SMITH"},{"data":"True Grit","floor":32,"key":"SMITH"}],"lesson_learned_per_floor":[[],[],[],[],[],[],[],[],[],[],[],[],[],[],[],[],[],[],[],[],[],[],[],[],[],[],[],[],[],[],[],[],[]],"neow_cost":"NONE","improvable_cards":{},"seed_source_timestamp":1088474691819200,"shop_contents":[{"floor":20,"relics":["Pocketwatch"],"cards":["Heavy Blade","Anger","True Grit","Exhume","Purity","HandOfGreed"],"potions":["Ancient Potion","Swift Potion","FearPotion"]},{"floor":22,"relics":["Juzu Bracelet","Question Card","Membership Card"],"cards":["Rampage","Searing Blow","Sentinel","Havoc","Inflame","Dramatic Entrance","Metamorphosis"],"potions":["PowerPotion","EssenceOfSteel","AttackPotion"]},{"floor":31,"relics":["Shovel","Strange Spoon"],"cards":["Blood for Blood","Pommel Strike","Shrug It Off","Panacea","Sadistic Nature"],"potions":["FairyPotion","FearPotion","GamblersBrew"]}],"circlet_count":0,"master_deck":["AscendersBane","Strike_R","Strike_R","Defend_R","Defend_R","Defend_R","Defend_R","Bash","Cleave","Rampage+1","Double Tap","Headbutt","Carnage+1","Fire Breathing","Anger","Immolate+1","Shrug It Off","Battle Trance","Impervious","Shockwave+1","Feel No Pain","Bloodletting","Offering","Dark Embrace","True Grit+1","Feel No Pain"],"special_seed":0,"potion_use_per_floor":[[],[],[],[],[],["AttackPotion"],[],[],[],[],[],[],[],[],[],[],[],["Energy Potion"],[],[],[],[],[],[],[],[],[],[],[],[],[],[],[]],"relics":["Burning Blood","Strawberry","Centennial Puzzle","Ancient Tea Set","MawBank","Bag of Preparation","Odd Mushroom","Runic Dome","Medical Kit","Lantern","MealTicket","Kunai","Old Coin","Enchiridion","Sundial"],"potions_floor_usage":[],"damage_taken":[{"damage":7.0,"enemies":"2 Louse","floor":1.0,"turns":4.0},{"damage":1.0,"enemies":"Cultist","floor":2.0,"turns":3.0},{"damage":4.0,"enemies":"Small Slimes","floor":4.0,"turns":3.0},{"damage":30.0,"enemies":"Lagavulin","floor":6.0,"turns":5.0},{"damage":1.0,"enemies":"2 Fungi Beasts","floor":7.0,"turns":3.0},{"damage":0.0,"enemies":"Looter","floor":11.0,"turns":1.0},{"damage":8.0,"enemies":"Gremlin Nob","floor":12.0,"turns":3.0},{"damage":8.0,"enemies":"Gremlin Nob","floor":13.0,"turns":3.0},{"damage":4.0,"enemies":"The Mushroom Lair","floor":14.0,"turns":3.0},{"damage":3.0,"enemies":"Slime Boss","floor":16.0,"turns":5.0},{"damage":8.0,"enemies":"Shell Parasite","floor":18.0,"turns":2.0},{"damage":0,"enemies":"Spheric Guardian","floor":19,"turns":1},{"damage":21,"enemies":"Snake Plant","floor":21,"turns":3},{"damage":14,"enemies":"Slavers","floor":24,"turns":3},{"damage":0,"enemies":"3 Cultists","floor":25,"turns":1},{"damage":29,"enemies":"Book of Stabbing","floor":27,"turns":4},{"damage":88,"enemies":"Automaton","floor":33,"turns":6}],"seed_played":"6991854263668260106","neow_bonus_log":{"cardsObtained":[],"cardsUpgraded":[],"cardsRemoved":[],"cardsTransformed":[],"relicsObtained":["Strawberry"],"maxHpGained":0,"goldGained":0,"damageTaken":0,"goldLost":0,"maxHpLost":0},"potions_obtained":[{"floor":4.0,"key":"AttackPotion"},{"floor":6.0,"key":"SpeedPotion"},{"floor":13.0,"key":"Energy Potion"},{"floor":18.0,"key":"FearPotion"},{"floor":25,"key":"SteroidPotion"}],"is_trial":false,"path_per_floor":["M","M","?","M","?","E","M","R","T","R","M","E","?","?","R","B",null,"M","M","$","M","$","R","E","M","T","E","?","?","?","$","R","B"],"character_chosen":"IRONCLAD","basemod:card_modifiers":[null,null,null,null,null,null,null,null,null,null,null,null,null,null,null,null,null,null,null,null,null,null,null,null,null,null],"items_purchased":["Medical Kit","Lantern","Feel No Pain","True Grit","Feel No Pain","Sundial"],"campfire_rested":0,"item_purchase_floors":[20,20,20,31,31,31],"current_hp_per_floor":[74,79,79,81,86,62,67,67,67,67,73,71,69,71,71,74,84,82,87,87,72,72,72,64,70,70,47,26,26,26,41,41,0],"gold":43,"neow_bonus":"RANDOM_COMMON_RELIC","is_prod":false,"is_daily":false,"rewards_skipped":[{"floor":16,"relics":[],"potions":["Energy Potion"]}],"chose_seed":false,"campfire_upgraded":5,"win_rate":0,"floor_exit_playtime":[44,68,77,109,112,161,199,211,218,229,240,288,320,359,368,430,445,500,516,540,576,593,602,668,698,701,787,794,800,806,830,836],"timestamp":1682374200,"path_taken":["M","M","?","?","?","E","M","R","T","R","M","E","?","?","R","BOSS","M","M","$","M","$","R","E","M","T","E","?","?","?","?","R","BOSS"],"build_version":"2022-12-18","purchased_purges":2,"victory":false,"max_hp_per_floor":[82,82,82,82,87,87,87,87,87,87,87,87,87,87,87,87,87,87,87,87,87,87,87,87,87,87,87,87,87,87,87,87,87],"relic_stats":{"Centennial Puzzle":[30],"counters":[17,53],"Sundial":[0],"MealTicket":15,"Bag of Preparation":[18],"Kunai":[4],"Ancient Tea Set":[8],"MawBank":96,"Medical Kit":[3],"obtain_stats":[{"Lantern":20,"Enchiridion":28,"Bag of Preparation":13,"Odd Mushroom":14,"Ancient Tea Set":9,"MawBank":12,"Medical Kit":20,"Burning Blood":0,"Old Coin":27,"Runic Dome":17,"Centennial Puzzle":6,"Sundial":31,"Strawberry":0,"MealTicket":24,"Kunai":26},{"Lantern":12,"Enchiridion":16,"Bag of Preparation":8,"Odd Mushroom":9,"Ancient Tea Set":5,"MawBank":7,"Medical Kit":12,"Burning Blood":0,"Old Coin":16,"Runic Dome":10,"Centennial Puzzle":4,"Sundial":16,"Strawberry":0,"MealTicket":14,"Kunai":15},{"Lantern":36,"Enchiridion":47,"Bag of Preparation":25,"Odd Mushroom":28,"Ancient Tea Set":18,"MawBank":22,"Medical Kit":36,"Burning Blood":0,"Old Coin":47,"Runic Dome":33,"Centennial Puzzle":15,"Sundial":47,"Strawberry":0,"MealTicket":42,"Kunai":43}],"Burning Blood":95},"card_choices":[{"not_picked":["Wild Strike","Intimidate"],"picked":"Cleave","floor":1.0},{"not_picked":["True Grit","Rage"],"picked":"Rampage","floor":2.0},{"not_picked":["Sword Boomerang","Infernal Blade"],"picked":"Headbutt","floor":4.0},{"not_picked":["Clothesline","Warcry"],"picked":"Carnage","floor":6.0},{"not_picked":["Thunderclap","Heavy Blade"],"picked":"Fire Breathing","floor":7.0},{"not_picked":["Headbutt","Clothesline"],"picked":"Anger","floor":11.0},{"not_picked":["Entrench","Bloodletting"],"picked":"Immolate","floor":12.0},{"not_picked":["Wild Strike","Clothesline"],"picked":"Shrug It Off","floor":13.0},{"not_picked":["Combust","Iron Wave"],"picked":"Battle Trance","floor":14.0},{"not_picked":["Double Tap","Immolate"],"picked":"Impervious","floor":16.0},{"not_picked":["Feel No Pain","Rampage"],"picked":"Shockwave","floor":18.0},{"not_picked":["Sword Boomerang","Clothesline+1","Twin Strike"],"picked":"SKIP","floor":19},{"not_picked":["Heavy Blade","Iron Wave"],"picked":"Bloodletting","floor":21},{"not_picked":["Clothesline","Reckless Charge"],"picked":"Offering","floor":24},{"not_picked":["Feel No Pain","Warcry"],"picked":"Dark Embrace","floor":25},{"not_picked":["Battle Trance","Hemokinesis","Iron Wave"],"picked":"SKIP","floor":27}],"player_experience":1893697,"relics_obtained":[{"floor":6.0,"key":"Centennial Puzzle"},{"floor":9.0,"key":"Ancient Tea Set"},{"floor":12.0,"key":"MawBank"},{"floor":13.0,"key":"Bag of Preparation"},{"floor":14.0,"key":"Odd Mushroom"},{"floor":24,"key":"MealTicket"},{"floor":26,"key":"Kunai"},{"floor":27,"key":"Old Coin"},{"floor":28,"key":"Enchiridion"}],"event_choices":[{"damage_healed":0.0,"max_hp_gain":0.0,"max_hp_loss":0.0,"gold_gain":0.0,"cards_transformed":["Strike_R"],"event_name":"Transmorgrifier","player_choice":"Transformed","floor":3.0,"gold_loss":0.0,"damage_taken":0.0,"cards_obtained":["Double Tap"]},{"damage_healed":0.0,"max_hp_gain":5.0,"max_hp_loss":0.0,"gold_gain":0.0,"event_name":"Big Fish","player_choice":"Donut","floor":5.0,"gold_loss":0.0,"damage_taken":0.0},{"damage_healed":0.0,"max_hp_gain":0.0,"max_hp_loss":0.0,"gold_gain":0.0,"event_name":"Dead Adventurer","player_choice":"Searched \u00271\u0027 times","floor":13.0,"gold_loss":0.0,"damage_taken":0.0},{"damage_healed":0.0,"max_hp_gain":0.0,"max_hp_loss":0.0,"gold_gain":0.0,"event_name":"Mushrooms","player_choice":"Fought Mushrooms","floor":14.0,"gold_loss":0.0,"damage_taken":0.0},{"damage_healed":0,"gold_gain":0,"player_choice":"Obtained Book","damage_taken":21,"max_hp_gain":0,"max_hp_loss":0,"event_name":"Cursed Tome","floor":28,"gold_loss":0},{"damage_healed":0,"gold_gain":0,"player_choice":"Ignored","damage_taken":0,"max_hp_gain":0,"max_hp_loss":0,"event_name":"Ghosts","floor":29,"gold_loss":0},{"damage_healed":0,"gold_gain":0,"player_choice":"Ignored","damage_taken":0,"max_hp_gain":0,"max_hp_loss":0,"event_name":"Vampires","floor":30,"gold_loss":0}],"is_beta":false,"boss_relics":[{"not_picked":["Black Blood","Velvet Choker"],"picked":"Runic Dome"}],"items_purged_floors":[20,22],"is_endless":false,"potions_floor_spawned":[4,6,13,16,18,25],"killed_by":"Automaton","ascension_level":20,"potion_discard_per_floor":[[],[],[],[],[],[],[],[],[],[],[],[],[],[],[],[],[],[],[],[],[],[],[],[],["SpeedPotion"],[],[],[],[],[],[],[],[]]}