{"neow_bonuses_skipped_log":["UPGRADE_CARD","ONE_RARE_RELIC","BOSS_RELIC"],"potions_obtained_entropic_brew":[[],[],[],[],[],[],[],[],[],[],[],[],[],[],[],[]],"neow_costs_skipped_log":["NONE","CURSE","NONE"],"gold_per_floor":[210,225,26,46,46,46,79,79,104,104,124,157,157,187,187,187],"floor_reached":16,"playtime":396,"items_purged":["Strike_R"],"score":236,"play_id":"7dbe4833-148f-492a-b86e-17b213fc31df","local_time":"20230424201758","score_breakdown":["Floors Climbed (16): 80","Enemies Slain (4): 8","Exordium Elites Killed (3): 30","Bosses Slain (0): 0","Ascension (20): 118"],"is_ascension_mode":true,"potions_obtained_alchemize":[[],[],[],[],[],[],[],[],[],[],[],[],[],[],[],[]],"campfire_choices":[{"data":"Blood for Blood","floor":6,"key":"SMITH"},{"data":"Hemokinesis","floor":8,"key":"SMITH"},{"data":"Combust","floor":13,"key":"SMITH"},{"data":"Bash","floor":15,"key":"SMITH"}],"lesson_learned_per_floor":[[],[],[],[],[],[],[],[],[],[],[],[],[],[],[],[]],"neow_cost":"NONE","improvable_cards":{},"seed_source_timestamp":1096722333150700,"shop_contents":[{"floor":3,"relics":["StoneCalendar","Orichalcum","Lee\u0027s Waffle"],"cards":["Twin Strike","Armaments","Rupture","Blind","Transmutation"],"potions":["ColorlessPotion","AttackPotion","SteroidPotion"]}],"circlet_count":0,"master_deck":["AscendersBane","Strike_R","Strike_R","Strike_R","Defend_R","Defend_R","Defend_R","Defend_R","Bash+1","Hemokinesis+1","Blood for Blood+1","Bloodletting","Pommel Strike","Headbutt","Combust+1","Reaper"],"potion_use_per_floor":[[],[],[],[],[],[],["ColorlessPotion"],[],[],[],[],[],[],["Swift Potion"],[],[]],"relics":["Burning Blood","Omamori","Happy Flower","Dream Catcher","Mercury Hourglass"],"potions_floor_usage":[7,14],"damage_taken":[{"damage":4,"enemies":"2 Louse","floor":1,"turns":4},{"damage":9,"enemies":"Jaw Worm","floor":2,"turns":4},{"damage":10,"enemies":"Cultist","floor":4,"turns":4},{"damage":15,"enemies":"Lagavulin","floor":7,"turns":5},{"damage":14,"enemies":"2 Fungi Beasts","floor":11,"turns":2},{"damage":29,"enemies":"3 Sentries","floor":12,"turns":8},{"damage":13,"enemies":"Gremlin Nob","floor":14,"turns":3},{"damage":51,"enemies":"Hexaghost","floor":16,"turns":7}],"seed_played":"-2485390183672919038","neow_bonus_log":{"cardsObtained":[],"cardsUpgraded":[],"cardsRemoved":[],"cardsTransformed":[],"relicsObtained":[],"maxHpGained":0,"goldGained":100,"damageTaken":0,"goldLost":0,"maxHpLost":0},"potions_obtained":[{"floor":1,"key":"ColorlessPotion"},{"floor":2,"key":"Swift Potion"}],"is_trial":false,"path_per_floor":["M","M","$","M","?","R","E","R","T","?","M","E","R","E","R","B"],"character_chosen":"IRONCLAD","basemod:card_modifiers":[null,null,null,null,null,null,null,null,null,null,null,null,null,null,null,null],"items_purchased":["Blood for Blood","Bloodletting"],"campfire_rested":0,"item_purchase_floors":[3,3],"current_hp_per_floor":[70,67,67,63,56,56,47,47,47,75,67,44,44,37,37,0],"gold":187,"neow_bonus":"HUNDRED_GOLD","is_prod":false,"is_daily":false,"rewards_skipped":[],"chose_seed":false,"campfire_upgraded":4,"win_rate":0,"floor_exit_playtime":[43,71,84,118,125,132,174,183,186,192,214,290,299,326,332],"timestamp":1682381878,"path_taken":["M","M","$","M","?","R","E","R","T","?","?","E","R","E","R","BOSS"],"build_version":"2022-12-18","purchased_purges":1,"victory":false,"max_hp_per_floor":[75,75,75,75,75,75,75,75,75,75,75,75,75,75,75,75],"relic_stats":{"Dream Catcher":0,"Happy Flower":[6],"counters":[8,37],"Omamori":0,"obtain_stats":[{"Dream Catcher":12,"Happy Flower":9,"Omamori":7,"Burning Blood":0,"Mercury Hourglass":14},{"Dream Catcher":6,"Happy Flower":4,"Omamori":4,"Burning Blood":0,"Mercury Hourglass":7},{"Dream Catcher":27,"Happy Flower":17,"Omamori":17,"Burning Blood":0,"Mercury Hourglass":30}],"Burning Blood":42,"Mercury Hourglass":[18]},"card_choices":[{"not_picked":["Sword Boomerang","Flex"],"picked":"Fire Breathing","floor":1},{"not_picked":["Thunderclap","Armaments"],"picked":"Hemokinesis","floor":2},{"not_picked":["Second Wind","Shockwave"],"picked":"Pommel Strike","floor":4},{"not_picked":["Carnage","Body Slam"],"picked":"Headbutt","floor":7},{"not_picked":["Pommel Strike","Headbutt","Cleave"],"picked":"SKIP","floor":11},{"not_picked":["Body Slam","Perfected Strike"],"picked":"Combust","floor":12},{"not_picked":["Pummel","Body Slam"],"picked":"Reaper","floor":14}],"player_experience":1901130,"relics_obtained":[{"floor":7,"key":"Omamori"},{"floor":9,"key":"Happy Flower"},{"floor":12,"key":"Dream Catcher"},{"floor":14,"key":"Mercury Hourglass"}],"event_choices":[{"cards_removed":["Strike_R"],"damage_healed":0,"gold_gain":0,"player_choice":"Card Removal","damage_taken":7,"max_hp_gain":0,"max_hp_loss":0,"event_name":"Golden Wing","floor":5,"gold_loss":0},{"cards_removed":["Fire Breathing"],"damage_healed":28,"gold_gain":0,"player_choice":"Offered Uncommon","damage_taken":0,"max_hp_gain":0,"max_hp_loss":0,"event_name":"Bonfire Elementals","floor":10,"gold_loss":0}],"is_beta":false,"boss_relics":[],"items_purged_floors":[3],"is_endless":false,"potions_floor_spawned":[1,2],"killed_by":"Hexaghost","ascension_level":20,"potion_discard_per_floor":[[],[],[],[],[],[],[],[],[],[],[],[],[],[],[],[]]}