{"neow_bonuses_skipped_log":["THREE_SMALL_POTIONS","TWENTY_PERCENT_HP_BONUS","BOSS_RELIC"],"potions_obtained_entropic_brew":[[],[],[],[],[],[],[],[],[],[],[],[],[],[],[],[],[],[],[],[],[],[],[],[],[],[],[],[],[],[],[],[],[]],"neow_costs_skipped_log":["NONE","NO_GOLD","NONE"],"gold_per_floor":[111,125,125,138,151,151,166,195,195,230,230,187,222,222,222,296,296,308,233,233,62,72,72,100,100,100,127,127,161,161,177,177,177],"floor_reached":33,"playtime":1324,"items_purged":["Flex"],"score":692,"play_id":"33e66656-ac29-4a53-8ab3-b4882530edbf","local_time":"20230420211106","score_breakdown":["Floors Climbed (33): 165","Enemies Slain (8): 16","Exordium Elites Killed (3): 30","City Elites Killed (3): 60","Bosses Slain (1): 50","Champion (1): 25","Ascension (20): 346"],"is_ascension_mode":true,"potions_obtained_alchemize":[[],[],[],[],[],[],[],[],[],[],[],[],[],[],[],[],[],[],[],[],[],[],[],[],[],[],[],[],[],[],[],[],[]],"campfire_choices":[{"data":"Cleave","floor":6.0,"key":"SMITH"},{"data":"Pommel Strike","floor":11,"key":"SMITH"},{"data":"Berserk","floor":15,"key":"SMITH"},{"floor":23,"key":"REST"},{"floor":30,"key":"REST"},{"data":"Dark Embrace","floor":32,"key":"SMITH"}],"lesson_learned_per_floor":[[],[],[],[],[],[],[],[],[],[],[],[],[],[],[],[],[],[],[],[],[],[],[],[],[],[],[],[],[],[],[],[],[]],"neow_cost":"NONE","improvable_cards":{},"seed_source_timestamp":753342516361100,"shop_contents":[{"floor":21,"relics":["Ancient Tea Set","Orichalcum","Strange Spoon"],"cards":["Perfected Strike","Thunderclap","Warcry","Combust","Flash of Steel","Master of Strategy"],"potions":["SneckoOil","Explosive Potion"]}],"circlet_count":0,"master_deck":["AscendersBane","Defend_R","Defend_R","Defend_R","Defend_R","Bash","Headbutt","Cleave+1","Pommel Strike+1","Anger","Berserk+1","Immolate","Power Through+1","Rampage+1","Bludgeon+1","Shrug It Off","Battle Trance","Inflame","Body Slam+1","Disarm+1","Feel No Pain","Dark Embrace+1","Intimidate+1"],"special_seed":0,"potion_use_per_floor":[[],[],[],[],[],[],[],["Strength Potion"],[],["PowerPotion"],[],[],[],[],[],["Explosive Potion"],[],["SpeedPotion"],[],[],[],[],[],["PowerPotion"],[],[],["BloodPotion"],[],["AttackPotion"],[],[],[],[]],"relics":["Burning Blood","Tiny Chest","Strawberry","Pen Nib","Kunai","Astrolabe","Paper Frog","Akabeko","Mercury Hourglass","Toxic Egg 2","Dream Catcher"],"potions_floor_usage":[8,10,16,18,24,27,29],"damage_taken":[{"damage":10.0,"enemies":"2 Louse","floor":1.0,"turns":4.0},{"damage":1.0,"enemies":"Cultist","floor":2.0,"turns":3.0},{"damage":2.0,"enemies":"Jaw Worm","floor":4.0,"turns":3.0},{"damage":19.0,"enemies":"Blue Slaver","floor":5.0,"turns":5.0},{"damage":14.0,"enemies":"Exordium Wildlife","floor":7.0,"turns":3.0},{"damage":8,"enemies":"Gremlin Nob","floor":8,"turns":3},{"damage":29,"enemies":"3 Sentries","floor":10,"turns":9},{"damage":25,"enemies":"Lagavulin","floor":13,"turns":6},{"damage":12,"enemies":"Slime Boss","floor":16,"turns":8},{"damage":37,"enemies":"Shell Parasite","floor":18,"turns":7},{"damage":31,"enemies":"Chosen","floor":22,"turns":4},{"damage":19,"enemies":"Slavers","floor":24,"turns":3},{"damage":0,"enemies":"Gremlin Leader","floor":27,"turns":3},{"damage":22,"enemies":"Slavers","floor":29,"turns":4},{"damage":15,"enemies":"Snake Plant","floor":31,"turns":4},{"damage":90,"enemies":"Automaton","floor":33,"turns":6}],"seed_played":"-2503273376928269387","neow_bonus_log":{"cardsObtained":[],"cardsUpgraded":[],"cardsRemoved":["Strike_R"],"cardsTransformed":[],"relicsObtained":[],"maxHpGained":0,"goldGained":0,"damageTaken":0,"goldLost":0,"maxHpLost":0},"potions_obtained":[{"floor":3.0,"key":"Block Potion"},{"floor":3.0,"key":"PowerPotion"},{"floor":4.0,"key":"Strength Potion"},{"floor":13,"key":"Explosive Potion"},{"floor":16,"key":"SpeedPotion"},{"floor":22,"key":"Dexterity Potion"},{"floor":24,"key":"BloodPotion"},{"floor":27,"key":"AttackPotion"}],"is_trial":false,"path_per_floor":["M","M","?","M","M","R","M","E","T","E","R","?","E","?","R","B",null,"M","?","T","$","M","R","E","?","T","E","?","E","R","M","R","B"],"character_chosen":"IRONCLAD","basemod:card_modifiers":[null,null,null,null,null,null,null,null,null,null,null,null,null,null,null,null,null,null,null,null,null,null,null],"items_purchased":["Battle Trance","PowerPotion"],"campfire_rested":2,"item_purchase_floors":[21,21],"current_hp_per_floor":[64,69,69,73,60,60,52,50,57,34,34,34,15,15,15,9,64,33,33,33,33,8,32,19,19,19,41,41,25,49,40,40,0],"gold":177,"neow_bonus":"REMOVE_CARD","is_prod":false,"is_daily":false,"rewards_skipped":[{"floor":7,"relics":[],"potions":["SkillPotion"]}],"chose_seed":false,"campfire_upgraded":4,"win_rate":0,"floor_exit_playtime":[83,108,113,155,202,211,245,287,290,406,431,435,495,498,509,641,660,743,749,752,777,817,820,898,903,905,970,973,1144,1150,1208,1215],"timestamp":1682039466,"path_taken":["M","M","?","?","M","R","M","E","T","E","R","?","E","?","R","BOSS","M","?","?","$","M","R","E","?","T","E","?","E","R","M","R","BOSS"],"build_version":"2022-12-18","purchased_purges":1,"victory":false,"max_hp_per_floor":[75,75,75,75,75,75,75,75,82,82,82,82,82,82,82,82,82,82,82,82,82,82,82,82,82,82,82,82,82,82,82,82,82],"relic_stats":{"Dream Catcher":1,"counters":[16,75],"Astrolabe":["Power Through","Rampage","Bludgeon"],"Tiny Chest":1,"Pen Nib":[9],"Kunai":[11],"obtain_stats":[{"Dream Catcher":29,"Strawberry":9,"Astrolabe":17,"Tiny Chest":8,"Pen Nib":10,"Kunai":13,"Toxic Egg 2":27,"Burning Blood":0,"Akabeko":24,"Paper Frog":20,"Mercury Hourglass":26},{"Dream Catcher":14,"Strawberry":6,"Astrolabe":9,"Tiny Chest":6,"Pen Nib":7,"Kunai":8,"Toxic Egg 2":13,"Burning Blood":0,"Akabeko":12,"Paper Frog":10,"Mercury Hourglass":12},{"Dream Catcher":65,"Strawberry":21,"Astrolabe":44,"Tiny Chest":21,"Pen Nib":30,"Kunai":36,"Toxic Egg 2":61,"Burning Blood":0,"Akabeko":58,"Paper Frog":51,"Mercury Hourglass":58}],"Burning Blood":90,"Mercury Hourglass":[85]},"card_choices":[{"not_picked":["Heavy Blade","Warcry"],"picked":"Headbutt","floor":1.0},{"not_picked":["Power Through","Heavy Blade"],"picked":"Flex","floor":2.0},{"not_picked":["Exhume","Headbutt"],"picked":"Cleave","floor":4.0},{"not_picked":["Cleave","Second Wind"],"picked":"Pommel Strike","floor":5.0},{"not_picked":["Exhume","Sentinel"],"picked":"Anger","floor":7.0},{"not_picked":["Thunderclap","Warcry"],"picked":"Berserk","floor":8},{"not_picked":["Barricade","Heavy Blade","Thunderclap"],"picked":"SKIP","floor":10},{"not_picked":["Entrench","Cleave","Heavy Blade"],"picked":"SKIP","floor":13},{"not_picked":["Berserk","Demon Form"],"picked":"Immolate","floor":16},{"not_picked":["Flex","Sword Boomerang"],"picked":"Shrug It Off","floor":18},{"not_picked":["Pommel Strike","Body Slam"],"picked":"Inflame","floor":22},{"not_picked":["Twin Strike","Shockwave"],"picked":"Body Slam+1","floor":24},{"not_picked":["Spot Weakness+1","Inflame"],"picked":"Disarm+1","floor":27},{"not_picked":["Spot Weakness+1","Sever Soul"],"picked":"Feel No Pain","floor":29},{"not_picked":["Thunderclap","Flex+1"],"picked":"Dark Embrace","floor":30},{"not_picked":["Flex+1","Thunderclap"],"picked":"Intimidate+1","floor":31}],"player_experience":1847392,"relics_obtained":[{"floor":8,"key":"Tiny Chest"},{"floor":9,"key":"Strawberry"},{"floor":10,"key":"Pen Nib"},{"floor":13,"key":"Kunai"},{"floor":20,"key":"Paper Frog"},{"floor":24,"key":"Akabeko"},{"floor":26,"key":"Mercury Hourglass"},{"floor":27,"key":"Toxic Egg 2"},{"floor":29,"key":"Dream Catcher"}],"event_choices":[{"damage_healed":0.0,"max_hp_gain":0.0,"max_hp_loss":0.0,"gold_gain":0.0,"event_name":"Lab","player_choice":"Got Potions","floor":3.0,"gold_loss":0.0,"damage_taken":0.0},{"damage_healed":0,"gold_gain":0,"player_choice":"Left Gold","damage_taken":0,"max_hp_gain":0,"max_hp_loss":0,"event_name":"World of Goop","floor":12,"gold_loss":43},{"damage_healed":0,"gold_gain":0,"player_choice":"Ignored","damage_taken":0,"max_hp_gain":0,"max_hp_loss":0,"event_name":"Liars Game","floor":14,"gold_loss":0},{"cards_removed":["Strike_R"],"damage_healed":0,"gold_gain":0,"player_choice":"Gave Gold","damage_taken":0,"max_hp_gain":0,"max_hp_loss":0,"event_name":"Beggar","floor":19,"gold_loss":75},{"damage_healed":0,"gold_gain":0,"player_choice":"Ignored","damage_taken":0,"max_hp_gain":0,"max_hp_loss":0,"event_name":"Vampires","floor":25,"gold_loss":0},{"damage_healed":0,"gold_gain":0,"player_choice":"Ignored","damage_taken":0,"max_hp_gain":0,"max_hp_loss":0,"event_name":"The Mausoleum","floor":28,"gold_loss":0}],"is_beta":false,"boss_relics":[{"not_picked":["Busted Crown","Runic Dome"],"picked":"Astrolabe"}],"items_purged_floors":[21],"is_endless":false,"potions_floor_spawned":[4,7,13,16,22,24,27],"killed_by":"Automaton","ascension_level":20,"potion_discard_per_floor":[[],[],[],["Block Potion"],[],[],[],[],[],[],[],[],[],[],[],[],[],[],[],[],[],[],[],[],[],[],[],[],[],[],[],[],[]]}