{"neow_bonuses_skipped_log":["TRANSFORM_CARD","ONE_RARE_RELIC","BOSS_RELIC"],"potions_obtained_entropic_brew":[[],[],[],[],[],[],[],[],[],[],[],[],[],[],[],[],[],[],[],[],[],[],[],[],[],[],[],[],[],[],[],[],[],[],[],[],[],[],[],[],[],[],[],[],[],[],[],[],[],[],[],[],[],[],[],[]],"neow_costs_skipped_log":["NONE","CURSE","NONE"],"gold_per_floor":[111,131,131,147,162,162,181,181,181,197,197,525,525,545,545,619,619,630,103,121,135,146,146,176,193,193,221,221,246,258,158,158,232,232,250,250,125,150,168,195,211,61,61,61,95,114,140,152,164,176,188,200,212,12,37,37],"floor_reached":56,"playtime":2450,"items_purged":["Strike_R","Strike_R","Strike_R","Strike_R"],"score":2023,"play_id":"0fda21f8-58a0-45ac-af07-68e51b7ab684","local_time":"20230420162353","falling_options_log":["Impervious","Feel No Pain+1"],"score_breakdown":["Floors Climbed (56): 280","Enemies Slain (17): 34","Exordium Elites Killed (1): 10","City Elites Killed (3): 60","Beyond Elites Killed (3): 90","Bosses Slain (4): 500","Money Money (1052): 25","Champion (1): 25","Ascension (20): 999"],"is_ascension_mode":true,"potions_obtained_alchemize":[[],[],[],[],[],[],[],[],[],[],[],[],[],[],[],[],[],[],[],[],[],[],[],[],[],[],[],[],[],[],[],[],[],[],[],[],[],[],[],[],[],[],[],[],[],[],[],[],[],[],[],[],[],[],[],[]],"campfire_choices":[{"data":"1","floor":6,"key":"LIFT"},{"data":"2","floor":8,"key":"LIFT"},{"data":"3","floor":11,"key":"LIFT"},{"data":"Sword Boomerang","floor":13,"key":"SMITH"},{"data":"Disarm","floor":15,"key":"SMITH"},{"data":"Corruption","floor":23,"key":"SMITH"},{"data":"Feel No Pain","floor":28,"key":"SMITH"},{"data":"Spot Weakness","floor":32,"key":"SMITH"},{"floor":44,"key":"RECALL"},{"data":"Dark Embrace","floor":49,"key":"SMITH"},{"data":"Impervious","floor":53,"key":"SMITH"}],"lesson_learned_per_floor":[[],[],[],[],[],[],[],[],[],[],[],[],[],[],[],[],[],[],[],[],[],[],[],[],[],[],[],[],[],[],[],[],[],[],[],[],[],[],[],[],[],[],[],[],[],[],[],[],[],[],[],[],[],[],[],[]],"neow_cost":"NONE","improvable_cards":{},"seed_source_timestamp":735020266043600,"shop_contents":[{"floor":19,"relics":["Paper Frog"],"cards":["Whirlwind","Hemokinesis","Intimidate","Rage","Fire Breathing","Impatience","Metamorphosis"],"potions":["PowerPotion","DuplicationPotion","SkillPotion"]},{"floor":31,"relics":["Omamori","Blue Candle","Lee\u0027s Waffle"],"cards":["Searing Blow","Cleave","Seeing Red","Battle Trance","Combust","Dark Shackles","Violence"],"potions":["SteroidPotion","LiquidBronze","Swift Potion"]},{"floor":37,"relics":["Du-Vu Doll","Regal Pillow","Strange Spoon"],"cards":["Sword Boomerang","Whirlwind","Havoc","Infernal Blade","Metallicize","Deep Breath","The Bomb"],"potions":["Strength Potion","SpeedPotion","ElixirPotion"]},{"floor":42,"relics":["Strawberry","CeramicFish","PrismaticShard"],"cards":["Anger","Whirlwind","Warcry","True Grit","Metallicize","PanicButton","Mayhem"],"potions":["BlessingOfTheForge","LiquidBronze","Ancient Potion"]},{"floor":54,"relics":["War Paint","Bird Faced Urn"],"cards":["Heavy Blade","Sever Soul","Shrug It Off","Second Wind","Feel No Pain","Good Instincts","Apotheosis"],"potions":["Explosive Potion","Regen Potion"]}],"circlet_count":0,"master_deck":["AscendersBane","Strike_R+1","Defend_R","Defend_R","Defend_R","Defend_R","Bash","Feel No Pain+1","Headbutt+1","Sword Boomerang+1","Thunderclap","Disarm+1","Spot Weakness+1","Thunderclap","Corruption+1","Battle Trance","Impervious+1","Pommel Strike+1","True Grit+1","Dark Embrace+1","Inflame","Intimidate","Second Wind","True Grit"],"potion_use_per_floor":[[],[],[],[],["SkillPotion"],[],[],[],[],[],[],[],[],[],[],[],[],[],[],[],[],[],[],["SteroidPotion"],[],[],[],[],[],[],[],[],[],[],[],[],[],[],[],[],[],[],[],[],[],[],[],[],[],[],["GamblersBrew"],[],[],[],["DuplicationPotion"],["Block Potion"]],"relics":["Burning Blood","Bag of Preparation","Girya","Champion Belt","Old Coin","Coffee Dripper","OrangePellets","HornCleat","Meat on the Bone","Nunchaku","Bottled Tornado","Unceasing Top","Black Star","TungstenRod","Matryoshka","Oddly Smooth Stone","Pocketwatch","Whetstone","MawBank","Akabeko","Toolbox","White Beast Statue","Bottled Lightning"],"potions_floor_usage":[5,24,51,55,56],"damage_taken":[{"damage":7,"enemies":"Small Slimes","floor":1,"turns":3},{"damage":6,"enemies":"Cultist","floor":2,"turns":3},{"damage":1,"enemies":"2 Louse","floor":4,"turns":2},{"damage":6,"enemies":"Blue Slaver","floor":5,"turns":5},{"damage":6,"enemies":"2 Fungi Beasts","floor":7,"turns":4},{"damage":5,"enemies":"Red Slaver","floor":10,"turns":3},{"damage":6,"enemies":"Gremlin Nob","floor":12,"turns":3},{"damage":2,"enemies":"3 Louse","floor":14,"turns":3},{"damage":21,"enemies":"Hexaghost","floor":16,"turns":7},{"damage":0,"enemies":"Chosen","floor":18,"turns":2},{"damage":16,"enemies":"Shell Parasite","floor":20,"turns":4},{"damage":12,"enemies":"Shelled Parasite and Fungi","floor":21,"turns":4},{"damage":14,"enemies":"Centurion and Healer","floor":22,"turns":6},{"damage":4,"enemies":"Gremlin Leader","floor":24,"turns":4},{"damage":19,"enemies":"3 Cultists","floor":25,"turns":4},{"damage":28,"enemies":"Book of Stabbing","floor":27,"turns":4},{"damage":0,"enemies":"Gremlin Leader","floor":29,"turns":5},{"damage":11,"enemies":"Sentry and Sphere","floor":30,"turns":4},{"damage":37,"enemies":"Champ","floor":33,"turns":8},{"damage":8,"enemies":"3 Darklings","floor":35,"turns":4},{"damage":0,"enemies":"Mind Bloom Boss Battle","floor":38,"turns":4},{"damage":2,"enemies":"Orb Walker","floor":39,"turns":2},{"damage":13,"enemies":"Giant Head","floor":40,"turns":5},{"damage":2,"enemies":"Transient","floor":41,"turns":6},{"damage":1,"enemies":"Reptomancer","floor":45,"turns":6},{"damage":0,"enemies":"4 Shapes","floor":46,"turns":3},{"damage":8,"enemies":"Nemesis","floor":47,"turns":5},{"damage":42,"enemies":"Awakened One","floor":50,"turns":8},{"damage":22,"enemies":"Time Eater","floor":51,"turns":8},{"damage":66,"enemies":"Shield and Spear","floor":55,"turns":6},{"damage":50,"enemies":"The Heart","floor":56,"turns":5}],"green_key_taken_log":47,"seed_played":"6317026252067347884","neow_bonus_log":{"cardsObtained":[],"cardsUpgraded":[],"cardsRemoved":[],"cardsTransformed":[],"relicsObtained":["Bag of Preparation"],"maxHpGained":0,"goldGained":0,"damageTaken":0,"goldLost":0,"maxHpLost":0},"potions_obtained":[{"floor":1,"key":"SteroidPotion"},{"floor":2,"key":"SneckoOil"},{"floor":4,"key":"SkillPotion"},{"floor":5,"key":"AttackPotion"},{"floor":22,"key":"DuplicationPotion"},{"floor":24,"key":"Explosive Potion"},{"floor":30,"key":"GamblersBrew"},{"floor":33,"key":"HeartOfIron"},{"floor":46,"key":"DuplicationPotion"}],"is_trial":false,"path_per_floor":["M","M","?","M","M","R","M","R","T","M","R","E","R","M","R","B",null,"M","$","M","M","M","R","E","M","T","E","R","E","M","$","R","B",null,"M","?","$","?","M","E","M","$","T","R","E","M","E","?","R","B","B",null,"R","$","E","B"],"character_chosen":"IRONCLAD","basemod:card_modifiers":[null,null,null,null,null,null,null,null,null,null,null,null,null,null,null,null,null,null,null,null,null,null,null,null],"items_purchased":["OrangePellets","HornCleat","Toolbox","Block Potion"],"campfire_rested":0,"item_purchase_floors":[19,19,54,54],"current_hp_per_floor":[67,67,67,72,72,72,72,72,72,73,73,73,73,75,75,60,71,75,75,65,59,51,51,53,52,52,42,42,48,55,55,55,36,65,63,63,63,69,73,66,70,70,70,70,75,75,73,73,73,49,45,68,68,68,20,0],"gold":37,"neow_bonus":"RANDOM_COMMON_RELIC","is_prod":false,"is_daily":false,"rewards_skipped":[{"floor":16,"relics":[],"potions":["BloodPotion"]},{"floor":21,"relics":[],"potions":["Dexterity Potion"]},{"floor":38,"relics":[],"potions":["Weak Potion"]},{"floor":40,"relics":["Bottled Flame"],"potions":[]},{"floor":45,"relics":[],"potions":["AttackPotion"]}],"chose_seed":false,"campfire_upgraded":7,"win_rate":0,"floor_exit_playtime":[45,77,82,109,157,164,215,221,225,257,262,296,314,349,357,418,439,463,491,544,595,661,676,761,817,820,872,878,950,1015,1029,1034,1136,1157,1245,1249,1261,1320,1344,1430,1534,1556,1559,1567,1681,1736,1841,1850,1855,1990,2131,2142,2152,2174,2337],"timestamp":1682022233,"blue_key_relic_skipped_log":{"floor":43,"relicID":"Red Skull"},"path_taken":["M","M","?","M","?","R","M","R","T","?","R","E","R","M","R","BOSS","M","$","M","M","M","R","E","?","T","E","R","E","M","$","R","BOSS","M","?","$","?","M","E","M","$","T","R","E","M","E","?","R","BOSS","BOSS","R","$","E","BOSS"],"build_version":"2022-12-18","purchased_purges":4,"victory":false,"max_hp_per_floor":[75,75,75,75,75,75,75,75,75,75,75,75,75,75,75,75,75,75,75,75,75,75,75,75,75,75,75,75,75,75,75,75,75,75,75,75,75,75,75,75,75,75,75,75,75,75,75,75,75,75,75,75,75,75,75,75],"relic_stats":{"Girya":3,"counters":[31,140],"Bag of Preparation":[62],"Whetstone":["Headbutt","Strike_R"],"Bottled Tornado":"Corruption","MawBank":84,"Burning Blood":170,"White Beast Statue":[0.0,0.0,0.0,0.0,0.0,1.0,0.0,0.0,0.0,0.0,0.0,0.0],"OrangePellets":[13],"Nunchaku":[20],"Matryoshka":1,"Black Star":4,"Champion Belt":[135],"Bottled Lightning":"Disarm","obtain_stats":[{"Girya":3,"Oddly Smooth Stone":43,"Bag of Preparation":0,"Whetstone":45,"Bottled Tornado":27,"MawBank":47,"Burning Blood":0,"Akabeko":47,"White Beast Statue":55,"Old Coin":12,"OrangePellets":19,"Nunchaku":26,"HornCleat":19,"Matryoshka":40,"Toolbox":54,"Coffee Dripper":17,"Black Star":34,"Champion Belt":9,"Bottled Lightning":55,"Unceasing Top":29,"TungstenRod":38,"Meat on the Bone":24,"Pocketwatch":45},{"Girya":2,"Oddly Smooth Stone":24,"Bag of Preparation":0,"Whetstone":25,"Bottled Tornado":16,"MawBank":27,"Burning Blood":0,"Akabeko":27,"White Beast Statue":30,"Old Coin":7,"OrangePellets":10,"Nunchaku":15,"HornCleat":10,"Matryoshka":23,"Toolbox":29,"Coffee Dripper":9,"Black Star":19,"Champion Belt":5,"Bottled Lightning":30,"Unceasing Top":17,"TungstenRod":21,"Meat on the Bone":14,"Pocketwatch":25},{"Girya":6,"Oddly Smooth Stone":99,"Bag of Preparation":0,"Whetstone":105,"Bottled Tornado":61,"MawBank":113,"Burning Blood":0,"Akabeko":113,"White Beast Statue":135,"Old Coin":23,"OrangePellets":35,"Nunchaku":57,"HornCleat":35,"Matryoshka":93,"Toolbox":129,"Coffee Dripper":33,"Black Star":78,"Champion Belt":17,"Bottled Lightning":135,"Unceasing Top":66,"TungstenRod":86,"Meat on the Bone":53,"Pocketwatch":105}],"Unceasing Top":[2],"TungstenRod":37,"Meat on the Bone":84,"Pocketwatch":[15]},"card_choices":[{"not_picked":["Uppercut","Flex"],"picked":"Feel No Pain","floor":1},{"not_picked":["Sword Boomerang","Burning Pact"],"picked":"Headbutt","floor":2},{"not_picked":["Clash","Disarm"],"picked":"Sword Boomerang","floor":4},{"not_picked":["Flex","Warcry","Berserk"],"picked":"SKIP","floor":5},{"not_picked":["Combust","True Grit"],"picked":"Thunderclap","floor":7},{"not_picked":["Evolve","Ghostly Armor"],"picked":"Disarm","floor":10},{"not_picked":["Wild Strike","Hemokinesis"],"picked":"Spot Weakness","floor":12},{"not_picked":["Spot Weakness","Clash"],"picked":"Thunderclap","floor":14},{"not_picked":["Brutality","Double Tap"],"picked":"Corruption","floor":16},{"not_picked":["Flex","Heavy Blade","Thunderclap"],"picked":"SKIP","floor":18},{"not_picked":["Wild Strike","Iron Wave","Blood for Blood"],"picked":"SKIP","floor":20},{"not_picked":["Perfected Strike","Flex","Clothesline"],"picked":"SKIP","floor":21},{"not_picked":["Entrench","Flex","Thunderclap"],"picked":"SKIP","floor":22},{"not_picked":["Brutality","Twin Strike","Second Wind"],"picked":"SKIP","floor":24},{"not_picked":["Brutality","Twin Strike","Second Wind"],"picked":"SKIP","floor":24},{"not_picked":["Searing Blow","Sever Soul","Rampage"],"picked":"SKIP","floor":25},{"not_picked":["Evolve","Thunderclap"],"picked":"Battle Trance","floor":27},{"not_picked":["Flame Barrier","Dropkick"],"picked":"Sword Boomerang+1","floor":29},{"not_picked":["Iron Wave","Battle Trance","Clothesline"],"picked":"SKIP","floor":30},{"not_picked":["Iron Wave","Battle Trance","Clothesline"],"picked":"SKIP","floor":30},{"not_picked":["Juggernaut","Corruption"],"picked":"Impervious","floor":33},{"not_picked":["Power Through","Pummel"],"picked":"Pommel Strike+1","floor":35},{"not_picked":["Perfected Strike","Headbutt"],"picked":"True Grit+1","floor":38},{"not_picked":["Ghostly Armor","Anger"],"picked":"Dark Embrace","floor":39},{"not_picked":["Searing Blow","Armaments"],"picked":"Inflame","floor":40},{"not_picked":["Feed","Twin Strike+1"],"picked":"Intimidate","floor":41},{"not_picked":["Warcry","Flex+1","Hemokinesis"],"picked":"SKIP","floor":45},{"not_picked":["Iron Wave+1","Warcry"],"picked":"Second Wind","floor":46},{"not_picked":["Inflame","Headbutt","Cleave"],"picked":"SKIP","floor":47},{"not_picked":["Immolate","Perfected Strike+1"],"picked":"True Grit","floor":55}],"player_experience":1838396,"relics_obtained":[{"floor":9,"key":"Champion Belt"},{"floor":12,"key":"Old Coin"},{"floor":24,"key":"Meat on the Bone"},{"floor":26,"key":"Nunchaku"},{"floor":27,"key":"Bottled Tornado"},{"floor":29,"key":"Unceasing Top"},{"floor":38,"key":"TungstenRod"},{"floor":40,"key":"Matryoshka"},{"floor":43,"key":"Oddly Smooth Stone"},{"floor":45,"key":"Pocketwatch"},{"floor":45,"key":"Whetstone"},{"floor":47,"key":"MawBank"},{"floor":47,"key":"Akabeko"},{"floor":55,"key":"White Beast Statue"},{"floor":55,"key":"Bottled Lightning"}],"event_choices":[{"damage_healed":0,"gold_gain":0,"player_choice":"Gave Potion","damage_taken":0,"relics_obtained":["Girya"],"max_hp_gain":0,"max_hp_loss":0,"event_name":"WeMeetAgain","floor":3,"gold_loss":0},{"damage_healed":0,"gold_gain":0,"player_choice":"Ignored","damage_taken":0,"max_hp_gain":0,"max_hp_loss":0,"event_name":"Tomb of Lord Red Mask","floor":36,"gold_loss":0},{"damage_healed":0,"gold_gain":0,"player_choice":"Fight","damage_taken":0,"max_hp_gain":0,"max_hp_loss":0,"event_name":"MindBloom","floor":38,"gold_loss":0},{"cards_removed":["Sword Boomerang"],"damage_healed":0,"gold_gain":0,"player_choice":"Removed Attack","damage_taken":0,"max_hp_gain":0,"max_hp_loss":0,"event_name":"Falling","floor":48,"gold_loss":0}],"is_beta":false,"boss_relics":[{"not_picked":["Cursed Key","Pandora\u0027s Box"],"picked":"Coffee Dripper"},{"not_picked":["Calling Bell","Tiny House"],"picked":"Black Star"}],"items_purged_floors":[19,31,37,42],"is_endless":false,"potions_floor_spawned":[1,2,4,5,16,21,22,24,30,33,38,45,46],"killed_by":"The Heart","ascension_level":20,"potion_discard_per_floor":[[],[],[],[],[],[],[],[],[],[],[],[],[],[],[],[],[],[],[],[],[],["AttackPotion"],[],[],[],[],[],[],[],["Explosive Potion"],[],[],["DuplicationPotion"],[],[],[],[],[],[],[],[],[],[],[],[],["HeartOfIron"],[],[],[],[],[],[],[],[],[],[]]}