{"neow_bonuses_skipped_log":["RANDOM_COLORLESS","THREE_SMALL_POTIONS","BOSS_RELIC"],"potions_obtained_entropic_brew":[[],[],[],[],[],[],[],[],[],[],[],[],[],[],[],[]],"neow_costs_skipped_log":["NONE","NONE","NONE"],"gold_per_floor":[119,135,135,135,155,83,111,111,111,127,137,137,137,150,150,150],"floor_reached":16,"playtime":450,"items_purged":[],"score":204,"play_id":"de4e1fbe-afab-4b87-afd9-3e2bf3ceefb1","local_time":"20230420234951","score_breakdown":["Floors Climbed (16): 80","Enemies Slain (6): 12","Exordium Elites Killed (1): 10","Bosses Slain (0): 0","Ascension (20): 102"],"is_ascension_mode":true,"potions_obtained_alchemize":[[],[],[],[],[],[],[],[],[],[],[],[],[],[],[],[]],"campfire_choices":[{"floor":8,"key":"REST"},{"data":"Bash","floor":13,"key":"SMITH"},{"data":"Inflame","floor":15,"key":"SMITH"}],"lesson_learned_per_floor":[[],[],[],[],[],[],[],[],[],[],[],[],[],[],[],[]],"neow_cost":"TEN_PERCENT_HP_LOSS","improvable_cards":{},"seed_source_timestamp":763780249815600,"shop_contents":[],"circlet_count":0,"master_deck":["AscendersBane","Strike_R+1","Strike_R","Strike_R","Strike_R+1","Strike_R","Defend_R","Defend_R","Defend_R","Defend_R","Bash+1","Inflame+1","Reckless Charge","Second Wind+1","Ghostly Armor+1","Battle Trance+1","Shrug It Off+1"],"potion_use_per_floor":[[],[],[],[],[],[],["PowerPotion"],[],[],[],[],[],[],[],[],["Strength Potion"]],"relics":["Burning Blood","Unceasing Top","Toxic Egg 2","Matryoshka","Boot","Red Skull"],"potions_floor_usage":[7,16],"damage_taken":[{"damage":7,"enemies":"Cultist","floor":1,"turns":4},{"damage":13,"enemies":"2 Louse","floor":2,"turns":3},{"damage":10,"enemies":"Small Slimes","floor":5,"turns":3},{"damage":30,"enemies":"Lagavulin","floor":7,"turns":7},{"damage":11,"enemies":"Looter","floor":10,"turns":3},{"damage":14,"enemies":"Lots of Slimes","floor":11,"turns":5},{"damage":4,"enemies":"2 Fungi Beasts","floor":14,"turns":3},{"damage":26,"enemies":"Hexaghost","floor":16,"turns":9}],"seed_played":"8795948384543558270","neow_bonus_log":{"cardsObtained":[],"cardsUpgraded":[],"cardsRemoved":[],"cardsTransformed":[],"relicsObtained":["Unceasing Top"],"maxHpGained":0,"goldGained":0,"damageTaken":0,"goldLost":0,"maxHpLost":7},"potions_obtained":[{"floor":1,"key":"PowerPotion"},{"floor":10,"key":"FearPotion"},{"floor":11,"key":"Explosive Potion"},{"floor":14,"key":"Strength Potion"}],"is_trial":false,"path_per_floor":["M","M","?","?","M","?","E","R","T","M","M","T","R","M","R","B"],"character_chosen":"IRONCLAD","basemod:card_modifiers":[null,null,null,null,null,null,null,null,null,null,null,null,null,null,null,null,null],"items_purchased":[],"campfire_rested":1,"item_purchase_floors":[],"current_hp_per_floor":[67,60,40,40,36,36,12,32,32,27,19,19,19,21,21,0],"gold":150,"neow_bonus":"ONE_RARE_RELIC","is_prod":false,"is_daily":false,"rewards_skipped":[],"chose_seed":false,"campfire_upgraded":2,"win_rate":0,"floor_exit_playtime":[57,100,105,110,140,146,201,204,207,243,308,312,323,356,361],"timestamp":1682048991,"path_taken":["M","?","?","?","M","?","E","R","T","M","M","?","R","M","R","BOSS"],"build_version":"2022-12-18","purchased_purges":0,"victory":false,"max_hp_per_floor":[68,68,68,68,68,68,68,68,68,68,68,68,68,68,68,68],"relic_stats":{"Matryoshka":1,"counters":[8,37],"Boot":[0],"obtain_stats":[{"Matryoshka":9,"Toxic Egg 2":7,"Boot":12,"Burning Blood":0,"Unceasing Top":0,"Red Skull":12},{"Matryoshka":4,"Toxic Egg 2":4,"Boot":6,"Burning Blood":0,"Unceasing Top":0,"Red Skull":6},{"Matryoshka":17,"Toxic Egg 2":17,"Boot":25,"Burning Blood":0,"Unceasing Top":0,"Red Skull":25}],"Burning Blood":42,"Unceasing Top":[3]},"card_choices":[{"not_picked":["Clothesline","Clash"],"picked":"Inflame","floor":1},{"not_picked":["True Grit","Clothesline","Inflame"],"picked":"SKIP","floor":2},{"not_picked":["Disarm","Shrug It Off"],"picked":"Reckless Charge","floor":5},{"not_picked":["Iron Wave","Carnage"],"picked":"Second Wind+1","floor":7},{"not_picked":["Havoc+1","Wild Strike"],"picked":"Ghostly Armor+1","floor":10},{"not_picked":["Sword Boomerang","Body Slam"],"picked":"Battle Trance+1","floor":11},{"not_picked":["Fire Breathing","Clash"],"picked":"Shrug It Off+1","floor":14}],"player_experience":1857251,"relics_obtained":[{"floor":7,"key":"Toxic Egg 2"},{"floor":9,"key":"Matryoshka"},{"floor":12,"key":"Boot"},{"floor":12,"key":"Red Skull"}],"event_choices":[{"damage_healed":0,"gold_gain":0,"player_choice":"Entered Light","damage_taken":20,"max_hp_gain":0,"max_hp_loss":0,"event_name":"Shining Light","floor":3,"gold_loss":0,"cards_upgraded":["Strike_R","Strike_R"]},{"damage_healed":0,"gold_gain":0,"player_choice":"Ignored","damage_taken":0,"max_hp_gain":0,"max_hp_loss":0,"event_name":"Liars Game","floor":4,"gold_loss":0},{"damage_healed":0,"gold_gain":0,"player_choice":"Left Gold","damage_taken":0,"max_hp_gain":0,"max_hp_loss":0,"event_name":"World of Goop","floor":6,"gold_loss":72}],"is_beta":false,"boss_relics":[],"items_purged_floors":[],"is_endless":false,"potions_floor_spawned":[1,10,11,14],"killed_by":"Hexaghost","ascension_level":20,"potion_discard_per_floor":[[],[],[],[],[],[],[],[],[],[],[],[],[],["Explosive Potion"],[],[]]}