{"neow_bonuses_skipped_log":["REMOVE_CARD","RANDOM_COMMON_RELIC","BOSS_RELIC"],"potions_obtained_entropic_brew":[[],[],[],[],[],[],[],[],[],[],[],[],[],[],[],[],[],[],[],[],[],[],[],[],[],[],[],[],[],[],[],[],[],[],[],[],[],[],[],[],[],[],[],[],[],[],[],[],[],[],[],[],[],[],[],["SteroidPotion","CultistPotion"],[]],"neow_costs_skipped_log":["NONE","NONE","NONE"],"gold_per_floor":[31,81,81,137,137,137,195,195,195,283,283,323,368,416,416,559,559,650,26,26,142,166,166,227,227,251,251,337,337,361,430,430,520,520,544,291,291,307,331,387,462,505,530,561,254,299,364,131,131,156,181,181,181,9,67,92],"floor_reached":57,"playtime":3914,"items_purged":["Strike_R","Strike_R","Strike_R+1","Hemokinesis+1","Bash+1"],"score":3081,"play_id":"90b9bce6-a43b-47c1-ad8c-13c49d62a133","local_time":"20230607150410","score_breakdown":["Floors Climbed (57): 285","Enemies Slain (14): 28","Exordium Elites Killed (3): 30","City Elites Killed (2): 40","Beyond Elites Killed (4): 120","Bosses Slain (5): 750","I Like Shiny: 50","Money Money (1741): 25","Champion (4): 100","C-c-c-combo: 25","Ascension (20): 1378","Heartbreaker: 250"],"is_ascension_mode":true,"potions_obtained_alchemize":[[],[],[],[],[],[],[],[],[],[],[],[],[],[],[],[],[],[],[],[],[],[],[],[],[],[],[],[],[],[],[],[],[],[],[],[],[],[],[],[],[],[],[],[],[],[],[],[],[],[],[],[],[],[],[],[],[]],"campfire_choices":[{"data":"HandOfGreed","floor":6,"key":"SMITH"},{"floor":8,"key":"REST"},{"floor":11,"key":"REST"},{"data":"Anger","floor":15,"key":"SMITH"},{"data":"Bandage Up","floor":23,"key":"SMITH"},{"data":"Offering","floor":27,"key":"SMITH"},{"data":"Offering","floor":32,"key":"SMITH"},{"floor":49,"key":"RECALL"},{"data":"Pommel Strike","floor":53,"key":"SMITH"}],"lesson_learned_per_floor":[[],[],[],[],[],[],[],[],[],[],[],[],[],[],[],[],[],[],[],[],[],[],[],[],[],[],[],[],[],[],[],[],[],[],[],[],[],[],[],[],[],[],[],[],[],[],[],[],[],[],[],[],[],[],[],[],[]],"neow_cost":"NO_GOLD","improvable_cards":{},"seed_source_timestamp":1511059018622400,"shop_contents":[{"floor":19,"relics":[],"cards":["Wild Strike","Sever Soul","Armaments","Rupture+1","The Bomb"],"potions":["BloodPotion","BloodPotion","Fire Potion"]},{"floor":36,"relics":["Strawberry","Chemical X"],"cards":["Fiend Fire","Rampage","Havoc","True Grit","Flash of Steel","Panache+1"],"potions":["Fruit Juice","AttackPotion","DistilledChaos"]},{"floor":45,"relics":["Boot"],"cards":["Twin Strike","Searing Blow","Warcry+1","Fire Breathing+1","Deep Breath+1","Thinking Ahead+1"],"potions":["Energy Potion","LiquidBronze","FearPotion"]},{"floor":48,"relics":["Ice Cream","Oddly Smooth Stone"],"cards":["Clothesline","Havoc+1","Rupture+1","Trip+1","Violence+1"],"potions":["Dexterity Potion","Regen Potion","LiquidBronze"]},{"floor":54,"relics":["Happy Flower","Mercury Hourglass","Lee\u0027s Waffle"],"cards":["Clothesline","Thunderclap","Shrug It Off+1","Flex+1","Good Instincts+1"],"potions":["BloodPotion","BlessingOfTheForge","AttackPotion"]}],"circlet_count":0,"master_deck":["AscendersBane","Defend_R","Defend_R","Defend_R","Defend_R","HandOfGreed+1","Shrug It Off","Twin Strike+1","Demon Form+1","Anger+1","Offering+1","Metallicize+1","Bandage Up+1","Offering+1","Infernal Blade","Double Tap+1","Corruption+1","Reaper","Feel No Pain+1","Sentinel+1","Disarm","Dark Embrace+1","True Grit+1","Pommel Strike+1","Dark Embrace+1","Shrug It Off+1","Reaper","Secret Technique+1","Evolve+1"],"potion_use_per_floor":[[],[],[],[],[],[],[],[],[],["FairyPotion"],[],[],[],[],[],[],[],[],[],[],["Swift Potion"],[],[],[],[],[],[],[],[],[],[],[],[],[],[],[],[],[],[],[],[],["DistilledChaos"],[],[],[],[],[],[],[],[],[],[],[],[],[],["LiquidBronze","EntropicBrew","CultistPotion","SteroidPotion"],[]],"relics":["Burning Blood","Golden Idol","Thread and Needle","Frozen Egg 2","Orichalcum","Whetstone","Coffee Dripper","Membership Card","Gremlin Horn","Eternal Feather","Red Mask","Bottled Lightning","MealTicket","Blue Candle","Nilry\u0027s Codex","SlaversCollar","Charon\u0027s Ashes","HornCleat","Bottled Tornado","White Beast Statue","Toxic Egg 2","TheAbacus","Smiling Mask","OrangePellets","Blood Vial"],"potions_floor_usage":[21,42,56,56,56,56],"damage_taken":[{"damage":9,"enemies":"Jaw Worm","floor":1,"turns":5},{"damage":2,"enemies":"2 Louse","floor":2,"turns":4},{"damage":3,"enemies":"Small Slimes","floor":4,"turns":4},{"damage":43,"enemies":"Lagavulin","floor":7,"turns":9},{"damage":42,"enemies":"3 Sentries","floor":10,"turns":14},{"damage":2,"enemies":"Gremlin Nob","floor":12,"turns":3},{"damage":2,"enemies":"Looter","floor":13,"turns":5},{"damage":6,"enemies":"3 Louse","floor":14,"turns":3},{"damage":23,"enemies":"Slime Boss","floor":16,"turns":14},{"damage":12,"enemies":"3 Byrds","floor":18,"turns":6},{"damage":16,"enemies":"Masked Bandits","floor":21,"turns":4},{"damage":2,"enemies":"Chosen","floor":22,"turns":3},{"damage":33,"enemies":"Gremlin Leader","floor":24,"turns":8},{"damage":6,"enemies":"Slavers","floor":28,"turns":4},{"damage":16,"enemies":"Snake Plant","floor":30,"turns":4},{"damage":10,"enemies":"Centurion and Healer","floor":31,"turns":8},{"damage":15,"enemies":"Automaton","floor":33,"turns":6},{"damage":16,"enemies":"Orb Walker","floor":35,"turns":3},{"damage":6,"enemies":"3 Shapes","floor":38,"turns":2},{"damage":22,"enemies":"Transient","floor":39,"turns":6},{"damage":15,"enemies":"Reptomancer","floor":40,"turns":3},{"damage":22,"enemies":"Sphere and 2 Shapes","floor":41,"turns":5},{"damage":24,"enemies":"Nemesis","floor":42,"turns":7},{"damage":12,"enemies":"Giant Head","floor":44,"turns":5},{"damage":6,"enemies":"Spire Growth","floor":46,"turns":3},{"damage":43,"enemies":"Nemesis","floor":47,"turns":5},{"damage":22,"enemies":"Donu and Deca","floor":50,"turns":5},{"damage":24,"enemies":"Awakened One","floor":51,"turns":8},{"damage":31,"enemies":"Shield and Spear","floor":55,"turns":3},{"damage":103,"enemies":"The Heart","floor":56,"turns":7}],"green_key_taken_log":47,"seed_played":"-4343891642021404892","neow_bonus_log":{"cardsObtained":[],"cardsUpgraded":[],"cardsRemoved":[],"cardsTransformed":[],"relicsObtained":[],"maxHpGained":0,"goldGained":0,"damageTaken":0,"goldLost":99,"maxHpLost":0},"potions_obtained":[{"floor":1,"key":"FairyPotion"},{"floor":10,"key":"Swift Potion"},{"floor":13,"key":"Ancient Potion"},{"floor":24,"key":"ColorlessPotion"},{"floor":28,"key":"Fire Potion"},{"floor":31,"key":"EntropicBrew"},{"floor":35,"key":"SkillPotion"},{"floor":40,"key":"DistilledChaos"},{"floor":42,"key":"LiquidBronze"}],"is_trial":false,"path_per_floor":["M","M","?","M","?","R","E","R","T","E","R","E","M","M","R","B",null,"M","$","?","?","M","R","E","?","T","R","E","?","M","M","R","B",null,"M","$","?","M","M","E","M","E","T","E","$","M","E","$","R","B","B",null,"R","$","E","B",null],"character_chosen":"IRONCLAD","basemod:card_modifiers":[null,null,null,null,null,null,null,null,null,null,null,null,null,null,null,null,null,null,null,null,null,null,null,null,null,null,null,null,null],"items_purchased":["Membership Card","Gremlin Horn","Bandage Up","Eternal Feather","Offering","Feel No Pain+1","Charon\u0027s Ashes","Toxic Egg 2","True Grit+1","TheAbacus","Shrug It Off+1","OrangePellets","Reaper","Secret Technique+1","Evolve+1"],"campfire_rested":2,"item_purchase_floors":[19,19,19,19,19,36,36,45,45,45,48,48,48,54,54],"current_hp_per_floor":[65,69,46,49,49,49,12,32,32,19,39,43,47,47,47,30,59,53,53,53,47,55,67,46,46,46,58,64,43,39,41,53,56,65,61,68,68,68,65,62,68,60,60,68,68,68,37,52,67,68,68,68,68,68,68,43],"gold":92,"neow_bonus":"RANDOM_COLORLESS_2","is_prod":false,"is_daily":false,"rewards_skipped":[{"floor":46,"relics":[],"potions":["Dexterity Potion"]},{"floor":47,"relics":[],"potions":["ElixirPotion"]},{"floor":55,"relics":[],"potions":["Energy Potion"]}],"chose_seed":false,"campfire_upgraded":6,"win_rate":0,"floor_exit_playtime":[61,94,98,131,136,142,247,250,258,395,401,439,479,539,546,693,721,796,856,872,956,1038,1050,1199,1218,1229,1235,1314,1322,1406,1546,1556,1721,1753,1814,1906,1915,1980,2133,2244,2346,2496,2500,2621,2669,2765,2906,2957,2959,3133,3388,3399,3408,3466,3626,3914],"timestamp":1686164650,"blue_key_relic_skipped_log":{"floor":43,"relicID":"Toy Ornithopter"},"path_taken":["M","M","?","M","?","R","E","R","T","E","R","E","M","M","R","BOSS","M","$","?","?","M","R","E","?","T","R","E","?","M","M","R","BOSS","M","$","?","?","M","E","M","E","T","E","$","M","E","$","R","BOSS","BOSS","R","$","E","BOSS"],"build_version":"2022-12-18","purchased_purges":5,"victory":true,"max_hp_per_floor":[75,75,75,75,68,68,68,68,68,68,68,68,68,68,68,68,68,68,68,68,68,68,68,68,68,68,68,68,68,68,68,68,68,68,68,68,68,68,68,68,68,68,68,68,68,68,68,68,68,68,68,68,68,68,68,68],"relic_stats":{"Gremlin Horn":[28,28],"counters":[30,166],"Golden Idol":226,"Nilry\u0027s Codex":[0,17,14,35],"Blue Candle":[2],"Eternal Feather":51,"Charon\u0027s Ashes":[667],"Whetstone":["Strike_R","Twin Strike"],"Orichalcum":[264],"Bottled Tornado":"Demon Form","Smiling Mask":63,"Burning Blood":141,"White Beast Statue":[0.0,0.0,0.0,0.4,0.0,0.6000000000000001,0.0,0.0,0.0,0.0,0.0,1.4],"Blood Vial":0,"OrangePellets":[4],"TheAbacus":[102],"MealTicket":22,"Membership Card":1471,"Bottled Lightning":"Offering","obtain_stats":[{"Gremlin Horn":19,"Nilry\u0027s Codex":29,"Whetstone":12,"Bottled Tornado":42,"Smiling Mask":47,"Burning Blood":0,"Blood Vial":55,"HornCleat":40,"TheAbacus":45,"MealTicket":26,"Red Mask":21,"Toxic Egg 2":45,"Golden Idol":5,"Blue Candle":28,"Thread and Needle":7,"Eternal Feather":19,"Charon\u0027s Ashes":36,"Frozen Egg 2":9,"Orichalcum":10,"White Beast Statue":44,"SlaversCollar":34,"OrangePellets":48,"Coffee Dripper":17,"Membership Card":19,"Bottled Lightning":24},{"Gremlin Horn":10,"Nilry\u0027s Codex":14,"Whetstone":6,"Bottled Tornado":23,"Smiling Mask":26,"Burning Blood":0,"Blood Vial":29,"HornCleat":21,"TheAbacus":24,"MealTicket":13,"Red Mask":11,"Toxic Egg 2":24,"Golden Idol":3,"Blue Candle":14,"Thread and Needle":4,"Eternal Feather":10,"Charon\u0027s Ashes":18,"Frozen Egg 2":4,"Orichalcum":5,"White Beast Statue":24,"SlaversCollar":17,"OrangePellets":26,"Coffee Dripper":9,"Membership Card":10,"Bottled Lightning":13},{"Gremlin Horn":67,"Nilry\u0027s Codex":86,"Whetstone":39,"Bottled Tornado":130,"Smiling Mask":143,"Burning Blood":0,"Blood Vial":159,"HornCleat":118,"TheAbacus":135,"MealTicket":82,"Red Mask":71,"Toxic Egg 2":135,"Golden Idol":13,"Blue Candle":86,"Thread and Needle":22,"Eternal Feather":67,"Charon\u0027s Ashes":107,"Frozen Egg 2":22,"Orichalcum":36,"White Beast Statue":135,"SlaversCollar":104,"OrangePellets":143,"Coffee Dripper":61,"Membership Card":67,"Bottled Lightning":82}]},"card_choices":[{"not_picked":["The Bomb","Secret Technique"],"picked":"HandOfGreed","floor":0},{"not_picked":["Body Slam","Armaments"],"picked":"Hemokinesis","floor":1},{"not_picked":["Bloodletting","Iron Wave","Infernal Blade"],"picked":"SKIP","floor":2},{"not_picked":["Body Slam","Hemokinesis"],"picked":"Shrug It Off","floor":4},{"not_picked":["Spot Weakness","Sever Soul","Inflame"],"picked":"SKIP","floor":7},{"not_picked":["Sentinel","Perfected Strike"],"picked":"Twin Strike","floor":10},{"not_picked":["True Grit","Carnage"],"picked":"Demon Form+1","floor":12},{"not_picked":["Armaments","Perfected Strike"],"picked":"Anger","floor":13},{"not_picked":["Headbutt","Uppercut","Sword Boomerang"],"picked":"SKIP","floor":14},{"not_picked":["Immolate","Barricade+1"],"picked":"Offering","floor":16},{"not_picked":["Iron Wave","Heavy Blade+1"],"picked":"Metallicize+1","floor":18},{"not_picked":["Havoc","Heavy Blade","Infernal Blade+1"],"picked":"SKIP","floor":21},{"not_picked":["Second Wind","Combust+1","Sword Boomerang"],"picked":"SKIP","floor":22},{"not_picked":["Carnage+1","Bloodletting","Demon Form+1"],"picked":"SKIP","floor":24},{"not_picked":["Havoc","Flex+1"],"picked":"Corruption+1","floor":28},{"not_picked":["Carnage","Sword Boomerang","Clash"],"picked":"SKIP","floor":30},{"not_picked":["True Grit","Body Slam","Wild Strike"],"picked":"SKIP","floor":31},{"not_picked":["Barricade+1","Berserk+1"],"picked":"Reaper","floor":33},{"not_picked":["Dropkick+1","Body Slam","Heavy Blade"],"picked":"SKIP","floor":35},{"not_picked":["Armaments+1","Entrench+1"],"picked":"Sentinel+1","floor":38},{"not_picked":["Pummel","Power Through+1","Heavy Blade"],"picked":"SKIP","floor":39},{"not_picked":["Havoc+1","Clash","Headbutt"],"picked":"SKIP","floor":40},{"not_picked":["Perfected Strike","Entrench","Armaments"],"picked":"SKIP","floor":41},{"not_picked":["Perfected Strike","Entrench","Armaments"],"picked":"SKIP","floor":41},{"not_picked":["Wild Strike+1","Feed"],"picked":"Disarm","floor":42},{"not_picked":["Rupture+1","Evolve+1"],"picked":"Dark Embrace+1","floor":44},{"not_picked":["Pommel Strike","Dropkick","Cleave+1"],"picked":"SKIP","floor":46},{"not_picked":["Dropkick","Cleave+1"],"picked":"Pommel Strike","floor":46},{"not_picked":["Iron Wave+1","Pommel Strike"],"picked":"Dark Embrace+1","floor":47},{"not_picked":["Cleave","Flex+1","Immolate"],"picked":"SKIP","floor":55}],"player_experience":1956389,"relics_obtained":[{"floor":7,"key":"Thread and Needle"},{"floor":9,"key":"Frozen Egg 2"},{"floor":10,"key":"Orichalcum"},{"floor":12,"key":"Whetstone"},{"floor":21,"key":"Red Mask"},{"floor":24,"key":"Bottled Lightning"},{"floor":26,"key":"MealTicket"},{"floor":28,"key":"Blue Candle"},{"floor":29,"key":"Nilry\u0027s Codex"},{"floor":40,"key":"HornCleat"},{"floor":42,"key":"Bottled Tornado"},{"floor":44,"key":"White Beast Statue"},{"floor":47,"key":"Smiling Mask"},{"floor":55,"key":"Blood Vial"}],"event_choices":[{"damage_healed":0,"gold_gain":0,"player_choice":"Entered Light","damage_taken":23,"max_hp_gain":0,"max_hp_loss":0,"event_name":"Shining Light","floor":3,"gold_loss":0,"cards_upgraded":["Hemokinesis","Bash"]},{"damage_healed":0,"gold_gain":0,"player_choice":"Lose Max HP","damage_taken":0,"relics_obtained":["Golden Idol"],"max_hp_gain":0,"max_hp_loss":7,"event_name":"Golden Idol","floor":5,"gold_loss":0},{"damage_healed":0,"gold_gain":0,"cards_transformed":["Strike_R","Strike_R"],"player_choice":"Became Test Subject","damage_taken":0,"max_hp_gain":0,"max_hp_loss":0,"event_name":"Drug Dealer","floor":20,"gold_loss":0,"cards_obtained":["Infernal Blade","Double Tap"]},{"damage_healed":0,"gold_gain":0,"player_choice":"Fought Bandits","damage_taken":0,"max_hp_gain":0,"max_hp_loss":0,"event_name":"Masked Bandits","floor":21,"gold_loss":0},{"damage_healed":0,"gold_gain":0,"player_choice":"Ignored","damage_taken":0,"max_hp_gain":0,"max_hp_loss":0,"event_name":"The Mausoleum","floor":25,"gold_loss":0},{"damage_healed":0,"gold_gain":0,"player_choice":"Obtained Book","damage_taken":21,"max_hp_gain":0,"max_hp_loss":0,"event_name":"Cursed Tome","floor":29,"gold_loss":0},{"damage_healed":0,"gold_gain":0,"player_choice":"Upgraded","damage_taken":0,"max_hp_gain":0,"max_hp_loss":0,"event_name":"Upgrade Shrine","floor":37,"gold_loss":0,"cards_upgraded":["Double Tap"]}],"is_beta":false,"boss_relics":[{"not_picked":["Ectoplasm","Philosopher\u0027s Stone"],"picked":"Coffee Dripper"},{"not_picked":["Snecko Eye","Velvet Choker"],"picked":"SlaversCollar"}],"items_purged_floors":[19,36,45,48,54],"is_endless":false,"potions_floor_spawned":[1,10,13,24,28,31,35,40,42,46,47,55],"ascension_level":20,"potion_discard_per_floor":[[],[],[],[],[],[],[],[],[],[],[],[],[],[],[],[],[],[],[],[],[],[],[],[],[],[],[],["Ancient Potion"],[],[],["Fire Potion"],[],[],[],["ColorlessPotion"],[],[],[],[],["SkillPotion"],[],[],[],[],[],[],[],[],[],[],[],[],[],[],[],[],[]]}