{"neow_bonuses_skipped_log":["THREE_CARDS","TWENTY_PERCENT_HP_BONUS","BOSS_RELIC"],"potions_obtained_entropic_brew":[[],[],[],[],[],[],[],[],[],[],[],[],[],[],[],[],[],[],[],[],[],[],[],[],[],[],[],[],[],[],[],[],[]],"neow_costs_skipped_log":["NONE","PERCENT_DAMAGE","NONE"],"gold_per_floor":[219,239,259,259,58,91,91,124,201,201,228,241,241,260,260,339,339,356,30,30,43,57,91,91,117,141,170,170,170,200,235,235,235],"floor_reached":33,"playtime":1618,"items_purged":["Strike_R"],"score":836,"play_id":"fb85b7c6-94f0-47a5-962d-f7df7616a3c2","local_time":"20230607135804","score_breakdown":["Floors Climbed (33): 165","Enemies Slain (9): 18","Exordium Elites Killed (3): 30","City Elites Killed (4): 80","Bosses Slain (1): 50","Champion (3): 75","Ascension (20): 418"],"is_ascension_mode":true,"potions_obtained_alchemize":[[],[],[],[],[],[],[],[],[],[],[],[],[],[],[],[],[],[],[],[],[],[],[],[],[],[],[],[],[],[],[],[],[]],"campfire_choices":[{"data":"Whirlwind","floor":7,"key":"SMITH"},{"data":"Inflame","floor":10,"key":"SMITH"},{"data":"Pommel Strike","floor":13,"key":"SMITH"},{"data":"Immolate","floor":15,"key":"SMITH"},{"data":"Demon Form","floor":29,"key":"SMITH"},{"data":"Pommel Strike","floor":32,"key":"SMITH"}],"lesson_learned_per_floor":[[],[],[],[],[],[],[],[],[],[],[],[],[],[],[],[],[],[],[],[],[],[],[],[],[],[],[],[],[],[],[],[],[]],"neow_cost":"NONE","improvable_cards":{},"seed_source_timestamp":1509427699316400,"shop_contents":[{"floor":5,"relics":["Singing Bowl","Lee\u0027s Waffle"],"cards":["Clash","Shockwave","Havoc","Rupture","Forethought","Panache"],"potions":["BlessingOfTheForge","HeartOfIron","Energy Potion"]},{"floor":19,"relics":["Ice Cream","Turnip"],"cards":["Sever Soul","Clothesline","Havoc","Metallicize","Forethought","Secret Technique"],"potions":["PowerPotion","ColorlessPotion","CultistPotion"]}],"circlet_count":0,"master_deck":["AscendersBane","Strike_R","Strike_R","Strike_R","Defend_R","Defend_R","Defend_R","Defend_R","Bash","Inflame+1","Clothesline","Shockwave","Dropkick","Whirlwind+1","Bloodletting","Immolate+1","Pommel Strike+1","Corruption","Armaments+1","Disarm","Disarm","Pommel Strike+1","Pommel Strike+1","Second Wind+1","Demon Form+1","Bloodletting","Fiend Fire"],"potion_use_per_floor":[[],[],[],[],[],[],[],[],[],[],[],[],[],[],[],[],[],[],[],[],[],[],[],[],[],[],[],[],[],[],[],[],["DuplicationPotion"]],"relics":["Burning Blood","Vajra","WingedGreaves","Lantern","Shuriken","PreservedInsect","Coffee Dripper","Toolbox","Strawberry","Smiling Mask","Pen Nib","Mummified Hand","Ginger"],"potions_floor_usage":[33],"damage_taken":[{"damage":2,"enemies":"Small Slimes","floor":1,"turns":6},{"damage":6,"enemies":"Cultist","floor":2,"turns":3},{"damage":1,"enemies":"2 Louse","floor":3,"turns":4},{"damage":6,"enemies":"Gremlin Nob","floor":6,"turns":3},{"damage":20,"enemies":"3 Sentries","floor":8,"turns":3},{"damage":6,"enemies":"Gremlin Nob","floor":11,"turns":3},{"damage":0,"enemies":"2 Fungi Beasts","floor":12,"turns":1},{"damage":6,"enemies":"Looter","floor":14,"turns":2},{"damage":20,"enemies":"Slime Boss","floor":16,"turns":7},{"damage":25,"enemies":"Spheric Guardian","floor":18,"turns":4},{"damage":19,"enemies":"2 Thieves","floor":21,"turns":3},{"damage":3,"enemies":"Centurion and Healer","floor":22,"turns":2},{"damage":3,"enemies":"Slavers","floor":23,"turns":2},{"damage":12,"enemies":"Gremlin Leader","floor":25,"turns":6},{"damage":3,"enemies":"Slavers","floor":27,"turns":1},{"damage":3,"enemies":"Gremlin Leader","floor":30,"turns":4},{"damage":18,"enemies":"Shelled Parasite and Fungi","floor":31,"turns":6},{"damage":23,"enemies":"Collector","floor":33,"turns":2}],"seed_played":"6821509610057509604","neow_bonus_log":{"cardsObtained":[],"cardsUpgraded":[],"cardsRemoved":[],"cardsTransformed":[],"relicsObtained":[],"maxHpGained":0,"goldGained":100,"damageTaken":0,"goldLost":0,"maxHpLost":0},"potions_obtained":[{"floor":1,"key":"Weak Potion"},{"floor":3,"key":"DuplicationPotion"},{"floor":8,"key":"Regen Potion"},{"floor":16,"key":"SteroidPotion"}],"is_trial":false,"path_per_floor":["M","M","M","?","$","E","R","E","T","R","E","M","R","M","R","B",null,"M","$","?","M","M","E","?","E","T","E","?","R","E","M","R","B"],"character_chosen":"IRONCLAD","basemod:card_modifiers":[null,null,null,null,null,null,null,null,null,null,null,null,null,null,null,null,null,null,null,null,null,null,null,null,null,null,null],"items_purchased":["Vajra","Dropkick","Toolbox","Disarm"],"campfire_rested":0,"item_purchase_floors":[5,5,19,19],"current_hp_per_floor":[72,72,75,75,75,75,75,61,61,61,61,67,67,67,67,53,70,51,51,51,38,41,51,51,45,45,48,24,24,27,15,15,0],"gold":235,"neow_bonus":"HUNDRED_GOLD","is_prod":false,"is_daily":false,"rewards_skipped":[{"floor":14,"relics":[],"potions":["LiquidBronze"]},{"floor":18,"relics":[],"potions":["Explosive Potion"]},{"floor":22,"relics":[],"potions":["AttackPotion"]},{"floor":31,"relics":[],"potions":["FearPotion"]}],"chose_seed":false,"campfire_upgraded":6,"win_rate":0,"floor_exit_playtime":[102,133,170,181,207,259,267,385,388,396,495,527,533,575,581,737,752,813,833,873,920,972,1074,1106,1216,1221,1274,1278,1330,1406,1531,1544],"timestamp":1686160684,"path_taken":["M","M","M","?","$","E","R","E","T","R","E","?","R","M","R","BOSS","M","$","?","M","M","E","?","E","T","E","?","R","E","M","R","BOSS"],"build_version":"2022-12-18","purchased_purges":1,"victory":false,"max_hp_per_floor":[75,75,75,75,75,75,75,75,75,75,75,75,75,75,75,75,75,75,75,75,75,75,82,82,82,82,82,87,87,87,87,87,87],"relic_stats":{"counters":[18,62],"Shuriken":[7],"Mummified Hand":[7],"WingedGreaves":3,"PreservedInsect":180,"Pen Nib":[2],"Ginger":[0],"Smiling Mask":0,"obtain_stats":[{"Lantern":8,"Vajra":5,"PreservedInsect":11,"Pen Nib":26,"Ginger":30,"Smiling Mask":25,"Burning Blood":0,"Shuriken":9,"Mummified Hand":27,"Strawberry":23,"Toolbox":19,"WingedGreaves":6,"Coffee Dripper":17},{"Lantern":5,"Vajra":3,"PreservedInsect":6,"Pen Nib":14,"Ginger":16,"Smiling Mask":14,"Burning Blood":0,"Shuriken":5,"Mummified Hand":15,"Strawberry":13,"Toolbox":10,"WingedGreaves":4,"Coffee Dripper":9},{"Lantern":19,"Vajra":13,"PreservedInsect":22,"Pen Nib":49,"Ginger":54,"Smiling Mask":49,"Burning Blood":0,"Shuriken":19,"Mummified Hand":50,"Strawberry":43,"Toolbox":36,"WingedGreaves":16,"Coffee Dripper":32}],"Burning Blood":100},"card_choices":[{"not_picked":["Combust","Metallicize"],"picked":"Inflame","floor":1},{"not_picked":["Seeing Red","Iron Wave"],"picked":"Clothesline","floor":2},{"not_picked":["True Grit","Havoc"],"picked":"Shockwave","floor":3},{"not_picked":["Cleave","Shockwave"],"picked":"Whirlwind","floor":6},{"not_picked":["Second Wind","Clothesline"],"picked":"Bloodletting","floor":8},{"not_picked":["Armaments","Entrench"],"picked":"Immolate","floor":11},{"not_picked":["Hemokinesis","Clash"],"picked":"Pommel Strike","floor":12},{"not_picked":["Blood for Blood","Sword Boomerang","Clash"],"picked":"SKIP","floor":14},{"not_picked":["Blood for Blood","Sword Boomerang","Clash"],"picked":"SKIP","floor":14},{"not_picked":["Brutality","Exhume"],"picked":"Corruption","floor":16},{"not_picked":["Twin Strike","Rampage"],"picked":"Armaments+1","floor":18},{"not_picked":["Spot Weakness","Clash","True Grit","Sword Boomerang","Clothesline","Cleave","Hemokinesis","Warcry","Shockwave","Flex","Havoc","Thunderclap","Infernal Blade","Armaments","Anger","Perfected Strike","Whirlwind","Blood for Blood","Body Slam"],"picked":"Disarm","floor":20},{"not_picked":["Sword Boomerang","Twin Strike"],"picked":"Pommel Strike","floor":21},{"not_picked":["Pummel+1","Reckless Charge"],"picked":"Pommel Strike+1","floor":22},{"not_picked":["Havoc","Exhume"],"picked":"Second Wind+1","floor":23},{"not_picked":["Warcry","Cleave"],"picked":"Demon Form","floor":25},{"not_picked":["Thunderclap","Clothesline"],"picked":"Bloodletting","floor":27},{"not_picked":["Inflame","True Grit"],"picked":"Fiend Fire","floor":30},{"not_picked":["Twin Strike","Disarm","Perfected Strike"],"picked":"SKIP","floor":31}],"player_experience":1954771,"relics_obtained":[{"floor":6,"key":"WingedGreaves"},{"floor":8,"key":"Lantern"},{"floor":9,"key":"Shuriken"},{"floor":11,"key":"PreservedInsect"},{"floor":23,"key":"Strawberry"},{"floor":25,"key":"Smiling Mask"},{"floor":26,"key":"Pen Nib"},{"floor":27,"key":"Mummified Hand"},{"floor":30,"key":"Ginger"}],"event_choices":[{"cards_removed":["Strike_R"],"damage_healed":0,"gold_gain":0,"player_choice":"Offered Basic","damage_taken":0,"max_hp_gain":0,"max_hp_loss":0,"event_name":"Bonfire Elementals","floor":4,"gold_loss":0},{"damage_healed":0,"gold_gain":0,"player_choice":"Read","damage_taken":0,"max_hp_gain":0,"max_hp_loss":0,"event_name":"The Library","floor":20,"gold_loss":0,"cards_obtained":["Disarm"]},{"damage_healed":0,"gold_gain":0,"player_choice":"Ignored","damage_taken":0,"max_hp_gain":0,"max_hp_loss":0,"event_name":"The Mausoleum","floor":24,"gold_loss":0},{"damage_healed":0,"gold_gain":0,"player_choice":"Shed Blood","damage_taken":29,"max_hp_gain":5,"max_hp_loss":0,"event_name":"Forgotten Altar","floor":28,"gold_loss":0}],"is_beta":false,"boss_relics":[{"not_picked":["Black Blood","Empty Cage"],"picked":"Coffee Dripper"}],"items_purged_floors":[19],"is_endless":false,"potions_floor_spawned":[1,3,8,14,16,18,22,31],"killed_by":"Collector","ascension_level":20,"potion_discard_per_floor":[[],[],[],[],[],[],[],["Weak Potion"],[],[],[],[],[],[],[],["Regen Potion"],[],[],[],[],[],[],[],[],[],[],[],[],[],[],[],[],[]]}