{"neow_bonuses_skipped_log":["REMOVE_CARD","HUNDRED_GOLD","BOSS_RELIC"],"potions_obtained_entropic_brew":[[],[],[],[],[],[],[],[],[],[]],"neow_costs_skipped_log":["NONE","NONE","NONE"],"gold_per_floor":[115,130,140,140,150,150,180,330,356,356],"floor_reached":10,"playtime":600,"items_purged":[],"score":136,"play_id":"25897d44-9e1d-4a3d-b3ef-976019165756","local_time":"20230607133051","score_breakdown":["Floors Climbed (10): 50","Enemies Slain (4): 8","Exordium Elites Killed (1): 10","Bosses Slain (0): 0","Ascension (20): 68"],"is_ascension_mode":true,"potions_obtained_alchemize":[[],[],[],[],[],[],[],[],[],[]],"campfire_choices":[{"data":"Armaments","floor":6,"key":"SMITH"}],"lesson_learned_per_floor":[[],[],[],[],[],[],[],[],[],[]],"neow_cost":"TEN_PERCENT_HP_LOSS","improvable_cards":{},"seed_source_timestamp":1508817180579400,"shop_contents":[],"circlet_count":0,"master_deck":["AscendersBane","Strike_R","Strike_R","Defend_R","Defend_R","Defend_R","Defend_R","Bash","Bloodletting","Body Slam","Headbutt","Power Through","Armaments+1","Shockwave","Doubt"],"potion_use_per_floor":[[],[],[],[],[],[],[],[],[],[]],"relics":["Burning Blood","Strawberry","MealTicket"],"potions_floor_usage":[],"damage_taken":[{"damage":7,"enemies":"2 Louse","floor":1,"turns":4},{"damage":5,"enemies":"Jaw Worm","floor":2,"turns":3},{"damage":7,"enemies":"Cultist","floor":3,"turns":4},{"damage":3,"enemies":"Blue Slaver","floor":5,"turns":4},{"damage":9,"enemies":"Lagavulin","floor":7,"turns":8},{"damage":67,"enemies":"3 Sentries","floor":10,"turns":16}],"seed_played":"993897614370675569","neow_bonus_log":{"cardsObtained":["Bloodletting","Body Slam"],"cardsUpgraded":[],"cardsRemoved":[],"cardsTransformed":["Strike_R","Strike_R"],"relicsObtained":[],"maxHpGained":0,"goldGained":0,"damageTaken":0,"goldLost":0,"maxHpLost":7},"potions_obtained":[{"floor":3,"key":"Ancient Potion"},{"floor":7,"key":"Dexterity Potion"}],"is_trial":false,"path_per_floor":["M","M","M","?","M","R","E","?","T","E"],"character_chosen":"IRONCLAD","basemod:card_modifiers":[null,null,null,null,null,null,null,null,null,null,null,null,null,null,null],"items_purchased":[],"campfire_rested":0,"item_purchase_floors":[],"current_hp_per_floor":[67,68,67,60,63,63,67,67,67,0],"gold":356,"neow_bonus":"TRANSFORM_TWO_CARDS","is_prod":false,"is_daily":false,"rewards_skipped":[],"chose_seed":false,"campfire_upgraded":1,"win_rate":0,"floor_exit_playtime":[117,186,238,257,297,303,408,419,433],"timestamp":1686159051,"path_taken":["M","M","M","?","M","R","E","?","T","E"],"build_version":"2022-12-18","purchased_purges":0,"victory":false,"max_hp_per_floor":[68,68,68,68,68,68,75,75,75,75],"relic_stats":{"counters":[6,39],"MealTicket":0,"obtain_stats":[{"Strawberry":7,"MealTicket":9,"Burning Blood":0},{"Strawberry":5,"MealTicket":5,"Burning Blood":0},{"Strawberry":23,"MealTicket":23,"Burning Blood":0}],"Burning Blood":30},"card_choices":[{"not_picked":["Sword Boomerang","Havoc"],"picked":"Headbutt","floor":1},{"not_picked":["Warcry","Dropkick","Body Slam"],"picked":"SKIP","floor":2},{"not_picked":["Body Slam","Clash"],"picked":"Power Through","floor":3},{"not_picked":["Clash","Iron Wave"],"picked":"Armaments","floor":5},{"not_picked":["Evolve","Heavy Blade"],"picked":"Shockwave","floor":7}],"player_experience":1954171,"relics_obtained":[{"floor":7,"key":"Strawberry"},{"floor":9,"key":"MealTicket"}],"event_choices":[{"cards_removed":["Strike_R"],"damage_healed":0,"gold_gain":0,"player_choice":"Card Removal","damage_taken":7,"max_hp_gain":0,"max_hp_loss":0,"event_name":"Golden Wing","floor":4,"gold_loss":0},{"damage_healed":0,"gold_gain":150,"player_choice":"AGREE","damage_taken":0,"max_hp_gain":0,"max_hp_loss":0,"event_name":"Liars Game","floor":8,"gold_loss":0,"cards_obtained":["Doubt"]}],"is_beta":false,"boss_relics":[],"items_purged_floors":[],"is_endless":false,"potions_floor_spawned":[3,7],"killed_by":"3 Sentries","ascension_level":20,"potion_discard_per_floor":[[],[],[],[],[],[],[],[],[],[]]}