{"neow_bonuses_skipped_log":["THREE_CARDS","HUNDRED_GOLD","BOSS_RELIC"],"potions_obtained_entropic_brew":[[],[],[],[],[],[]],"neow_costs_skipped_log":["NONE","NONE","NONE"],"gold_per_floor":[109,121,136,156,132,132],"floor_reached":6,"playtime":390,"items_purged":[],"score":80,"play_id":"28e83fc8-ae17-4c7a-b5a1-d58411ff4a7b","local_time":"20230607173144","score_breakdown":["Floors Climbed (6): 30","Enemies Slain (5): 10","Exordium Elites Killed (0): 0","Bosses Slain (0): 0","Ascension (20): 40"],"is_ascension_mode":true,"potions_obtained_alchemize":[[],[],[],[],[],[]],"campfire_choices":[],"lesson_learned_per_floor":[[],[],[],[],[],[]],"neow_cost":"PERCENT_DAMAGE","improvable_cards":{},"seed_source_timestamp":1523479411445000,"shop_contents":[],"circlet_count":0,"master_deck":["AscendersBane","Strike_R","Strike_R","Strike_R","Strike_R","Strike_R","Defend_R","Defend_R","Defend_R","Defend_R","Bash","Feed","Armaments","Thunderclap","Anger"],"potion_use_per_floor":[[],[],[],[],[],[]],"relics":["Burning Blood"],"potions_floor_usage":[],"damage_taken":[{"damage":2,"enemies":"2 Louse","floor":1,"turns":4},{"damage":11,"enemies":"Small Slimes","floor":2,"turns":6},{"damage":8,"enemies":"Cultist","floor":3,"turns":5},{"damage":7,"enemies":"Looter","floor":4,"turns":4},{"damage":17,"enemies":"Exordium Thugs","floor":5,"turns":4},{"damage":58,"enemies":"Gremlin Nob","floor":6,"turns":4}],"seed_played":"1811499473641600308","neow_bonus_log":{"cardsObtained":[],"cardsUpgraded":[],"cardsRemoved":[],"cardsTransformed":[],"relicsObtained":[],"maxHpGained":0,"goldGained":0,"damageTaken":18,"goldLost":0,"maxHpLost":0},"potions_obtained":[{"floor":1,"key":"Energy Potion"}],"is_trial":false,"path_per_floor":["M","M","M","M","M","E"],"character_chosen":"IRONCLAD","basemod:card_modifiers":[null,null,null,null,null,null,null,null,null,null,null,null,null,null,null],"items_purchased":[],"campfire_rested":0,"item_purchase_floors":[],"current_hp_per_floor":[57,55,56,55,48,0],"gold":132,"neow_bonus":"THREE_RARE_CARDS","is_prod":false,"is_daily":false,"rewards_skipped":[],"chose_seed":false,"campfire_upgraded":0,"win_rate":0,"floor_exit_playtime":[93,153,207,266,330],"timestamp":1686173504,"path_taken":["M","M","M","M","M","E"],"build_version":"2022-12-18","purchased_purges":0,"victory":false,"max_hp_per_floor":[78,81,84,84,88,88],"relic_stats":{"counters":[6,27],"obtain_stats":[{"Burning Blood":0},{"Burning Blood":0},{"Burning Blood":0}],"Burning Blood":30},"card_choices":[{"not_picked":["Barricade","Brutality"],"picked":"Feed","floor":0},{"not_picked":["Combust","Carnage"],"picked":"Armaments","floor":1},{"not_picked":["Sentinel","True Grit"],"picked":"Thunderclap","floor":2},{"not_picked":["Dual Wield","Clash","Rage"],"picked":"SKIP","floor":3},{"not_picked":["Flex","Metallicize","Body Slam"],"picked":"SKIP","floor":4},{"not_picked":["Flex","Metallicize","Body Slam"],"picked":"SKIP","floor":4},{"not_picked":["Twin Strike","Perfected Strike"],"picked":"Anger","floor":5}],"player_experience":1961111,"relics_obtained":[],"event_choices":[],"is_beta":false,"boss_relics":[],"items_purged_floors":[],"is_endless":false,"potions_floor_spawned":[1],"killed_by":"Gremlin Nob","ascension_level":20,"potion_discard_per_floor":[[],[],[],[],[],[]]}