{"neow_bonuses_skipped_log":["TEN_PERCENT_HP_BONUS","TWENTY_PERCENT_HP_BONUS","BOSS_RELIC"],"potions_obtained_entropic_brew":[[],[],[],[],[],[],[],[],[],[],[],[],[],[],[],[]],"neow_costs_skipped_log":["NONE","NO_GOLD","NONE"],"gold_per_floor":[116,116,116,132,146,146,156,175,199,222,234,273,301,356,368,380],"floor_reached":16,"playtime":808,"items_purged":[],"score":228,"play_id":"146d8f6c-300c-4625-af01-453a40099640","local_time":"20230607172459","score_breakdown":["Floors Climbed (16): 80","Enemies Slain (7): 14","Exordium Elites Killed (2): 20","Bosses Slain (0): 0","Ascension (20): 114"],"is_ascension_mode":true,"potions_obtained_alchemize":[[],[],[],[],[],[],[],[],[],[],[],[],[],[],[],[]],"campfire_choices":[{"data":"Carnage","floor":6,"key":"SMITH"},{"data":"Juggernaut","floor":15,"key":"SMITH"}],"lesson_learned_per_floor":[[],[],[],[],[],[],[],[],[],[],[],[],[],[],[],[]],"neow_cost":"NONE","improvable_cards":{},"seed_source_timestamp":1522657422937600,"shop_contents":[{"floor":11,"relics":["InkBottle","HornCleat","DollysMirror"],"cards":["Fiend Fire","Sword Boomerang","Flex","True Grit","Berserk","Madness","Magnetism"],"potions":["GamblersBrew","ColorlessPotion","DistilledChaos"]}],"circlet_count":0,"master_deck":["AscendersBane","Strike_R","Strike_R","Strike_R","Strike_R","Strike_R","Defend_R","Defend_R","Defend_R","Defend_R","Bash","Juggernaut+1","Reckless Charge","Carnage+1","Ghostly Armor","Iron Wave","Corruption","Dark Embrace","Pommel Strike","Pommel Strike"],"potion_use_per_floor":[[],[],[],[],[],[],[],[],[],[],[],["Ancient Potion"],[],["SkillPotion"],[],["SpeedPotion"]],"relics":["Burning Blood","MawBank","Strawberry","CeramicFish"],"potions_floor_usage":[12,14,16],"damage_taken":[{"damage":11,"enemies":"Jaw Worm","floor":1,"turns":4},{"damage":4,"enemies":"2 Louse","floor":4,"turns":3},{"damage":6,"enemies":"Cultist","floor":5,"turns":3},{"damage":14,"enemies":"3 Louse","floor":7,"turns":4},{"damage":1,"enemies":"2 Fungi Beasts","floor":8,"turns":3},{"damage":8,"enemies":"Blue Slaver","floor":10,"turns":4},{"damage":26,"enemies":"Gremlin Nob","floor":12,"turns":5},{"damage":22,"enemies":"Exordium Thugs","floor":13,"turns":3},{"damage":23,"enemies":"3 Sentries","floor":14,"turns":7},{"damage":31,"enemies":"Slime Boss","floor":16,"turns":6}],"seed_played":"-4303101123622469157","neow_bonus_log":{"cardsObtained":["Juggernaut"],"cardsUpgraded":[],"cardsRemoved":[],"cardsTransformed":[],"relicsObtained":[],"maxHpGained":0,"goldGained":0,"damageTaken":0,"goldLost":0,"maxHpLost":0},"potions_obtained":[{"floor":1,"key":"Dexterity Potion"},{"floor":4,"key":"SpeedPotion"},{"floor":7,"key":"Ancient Potion"},{"floor":12,"key":"SkillPotion"}],"is_trial":false,"path_per_floor":["M","?","?","M","M","R","M","M","T","M","$","E","M","E","R","B"],"character_chosen":"IRONCLAD","basemod:card_modifiers":[null,null,null,null,null,null,null,null,null,null,null,null,null,null,null,null,null,null,null,null],"items_purchased":[],"campfire_rested":0,"item_purchase_floors":[],"current_hp_per_floor":[63,37,75,75,75,75,67,72,72,70,70,57,41,24,24,0],"gold":380,"neow_bonus":"ONE_RANDOM_RARE_CARD","is_prod":false,"is_daily":false,"rewards_skipped":[{"floor":13,"relics":[],"potions":["Ancient Potion"]}],"chose_seed":false,"campfire_upgraded":2,"win_rate":0,"floor_exit_playtime":[170,185,199,232,274,288,336,374,377,416,446,526,601,721,738],"timestamp":1686173099,"path_taken":["M","?","?","M","M","R","M","M","T","?","$","E","M","E","R","BOSS"],"build_version":"2022-12-18","purchased_purges":0,"victory":false,"max_hp_per_floor":[75,75,75,75,75,75,75,75,75,75,75,82,82,82,82,82],"relic_stats":{"counters":[10,42],"CeramicFish":9,"MawBank":84,"obtain_stats":[{"Strawberry":12,"CeramicFish":14,"MawBank":9,"Burning Blood":0},{"Strawberry":7,"CeramicFish":9,"MawBank":5,"Burning Blood":0},{"Strawberry":26,"CeramicFish":36,"MawBank":17,"Burning Blood":0}],"Burning Blood":52},"card_choices":[{"not_picked":["Warcry","Body Slam"],"picked":"Reckless Charge","floor":1},{"not_picked":["Body Slam","Cleave"],"picked":"Carnage","floor":4},{"not_picked":["Rupture","Warcry"],"picked":"Ghostly Armor","floor":5},{"not_picked":["True Grit","Thunderclap"],"picked":"Iron Wave","floor":7},{"not_picked":["Body Slam","Headbutt"],"picked":"Corruption","floor":10},{"not_picked":["Demon Form","Headbutt"],"picked":"Dark Embrace","floor":12},{"not_picked":["Evolve","Clash"],"picked":"Pommel Strike","floor":13},{"not_picked":["Iron Wave","Warcry"],"picked":"Pommel Strike","floor":14}],"player_experience":1960303,"relics_obtained":[{"floor":9,"key":"MawBank"},{"floor":12,"key":"Strawberry"},{"floor":14,"key":"CeramicFish"}],"event_choices":[{"damage_healed":0,"gold_gain":0,"player_choice":"Fled","damage_taken":26,"max_hp_gain":0,"max_hp_loss":0,"event_name":"Scrap Ooze","floor":2,"gold_loss":0},{"damage_healed":38,"gold_gain":0,"player_choice":"Full Heal","damage_taken":0,"max_hp_gain":0,"max_hp_loss":0,"event_name":"Wheel of Change","floor":3,"gold_loss":0}],"is_beta":false,"boss_relics":[],"items_purged_floors":[],"is_endless":false,"potions_floor_spawned":[1,4,7,12,13],"killed_by":"Slime Boss","ascension_level":20,"potion_discard_per_floor":[[],[],[],[],[],[],["Dexterity Potion"],[],[],[],[],[],[],[],[],[]]}