{"neow_bonuses_skipped_log":["UPGRADE_CARD","TWENTY_PERCENT_HP_BONUS","BOSS_RELIC"],"potions_obtained_entropic_brew":[[],[],[],[],[],[],[],[],[],[],[],[],[],[],[],[]],"neow_costs_skipped_log":["NONE","PERCENT_DAMAGE","NONE"],"gold_per_floor":[111,129,142,142,160,185,185,210,210,224,204,233,233,250,250,250],"floor_reached":16,"playtime":837,"items_purged":[],"score":244,"play_id":"4af487c1-fd7e-464a-80c1-3749ae4dadf9","local_time":"20230911235749","score_breakdown":["Floors Climbed (16): 80","Enemies Slain (6): 12","Exordium Elites Killed (3): 30","Bosses Slain (0): 0","Ascension (20): 122"],"is_ascension_mode":true,"potions_obtained_alchemize":[[],[],[],[],[],[],[],[],[],[],[],[],[],[],[],[]],"campfire_choices":[{"data":"Hemokinesis","floor":7.0,"key":"SMITH"},{"data":"Shockwave","floor":13,"key":"SMITH"},{"data":"True Grit","floor":15,"key":"SMITH"}],"lesson_learned_per_floor":[[],[],[],[],[],[],[],[],[],[],[],[],[],[],[],[]],"neow_cost":"NONE","improvable_cards":{},"seed_source_timestamp":246828019214000,"shop_contents":[],"circlet_count":0,"master_deck":["AscendersBane","Strike_R","Strike_R","Strike_R+1","Strike_R+1","Defend_R","Defend_R","Defend_R","Defend_R","Bash","Shockwave+1","Feel No Pain","Brutality","Hemokinesis+1","Ghostly Armor","Flame Barrier","Wild Strike","True Grit+1"],"special_seed":0,"potion_use_per_floor":[[],[],[],[],[],["Strength Potion"],[],["Block Potion","LiquidMemories"],[],[],[],[],[],[],[],["Energy Potion"]],"relics":["Burning Blood","Whetstone","Pear","Magic Flower","Lizard Tail","Incense Burner"],"potions_floor_usage":[8,8,16],"damage_taken":[{"damage":2.0,"enemies":"Jaw Worm","floor":1.0,"turns":3.0},{"damage":6.0,"enemies":"Cultist","floor":2.0,"turns":4.0},{"damage":5.0,"enemies":"2 Louse","floor":3.0,"turns":3.0},{"damage":6.0,"enemies":"Looter","floor":5.0,"turns":4.0},{"damage":11.0,"enemies":"Gremlin Nob","floor":6.0,"turns":3.0},{"damage":18,"enemies":"Lagavulin","floor":8,"turns":7},{"damage":18,"enemies":"Blue Slaver","floor":10,"turns":7},{"damage":12,"enemies":"Gremlin Nob","floor":12,"turns":3},{"damage":24,"enemies":"Large Slime","floor":14,"turns":10},{"damage":40,"enemies":"Hexaghost","floor":16,"turns":9}],"green_key_taken_log":8,"seed_played":"5525054140104998170","neow_bonus_log":{"cardsObtained":[],"cardsUpgraded":[],"cardsRemoved":[],"cardsTransformed":[],"relicsObtained":["Whetstone"],"maxHpGained":0,"goldGained":0,"damageTaken":0,"goldLost":0,"maxHpLost":0},"potions_obtained":[{"floor":2.0,"key":"Strength Potion"},{"floor":3.0,"key":"LiquidMemories"},{"floor":6.0,"key":"Block Potion"},{"floor":10,"key":"Energy Potion"},{"floor":11,"key":"HeartOfIron"}],"is_trial":false,"path_per_floor":["M","M","M","?","M","E","R","E","T","M","?","E","R","M","R","B"],"character_chosen":"IRONCLAD","basemod:card_modifiers":[null,null,null,null,null,null,null,null,null,null,null,null,null,null,null,null,null,null],"items_purchased":[],"campfire_rested":0,"item_purchase_floors":[],"current_hp_per_floor":[72,72,73,73,73,78,78,66,66,57,57,54,54,39,39,63],"gold":250,"neow_bonus":"RANDOM_COMMON_RELIC","is_prod":false,"is_daily":false,"rewards_skipped":[{"floor":14,"relics":[],"potions":["ColorlessPotion"]}],"chose_seed":false,"campfire_upgraded":3,"win_rate":0,"floor_exit_playtime":[76,115,154,164,209,302,310,458,461,543,560,612,618,727,739],"timestamp":1694491069,"path_taken":["M","M","M","?","M","E","R","E","T","M","?","E","R","M","R","BOSS"],"build_version":"2022-12-18","purchased_purges":0,"victory":false,"max_hp_per_floor":[75,75,75,75,75,85,85,85,85,85,85,85,85,85,85,85],"relic_stats":{"Lizard Tail":63,"counters":[10,53],"Magic Flower":[30],"Whetstone":["Strike_R","Strike_R"],"obtain_stats":[{"Lizard Tail":9,"Pear":6,"Magic Flower":8,"Incense Burner":12,"Whetstone":0,"Burning Blood":0},{"Lizard Tail":6,"Pear":5,"Magic Flower":6,"Incense Burner":8,"Whetstone":0,"Burning Blood":0},{"Lizard Tail":24,"Pear":17,"Magic Flower":24,"Incense Burner":34,"Whetstone":0,"Burning Blood":0}],"Burning Blood":63},"card_choices":[{"not_picked":["True Grit","Burning Pact","Rupture"],"picked":"SKIP","floor":1.0},{"not_picked":["Seeing Red","Disarm"],"picked":"Shockwave","floor":2.0},{"not_picked":["Thunderclap","Disarm"],"picked":"Feel No Pain","floor":3.0},{"not_picked":["Cleave","Body Slam"],"picked":"Hemokinesis","floor":5.0},{"not_picked":["Iron Wave","Fire Breathing"],"picked":"Ghostly Armor","floor":6.0},{"not_picked":["Warcry","Searing Blow"],"picked":"Flame Barrier","floor":8},{"not_picked":["Shockwave","Uppercut"],"picked":"Wild Strike","floor":10},{"not_picked":["Wild Strike","Thunderclap","Juggernaut"],"picked":"SKIP","floor":12},{"not_picked":["Cleave","Armaments"],"picked":"True Grit","floor":14}],"player_experience":1978583,"relics_obtained":[{"floor":6.0,"key":"Pear"},{"floor":8,"key":"Magic Flower"},{"floor":9,"key":"Lizard Tail"},{"floor":12,"key":"Incense Burner"}],"event_choices":[{"damage_healed":0.0,"max_hp_gain":0.0,"max_hp_loss":0.0,"gold_gain":0.0,"cards_transformed":["Strike_R"],"event_name":"Living Wall","player_choice":"Change","floor":4.0,"gold_loss":0.0,"damage_taken":0.0,"cards_obtained":["Brutality"]},{"damage_healed":0,"gold_gain":0,"player_choice":"Bought 1 Potion","damage_taken":0,"max_hp_gain":0,"max_hp_loss":0,"event_name":"The Woman in Blue","floor":11,"gold_loss":0}],"is_beta":false,"boss_relics":[],"items_purged_floors":[],"is_endless":false,"potions_floor_spawned":[2,3,6,10,14],"killed_by":"Hexaghost","ascension_level":20,"potion_discard_per_floor":[[],[],[],[],[],[],[],[],[],[],[],[],[],[],[],[]]}