{"neow_bonuses_skipped_log":["REMOVE_CARD","HUNDRED_GOLD","BOSS_RELIC"],"potions_obtained_entropic_brew":[[],[],[],[],[],[],[],[],[],[],[],[],[],[],[],[],[],[],[],[],[],[],[],[],[],[],[],[],[],[],[],[],[]],"neow_costs_skipped_log":["NONE","NONE","NONE"],"gold_per_floor":[111,131,149,162,177,177,188,218,244,255,282,167,73,93,93,167,167,184,184,184,203,103,138,149,149,149,175,175,192,192,206,206,206],"floor_reached":33,"playtime":997,"items_purged":["Strike_R","Strike_R+1"],"score":712,"play_id":"23ab500a-54f6-455f-a9e3-5c012a461ef4","local_time":"20231101200631","score_breakdown":["Floors Climbed (33): 165","Enemies Slain (13): 26","Exordium Elites Killed (2): 20","City Elites Killed (1): 20","Bosses Slain (1): 50","Champion (1): 25","Perfect (1): 50","Ascension (20): 356"],"is_ascension_mode":true,"potions_obtained_alchemize":[[],[],[],[],[],[],[],[],[],[],[],[],[],[],[],[],[],[],[],[],[],[],[],[],[],[],[],[],[],[],[],[],[]],"campfire_choices":[{"data":"Bludgeon","floor":6,"key":"SMITH"},{"data":"Uppercut","floor":15,"key":"SMITH"},{"floor":28,"key":"REST"},{"floor":30,"key":"REST"},{"data":"Armaments","floor":32,"key":"SMITH"}],"lesson_learned_per_floor":[[],[],[],[],[],[],[],[],[],[],[],[],[],[],[],[],[],[],[],[],[],[],[],[],[],[],[],[],[],[],[],[],[]],"neow_cost":"TEN_PERCENT_HP_LOSS","improvable_cards":{},"seed_source_timestamp":3951337464232700,"shop_contents":[{"floor":12,"relics":["CeramicFish","StoneCalendar","Chemical X"],"cards":["Headbutt","Cleave","Dual Wield","Double Tap","Trip","Violence"],"potions":["Fire Potion","SteroidPotion","FearPotion"]},{"floor":22,"relics":["Shuriken","Bronze Scales","ClockworkSouvenir"],"cards":["Pommel Strike","Clash","Intimidate","Warcry","Fire Breathing","Trip","Apotheosis"],"potions":["SteroidPotion","Strength Potion","Dexterity Potion"]}],"circlet_count":0,"master_deck":["AscendersBane","Strike_R+1","Strike_R+1","Defend_R+1","Defend_R+1","Defend_R+1","Bash","Sword Boomerang","Uppercut+1","Headbutt","Bludgeon+1","Armaments+1","Pommel Strike","Bloodletting","Dark Embrace","Burning Pact","Offering","Pommel Strike","Anger","Burning Pact","Spot Weakness","Pummel+1"],"potion_use_per_floor":[[],[],[],[],[],[],[],["DistilledChaos"],[],[],[],[],[],[],[],[],[],[],[],[],[],[],["Energy Potion"],[],[],[],[],[],[],[],[],[],["CultistPotion","BloodPotion"]],"relics":["Burning Blood","Ancient Tea Set","Akabeko","Charon\u0027s Ashes","Orichalcum","Runic Pyramid","Potion Belt","Kunai","Lantern"],"potions_floor_usage":[8,23,33,33],"damage_taken":[{"damage":6,"enemies":"Cultist","floor":1,"turns":3},{"damage":14,"enemies":"Jaw Worm","floor":2,"turns":4},{"damage":6,"enemies":"2 Louse","floor":3,"turns":3},{"damage":12,"enemies":"Blue Slaver","floor":4,"turns":4},{"damage":4,"enemies":"Large Slime","floor":5,"turns":5},{"damage":19,"enemies":"3 Louse","floor":7,"turns":3},{"damage":15,"enemies":"3 Sentries","floor":8,"turns":5},{"damage":4,"enemies":"Blue Slaver","floor":10,"turns":2},{"damage":3,"enemies":"Gremlin Nob","floor":11,"turns":2},{"damage":10,"enemies":"Large Slime","floor":14,"turns":3},{"damage":3,"enemies":"Slime Boss","floor":16,"turns":5},{"damage":13,"enemies":"Shell Parasite","floor":18,"turns":3},{"damage":9,"enemies":"Spheric Guardian","floor":21,"turns":3},{"damage":23,"enemies":"Gremlin Leader","floor":23,"turns":4},{"damage":7,"enemies":"Snecko","floor":24,"turns":4},{"damage":14,"enemies":"3 Cultists","floor":29,"turns":4},{"damage":0,"enemies":"Chosen and Byrds","floor":31,"turns":4},{"damage":74,"enemies":"Automaton","floor":33,"turns":6}],"seed_played":"-6806733997190481184","neow_bonus_log":{"cardsObtained":[],"cardsUpgraded":[],"cardsRemoved":["Strike_R","Defend_R"],"cardsTransformed":[],"relicsObtained":[],"maxHpGained":0,"goldGained":0,"damageTaken":0,"goldLost":0,"maxHpLost":7},"potions_obtained":[{"floor":2,"key":"DistilledChaos"},{"floor":3,"key":"Energy Potion"},{"floor":10,"key":"SteroidPotion"},{"floor":18,"key":"CultistPotion"},{"floor":31,"key":"BloodPotion"}],"is_trial":false,"path_per_floor":["M","M","M","M","M","R","M","E","T","M","E","$","?","M","R","B",null,"M","?","?","M","$","E","M","?","T","T","R","M","R","M","R","B"],"character_chosen":"IRONCLAD","basemod:card_modifiers":[null,null,null,null,null,null,null,null,null,null,null,null,null,null,null,null,null,null,null,null,null,null],"items_purchased":["Dark Embrace"],"campfire_rested":2,"item_purchase_floors":[12],"current_hp_per_floor":[68,60,60,54,56,56,43,34,34,36,39,39,39,35,35,38,61,54,54,54,51,51,34,33,14,14,14,35,27,48,54,54,0],"gold":206,"neow_bonus":"REMOVE_TWO","is_prod":false,"is_daily":false,"rewards_skipped":[{"floor":4,"relics":[],"potions":["Weak Potion"]},{"floor":14,"relics":[],"potions":["ColorlessPotion"]},{"floor":16,"relics":[],"potions":["ColorlessPotion"]}],"chose_seed":false,"campfire_upgraded":3,"win_rate":0,"floor_exit_playtime":[54,82,100,139,180,188,226,274,276,294,320,339,342,367,372,439,455,495,499,502,567,587,687,746,756,759,761,767,831,834,876,887],"timestamp":1698883591,"path_taken":["M","?","M","M","M","R","?","E","T","M","E","$","?","M","R","BOSS","M","?","?","M","$","E","M","?","T","?","R","?","R","M","R","BOSS"],"build_version":"2022-12-18","purchased_purges":2,"victory":false,"max_hp_per_floor":[68,68,68,68,68,68,68,68,68,68,68,68,68,68,68,68,68,68,68,68,68,68,68,68,73,73,73,73,73,73,73,73,73],"relic_stats":{"counters":[18,67],"Charon\u0027s Ashes":[87],"Kunai":[6],"Orichalcum":[84],"Ancient Tea Set":[8],"obtain_stats":[{"Potion Belt":23,"Lantern":27,"Charon\u0027s Ashes":11,"Kunai":26,"Orichalcum":13,"Ancient Tea Set":8,"Burning Blood":0,"Akabeko":9,"Runic Pyramid":17},{"Potion Belt":14,"Lantern":15,"Charon\u0027s Ashes":9,"Kunai":15,"Orichalcum":9,"Ancient Tea Set":7,"Burning Blood":0,"Akabeko":7,"Runic Pyramid":11},{"Potion Belt":49,"Lantern":53,"Charon\u0027s Ashes":31,"Kunai":53,"Orichalcum":31,"Ancient Tea Set":27,"Burning Blood":0,"Akabeko":27,"Runic Pyramid":39}],"Burning Blood":102},"card_choices":[{"not_picked":["Thunderclap","Shockwave"],"picked":"Sword Boomerang","floor":1},{"not_picked":["Entrench","Thunderclap"],"picked":"Uppercut","floor":2},{"not_picked":["Sword Boomerang","Uppercut"],"picked":"Headbutt","floor":3},{"not_picked":["Ghostly Armor","Rampage"],"picked":"Bludgeon","floor":4},{"not_picked":["Sword Boomerang","Infernal Blade"],"picked":"Armaments","floor":5},{"not_picked":["Body Slam","Iron Wave","Headbutt"],"picked":"SKIP","floor":7},{"not_picked":["Sentinel","True Grit"],"picked":"Pommel Strike","floor":8},{"not_picked":["Clash","Disarm"],"picked":"Bloodletting","floor":10},{"not_picked":["Perfected Strike","Double Tap","Wild Strike"],"picked":"SKIP","floor":11},{"not_picked":["Dark Embrace","Reckless Charge"],"picked":"Burning Pact","floor":14},{"not_picked":["Brutality","Bludgeon"],"picked":"Offering","floor":16},{"not_picked":["True Grit","Uppercut"],"picked":"Pommel Strike","floor":18},{"not_picked":["Bloodletting","Rage"],"picked":"Anger","floor":21},{"not_picked":["Evolve+1","Headbutt+1"],"picked":"Burning Pact","floor":23},{"not_picked":["Seeing Red","Armaments"],"picked":"Spot Weakness","floor":24},{"not_picked":["Entrench","Dual Wield"],"picked":"Pummel+1","floor":29},{"not_picked":["Sword Boomerang","Thunderclap+1","Hemokinesis"],"picked":"SKIP","floor":31}],"player_experience":2217063,"relics_obtained":[{"floor":8,"key":"Ancient Tea Set"},{"floor":9,"key":"Akabeko"},{"floor":11,"key":"Charon\u0027s Ashes"},{"floor":23,"key":"Potion Belt"},{"floor":26,"key":"Kunai"},{"floor":27,"key":"Lantern"}],"event_choices":[{"damage_healed":0,"gold_gain":0,"player_choice":"Paid Gold","damage_taken":0,"relics_obtained":["Orichalcum"],"max_hp_gain":0,"max_hp_loss":0,"event_name":"WeMeetAgain","floor":13,"gold_loss":94},{"damage_healed":0,"gold_gain":0,"player_choice":"Simplicity","damage_taken":0,"max_hp_gain":0,"max_hp_loss":0,"event_name":"Back to Basics","floor":19,"gold_loss":0,"cards_upgraded":["Strike_R","Strike_R","Strike_R","Defend_R","Defend_R","Defend_R"]},{"damage_healed":0,"gold_gain":0,"player_choice":"Ignored","damage_taken":0,"max_hp_gain":0,"max_hp_loss":0,"event_name":"Ghosts","floor":20,"gold_loss":0},{"damage_healed":0,"gold_gain":0,"player_choice":"Shed Blood","damage_taken":24,"max_hp_gain":5,"max_hp_loss":0,"event_name":"Forgotten Altar","floor":25,"gold_loss":0}],"is_beta":false,"boss_relics":[{"not_picked":["Black Star","Empty Cage"],"picked":"Runic Pyramid"}],"items_purged_floors":[12,22],"is_endless":false,"potions_floor_spawned":[2,3,4,10,14,16,18,31],"killed_by":"Automaton","ascension_level":20,"potion_discard_per_floor":[[],[],[],[],[],[],[],[],[],[],[],[],[],[],[],[],[],["SteroidPotion"],[],[],[],[],[],[],[],[],[],[],[],[],[],[],[]]}