{"neow_bonuses_skipped_log":["UPGRADE_CARD","THREE_ENEMY_KILL","BOSS_RELIC"],"potions_obtained_entropic_brew":[[],[],[],[],[],[],[],[],[],[],[],[],[],[],[],[],[],[],[],[],[],[],[],[],[],[],[],[],[],[],[],[],[],[],[],[],[],[],[],[],[],[],[],[],[],[],[],[],[],[],[],[],[],[],[],[],[]],"neow_costs_skipped_log":["NONE","NONE","NONE"],"gold_per_floor":[115,128,142,156,27,27,27,55,109,127,143,175,190,40,40,116,116,136,153,165,80,80,80,96,121,121,136,155,172,172,198,198,274,274,288,308,308,308,308,308,335,335,335,335,369,387,46,71,71,71,71,71,71,71,99,99],"floor_reached":57,"playtime":2277,"items_purged":["Strike_R","Strike_R"],"score":2878,"play_id":"9986eda0-1d31-46bb-9254-69bdffcab0fe","local_time":"20231101204516","score_breakdown":["Floors Climbed (57): 285","Enemies Slain (17): 34","Exordium Elites Killed (2): 20","City Elites Killed (2): 40","Beyond Elites Killed (2): 60","Bosses Slain (5): 750","Light Speed: 50","Highlander: 100","Champion (1): 25","C-c-c-combo: 25","Ascension (20): 1239","Heartbreaker: 250"],"is_ascension_mode":true,"potions_obtained_alchemize":[[],[],[],[],[],[],[],[],[],[],[],[],[],[],[],[],[],[],[],[],[],[],[],[],[],[],[],[],[],[],[],[],[],[],[],[],[],[],[],[],[],[],[],[],[],[],[],[],[],[],[],[],[],[],[],[],[]],"campfire_choices":[{"data":"Fiend Fire","floor":7.0,"key":"SMITH"},{"data":"Barricade","floor":15.0,"key":"SMITH"},{"data":"Impervious","floor":23.0,"key":"SMITH"},{"floor":30.0,"key":"REST"},{"data":"Armaments","floor":32.0,"key":"SMITH"},{"data":"Feel No Pain","floor":40.0,"key":"SMITH"},{"data":"Evolve","floor":42.0,"key":"SMITH"},{"data":"Inflame","floor":44.0,"key":"SMITH"},{"floor":49,"key":"RECALL"},{"data":"Shockwave","floor":53,"key":"SMITH"}],"lesson_learned_per_floor":[[],[],[],[],[],[],[],[],[],[],[],[],[],[],[],[],[],[],[],[],[],[],[],[],[],[],[],[],[],[],[],[],[],[],[],[],[],[],[],[],[],[],[],[],[],[],[],[],[],[],[],[],[],[],[],[],[]],"neow_cost":"PERCENT_DAMAGE","improvable_cards":{},"seed_source_timestamp":3952345350379000,"shop_contents":[{"floor":5,"relics":["Pantograph","FossilizedHelix","Cauldron"],"cards":["Pommel Strike","True Grit","Armaments","Brutality","Dramatic Entrance","Metamorphosis"],"potions":["BlessingOfTheForge","Explosive Potion"]},{"floor":14,"relics":["Toy Ornithopter","Juzu Bracelet","Membership Card"],"cards":["Heavy Blade","Perfected Strike","Havoc","Double Tap","Forethought","Magnetism"],"potions":["Fruit Juice","Swift Potion","EntropicBrew"]},{"floor":47,"relics":["Bag of Marbles","Champion Belt"],"cards":["Pommel Strike","Reckless Charge","Dual Wield","Inflame","Blind","Secret Weapon"],"potions":["FearPotion","Strength Potion","BlessingOfTheForge"]},{"floor":54,"relics":["Pocketwatch","War Paint","Strange Spoon"],"cards":["Blood for Blood","Cleave","Burning Pact","Power Through","Evolve","Purity","Magnetism"],"potions":["Weak Potion","Ancient Potion","Block Potion"]}],"circlet_count":0,"master_deck":["AscendersBane","Strike_R","Strike_R","Strike_R","Defend_R","Defend_R","Defend_R","Defend_R","Bash","Secret Weapon","Iron Wave","Whirlwind+1","Hemokinesis","Fiend Fire+1","Barricade+1","Inflame+1","Armaments+1","Flame Barrier","Evolve+1","Impervious+1","Clothesline","Reaper","Feel No Pain+1","Corruption","Seeing Red+1","Sentinel+1","Shockwave+1","True Grit"],"special_seed":0,"potion_use_per_floor":[[],[],[],[],[],[],[],[],[],[],[],["Swift Potion"],[],[],[],["Fire Potion"],[],[],[],[],[],[],[],[],["AttackPotion"],[],[],[],[],[],[],[],["EssenceOfSteel","Weak Potion"],[],[],[],[],[],[],[],[],[],[],[],[],[],[],[],[],[],[],[],[],[],["DistilledChaos"],["EssenceOfSteel","FairyPotion"],[]],"relics":["Burning Blood","White Beast Statue","Akabeko","Red Skull","Snecko Eye","Vajra","Letter Opener","Eternal Feather","Coffee Dripper","Dead Branch","Pen Nib","Brimstone","Magic Flower","Bronze Scales"],"potions_floor_usage":[55,56],"damage_taken":[{"damage":2.0,"enemies":"Cultist","floor":1.0,"turns":4.0},{"damage":12.0,"enemies":"Small Slimes","floor":2.0,"turns":4.0},{"damage":5.0,"enemies":"2 Louse","floor":3.0,"turns":4.0},{"damage":11.0,"enemies":"2 Fungi Beasts","floor":4.0,"turns":3.0},{"damage":10.0,"enemies":"Gremlin Nob","floor":8.0,"turns":3.0},{"damage":2.0,"enemies":"3 Louse","floor":10.0,"turns":2.0},{"damage":0.0,"enemies":"Blue Slaver","floor":11.0,"turns":1.0},{"damage":25.0,"enemies":"Lagavulin","floor":12.0,"turns":6.0},{"damage":0.0,"enemies":"Exordium Wildlife","floor":13.0,"turns":1.0},{"damage":24.0,"enemies":"Slime Boss","floor":16.0,"turns":7.0},{"damage":9.0,"enemies":"2 Thieves","floor":18.0,"turns":4.0},{"damage":12.0,"enemies":"Chosen","floor":19.0,"turns":3.0},{"damage":28.0,"enemies":"Snake Plant","floor":20.0,"turns":3.0},{"damage":0.0,"enemies":"Cultist and Chosen","floor":24.0,"turns":4.0},{"damage":34.0,"enemies":"Gremlin Leader","floor":25.0,"turns":5.0},{"damage":0.0,"enemies":"Sentry and Sphere","floor":27.0,"turns":1.0},{"damage":4.0,"enemies":"Centurion and Healer","floor":28.0,"turns":3.0},{"damage":0.0,"enemies":"Snake Plant","floor":29.0,"turns":2.0},{"damage":31.0,"enemies":"Book of Stabbing","floor":31.0,"turns":4.0},{"damage":20.0,"enemies":"Champ","floor":33.0,"turns":16.0},{"damage":0.0,"enemies":"Orb Walker","floor":35.0,"turns":3.0},{"damage":46.0,"enemies":"3 Darklings","floor":36.0,"turns":5.0},{"damage":47.0,"enemies":"Reptomancer","floor":41.0,"turns":5.0},{"damage":6.0,"enemies":"Giant Head","floor":45.0,"turns":1.0},{"damage":0,"enemies":"Jaw Worm Horde","floor":46,"turns":2},{"damage":31,"enemies":"Mind Bloom Boss Battle","floor":48,"turns":3},{"damage":32,"enemies":"Time Eater","floor":50,"turns":5},{"damage":25,"enemies":"Donu and Deca","floor":51,"turns":3},{"damage":25,"enemies":"Shield and Spear","floor":55,"turns":5},{"damage":86,"enemies":"The Heart","floor":56,"turns":8}],"green_key_taken_log":45,"seed_played":"6725815081568464912","neow_bonus_log":{"cardsObtained":[],"cardsUpgraded":[],"cardsRemoved":[],"cardsTransformed":[],"relicsObtained":[],"maxHpGained":0,"goldGained":0,"damageTaken":18,"goldLost":0,"maxHpLost":0},"potions_obtained":[{"floor":1.0,"key":"Dexterity Potion"},{"floor":8.0,"key":"Swift Potion"},{"floor":12.0,"key":"AttackPotion"},{"floor":16.0,"key":"ColorlessPotion"},{"floor":20.0,"key":"Weak Potion"},{"floor":25.0,"key":"EssenceOfSteel"},{"floor":33.0,"key":"DistilledChaos"},{"floor":35.0,"key":"Fire Potion"},{"floor":41.0,"key":"FairyPotion"},{"floor":55,"key":"EssenceOfSteel"}],"is_trial":false,"path_per_floor":["M","M","M","M","$","?","R","E","T","M","M","E","M","$","R","B",null,"M","M","M","?","?","R","M","E","T","M","M","M","R","E","R","B",null,"M","M","?","?","?","R","E","R","T","R","E","M","$","?","R","B","B",null,"R","$","E","B",null],"character_chosen":"IRONCLAD","basemod:card_modifiers":[null,null,null,null,null,null,null,null,null,null,null,null,null,null,null,null,null,null,null,null,null,null,null,null,null,null,null,null],"items_purchased":["Fiend Fire","Fire Potion","Evolve","Brimstone","Shockwave"],"campfire_rested":1,"item_purchase_floors":[5,5,14,47,47],"current_hp_per_floor":[54,48,49,44,44,44,44,40,40,44,50,31,37,37,37,19,61,58,52,30,30,30,30,36,8,8,14,16,22,56,31,43,37,66,72,47,47,47,47,62,30,45,45,60,60,71,71,46,61,71,55,67,71,71,71,71],"gold":99,"neow_bonus":"RANDOM_COLORLESS_2","is_prod":false,"is_daily":false,"rewards_skipped":[{"floor":10,"relics":[],"potions":["LiquidBronze"]},{"floor":11,"relics":[],"potions":["PowerPotion"]},{"floor":13,"relics":[],"potions":["ColorlessPotion"]},{"floor":18,"relics":[],"potions":["SpeedPotion"]},{"floor":19,"relics":[],"potions":["Explosive Potion"]},{"floor":24,"relics":[],"potions":["AttackPotion"]},{"floor":27,"relics":[],"potions":["Dexterity Potion"]},{"floor":28,"relics":[],"potions":["AttackPotion"]},{"floor":29,"relics":[],"potions":["EntropicBrew"]},{"floor":31,"relics":["Bottled Flame"],"potions":["AttackPotion"]},{"floor":36,"relics":[],"potions":["Dexterity Potion"]},{"floor":45,"relics":[],"potions":["FearPotion"]},{"floor":46,"relics":[],"potions":["ColorlessPotion"]},{"floor":48,"relics":[],"potions":["ColorlessPotion"]}],"chose_seed":false,"campfire_upgraded":8,"win_rate":0,"floor_exit_playtime":[206,251,280,317,326,331,337,366,371,397,413,477,489,504,516,616,721,784,828,874,876,880,895,933,1012,1015,1048,1089,1111,1115,1189,1207,1382,1395,1430,1526,1530,1533,1537,1544,1614,1624,1627,1635,1702,1739,1750,1810,1814,1891,1991,2003,2012,2021,2127,2277],"timestamp":1698885916,"blue_key_relic_skipped_log":{"floor":43,"relicID":"Smiling Mask"},"path_taken":["M","M","?","M","$","?","R","E","T","M","M","E","M","?","R","BOSS","M","M","M","?","?","R","M","E","T","M","M","M","R","E","R","BOSS","M","M","?","?","?","R","E","R","T","R","E","M","$","?","R","BOSS","BOSS","R","$","E","BOSS"],"build_version":"2022-12-18","purchased_purges":2,"victory":true,"max_hp_per_floor":[75,75,75,75,75,75,75,75,75,75,75,75,75,75,75,75,75,75,75,75,75,75,75,75,75,75,75,75,75,75,75,75,75,75,75,75,71,71,71,71,71,71,71,71,71,71,71,71,71,71,71,71,71,71,71,71],"relic_stats":{"counters":[30,120],"Dead Branch":[197],"Bronze Scales":[96],"Snecko Eye":[116,134,130,143,-157],"Magic Flower":[42],"Eternal Feather":88,"Pen Nib":[5],"Letter Opener":[131],"obtain_stats":[{"Dead Branch":41,"Vajra":21,"Magic Flower":48,"Eternal Feather":26,"Pen Nib":45,"Letter Opener":25,"Burning Blood":0,"White Beast Statue":8,"Akabeko":9,"Brimstone":47,"Bronze Scales":55,"Snecko Eye":17,"Coffee Dripper":34,"Red Skull":12},{"Dead Branch":23,"Vajra":13,"Magic Flower":26,"Eternal Feather":15,"Pen Nib":24,"Letter Opener":15,"Burning Blood":0,"White Beast Statue":5,"Akabeko":5,"Brimstone":25,"Bronze Scales":29,"Snecko Eye":10,"Coffee Dripper":20,"Red Skull":8},{"Dead Branch":93,"Vajra":45,"Magic Flower":99,"Eternal Feather":54,"Pen Nib":94,"Letter Opener":54,"Burning Blood":0,"White Beast Statue":18,"Akabeko":18,"Brimstone":96,"Bronze Scales":112,"Snecko Eye":35,"Coffee Dripper":80,"Red Skull":27}],"Burning Blood":165,"White Beast Statue":[0.0,0.0,0.0,0.4,0.0,0.6000000000000001,0.0,0.0,0.0,0.0,0.0,10.084759091200004]},"card_choices":[{"not_picked":["Secret Technique","Transmutation"],"picked":"Secret Weapon","floor":0.0},{"not_picked":["Havoc","Warcry"],"picked":"Iron Wave","floor":1.0},{"not_picked":["Iron Wave","True Grit","Body Slam"],"picked":"SKIP","floor":2.0},{"not_picked":["Body Slam","Reckless Charge"],"picked":"Whirlwind","floor":3.0},{"not_picked":["Cleave","Shrug It Off"],"picked":"Hemokinesis","floor":4.0},{"not_picked":["Searing Blow","Anger"],"picked":"Barricade","floor":8.0},{"not_picked":["Evolve","Perfected Strike"],"picked":"Inflame","floor":10.0},{"not_picked":["Clash","Infernal Blade","Cleave"],"picked":"SKIP","floor":11.0},{"not_picked":["Warcry","Fire Breathing"],"picked":"Armaments","floor":12.0},{"not_picked":["Headbutt","Warcry"],"picked":"Flame Barrier","floor":13.0},{"not_picked":["Offering","Brutality"],"picked":"Impervious","floor":16.0},{"not_picked":["Havoc","Thunderclap","Warcry"],"picked":"SKIP","floor":18.0},{"not_picked":["Perfected Strike","Heavy Blade","Pommel Strike"],"picked":"SKIP","floor":19.0},{"not_picked":["Anger","Headbutt"],"picked":"Clothesline","floor":20.0},{"not_picked":["Havoc+1","Intimidate","Anger"],"picked":"SKIP","floor":24.0},{"not_picked":["Fire Breathing","Warcry"],"picked":"Reaper","floor":25.0},{"not_picked":["Wild Strike","Armaments","Headbutt"],"picked":"SKIP","floor":27.0},{"not_picked":["True Grit","Flex","Sever Soul"],"picked":"SKIP","floor":28.0},{"not_picked":["True Grit","Flex","Sever Soul"],"picked":"SKIP","floor":28.0},{"not_picked":["Rupture","Bloodletting"],"picked":"Feel No Pain","floor":29.0},{"not_picked":["Armaments","Searing Blow","Body Slam"],"picked":"SKIP","floor":31.0},{"not_picked":["Feed","Berserk"],"picked":"Corruption","floor":33.0},{"not_picked":["True Grit","Reckless Charge"],"picked":"Seeing Red+1","floor":35.0},{"not_picked":["Clash+1","Seeing Red","Havoc"],"picked":"SKIP","floor":36.0},{"not_picked":["Headbutt","Flex","Intimidate"],"picked":"SKIP","floor":41.0},{"not_picked":["Seeing Red+1","Iron Wave+1"],"picked":"Sentinel+1","floor":45.0},{"not_picked":["Cleave+1","Clothesline","Sword Boomerang+1"],"picked":"SKIP","floor":46},{"not_picked":["Pommel Strike","Clothesline","Perfected Strike+1"],"picked":"SKIP","floor":48},{"not_picked":["Infernal Blade","Brutality"],"picked":"True Grit","floor":55}],"player_experience":2218060,"relics_obtained":[{"floor":8.0,"key":"White Beast Statue"},{"floor":9.0,"key":"Akabeko"},{"floor":12.0,"key":"Red Skull"},{"floor":25.0,"key":"Letter Opener"},{"floor":26.0,"key":"Eternal Feather"},{"floor":41.0,"key":"Dead Branch"},{"floor":45.0,"key":"Pen Nib"},{"floor":48,"key":"Magic Flower"},{"floor":55,"key":"Bronze Scales"}],"event_choices":[{"damage_healed":0.0,"max_hp_gain":0.0,"max_hp_loss":0.0,"gold_gain":0.0,"event_name":"Upgrade Shrine","player_choice":"Upgraded","floor":6.0,"gold_loss":0.0,"damage_taken":0.0,"cards_upgraded":["Whirlwind"]},{"damage_healed":0.0,"max_hp_gain":0.0,"max_hp_loss":0.0,"gold_gain":0.0,"event_name":"Addict","player_choice":"Obtained Relic","floor":21.0,"gold_loss":85.0,"damage_taken":0.0,"relics_obtained":["Vajra"]},{"damage_healed":0.0,"max_hp_gain":0.0,"max_hp_loss":0.0,"gold_gain":0.0,"event_name":"The Mausoleum","player_choice":"Ignored","floor":22.0,"gold_loss":0.0,"damage_taken":0.0},{"damage_healed":0.0,"max_hp_gain":0.0,"max_hp_loss":4.0,"gold_gain":0.0,"event_name":"Winding Halls","player_choice":"Max HP","floor":37.0,"gold_loss":0.0,"damage_taken":0.0},{"damage_healed":0.0,"max_hp_gain":0.0,"max_hp_loss":0.0,"gold_gain":0.0,"event_name":"Tomb of Lord Red Mask","player_choice":"Ignored","floor":38.0,"gold_loss":0.0,"damage_taken":0.0},{"damage_healed":0.0,"max_hp_gain":0.0,"max_hp_loss":0.0,"gold_gain":0.0,"event_name":"Mysterious Sphere","player_choice":"Ignored","floor":39.0,"gold_loss":0.0,"damage_taken":0.0},{"damage_healed":0,"gold_gain":0,"player_choice":"Fight","damage_taken":0,"max_hp_gain":0,"max_hp_loss":0,"event_name":"MindBloom","floor":48,"gold_loss":0}],"is_beta":false,"boss_relics":[{"not_picked":["Sozu","Pandora\u0027s Box"],"picked":"Snecko Eye"},{"not_picked":["Black Blood","Philosopher\u0027s Stone"],"picked":"Coffee Dripper"}],"items_purged_floors":[14,47],"is_endless":false,"potions_floor_spawned":[1,8,10,11,12,13,16,18,19,20,24,25,27,28,29,31,33,35,36,41,45,46,48,55],"ascension_level":20,"potion_discard_per_floor":[[],[],[],[],[],[],[],["Dexterity Potion"],[],[],[],[],[],[],[],[],[],[],[],["ColorlessPotion"],[],[],[],[],[],[],[],[],[],[],[],[],[],[],[],[],[],[],[],[],["Fire Potion"],[],[],[],[],[],[],[],[],[],[],[],[],[],[],[],[]]}