{"neow_bonuses_skipped_log":["TRANSFORM_CARD","THREE_SMALL_POTIONS","BOSS_RELIC"],"neow_costs_skipped_log":["NONE","NONE","NONE"],"potions_obtained_entropic_brew":[[],[],[],[],[],[],[],[],[],[],[],[],[],[],[],[],[],[],[],[],[],[],[],[],[],[],[],[],[],[],[],[],[],[],[],[],[],[],[],[],[],[],[],[],[],[],[],[],[],[],[]],"gold_per_floor":[113,23,23,34,44,78,78,97,97,110,122,137,164,164,164,242,242,257,270,270,289,82,82,111,111,134,146,146,146,164,174,174,250,250,263,1262,834,880,669,704,722,797,797,797,815,815,829,857,857,857,857],"floor_reached":51,"playtime":2313,"items_purged":["Strike_R","Normality","Normality"],"score":1403,"play_id":"55b1b10f-80a4-4548-bcd8-fedc4d2b2434","local_time":"20231024211625","score_breakdown":["Floors Climbed (51): 255","Enemies Slain (17): 34","Exordium Elites Killed (2): 20","City Elites Killed (1): 20","Beyond Elites Killed (2): 60","Bosses Slain (3): 300","Money Money (1734): 25","Ascension (20): 689"],"is_ascension_mode":true,"potions_obtained_alchemize":[[],[],[],[],[],[],[],[],[],[],[],[],[],[],[],[],[],[],[],[],[],[],[],[],[],[],[],[],[],[],[],[],[],[],[],[],[],[],[],[],[],[],[],[],[],[],[],[],[],[],[]],"campfire_choices":[{"data":"Apotheosis","floor":7.0,"key":"SMITH"},{"data":"Feel No Pain","floor":15.0,"key":"SMITH"},{"floor":23.0,"key":"REST"},{"floor":25.0,"key":"REST"},{"floor":32.0,"key":"REST"},{"floor":49,"key":"RECALL"}],"lesson_learned_per_floor":[[],[],[],[],[],[],[],[],[],[],[],[],[],[],[],[],[],[],[],[],[],[],[],[],[],[],[],[],[],[],[],[],[],[],[],[],[],[],[],[],[],[],[],[],[],[],[],[],[],[],[]],"neow_cost":"PERCENT_DAMAGE","improvable_cards":{},"seed_source_timestamp":3263009293362700,"shop_contents":[{"floor":2,"relics":["Singing Bowl","Akabeko","Sling"],"cards":["Sword Boomerang","Power Through","Flame Barrier","Rupture","Dramatic Entrance","Apotheosis"],"potions":["Swift Potion","PowerPotion","Energy Potion"]},{"floor":22,"relics":["Mango","Magic Flower","PrismaticShard"],"cards":["Reckless Charge","Twin Strike","Warcry","Shrug It Off","Panacea","Transmutation"],"potions":["SpeedPotion","Dexterity Potion"]},{"floor":37,"relics":["Molten Egg 2","Centennial Puzzle"],"cards":["Carnage","Double Tap","Second Wind","Rupture","Swift Strike","Metamorphosis"],"potions":["SmokeBomb","Weak Potion","SkillPotion"]},{"floor":39,"relics":["Strawberry","Juzu Bracelet","Frozen Eye"],"cards":["Pummel","Immolate","Shrug It Off","True Grit","Fire Breathing","Bandage Up","Secret Weapon"],"potions":["Regen Potion","GamblersBrew"]}],"circlet_count":0,"master_deck":["AscendersBane","Strike_R+1","Strike_R+1","Strike_R+1","Strike_R+1","Defend_R+1","Defend_R+1","Defend_R+1","Defend_R+1","Bash","Apotheosis+1","Power Through","Uppercut","Feel No Pain+1","Anger","Carnage","Corruption","Shrug It Off","Seeing Red","Warcry+1","Dark Embrace","Evolve+1","Spot Weakness","Limit Break","Second Wind","Reaper","Headbutt+1","Bloodletting+1","Pommel Strike+1","Intimidate","Dual Wield"],"special_seed":0,"potion_use_per_floor":[[],[],[],[],[],["BloodPotion"],[],[],[],[],[],["GamblersBrew"],[],[],[],["Regen Potion"],[],["Swift Potion"],[],[],[],[],[],["PowerPotion","Fire Potion"],[],[],[],[],[],[],["Fire Potion"],[],["Dexterity Potion"],[],[],[],[],["Explosive Potion"],[],[],[],[],[],[],[],[],[],[],[],["LiquidMemories"],["FairyPotion"]],"relics":["Burning Blood","Toy Ornithopter","Art of War","Paper Frog","Boot","Fusion Hammer","Sundial","Gremlin Horn","Vajra","Mark of Pain","Brimstone","Turnip","Happy Flower","Blue Candle","Blood Vial"],"potions_floor_usage":[50],"damage_taken":[{"damage":18.0,"enemies":"Small Slimes","floor":1.0,"turns":4.0},{"damage":2.0,"enemies":"Cultist","floor":4.0,"turns":5.0},{"damage":5.0,"enemies":"2 Louse","floor":5.0,"turns":4.0},{"damage":26.0,"enemies":"3 Sentries","floor":6.0,"turns":13.0},{"damage":1.0,"enemies":"Red Slaver","floor":8.0,"turns":3.0},{"damage":22.0,"enemies":"Exordium Wildlife","floor":10.0,"turns":4.0},{"damage":3.0,"enemies":"Looter","floor":11.0,"turns":3.0},{"damage":7.0,"enemies":"Gremlin Gang","floor":12.0,"turns":6.0},{"damage":6.0,"enemies":"Gremlin Nob","floor":13.0,"turns":3.0},{"damage":24.0,"enemies":"Hexaghost","floor":16.0,"turns":9.0},{"damage":11.0,"enemies":"Chosen","floor":18.0,"turns":6.0},{"damage":17.0,"enemies":"3 Byrds","floor":19.0,"turns":7.0},{"damage":39.0,"enemies":"Shelled Parasite and Fungi","floor":21.0,"turns":6.0},{"damage":46.0,"enemies":"Slavers","floor":24.0,"turns":6.0},{"damage":21.0,"enemies":"Centurion and Healer","floor":27.0,"turns":7.0},{"damage":0.0,"enemies":"Cultist and Chosen","floor":30.0,"turns":6.0},{"damage":0.0,"enemies":"Sentry and Sphere","floor":31.0,"turns":5.0},{"damage":25.0,"enemies":"Champ","floor":33.0,"turns":16.0},{"damage":19.0,"enemies":"Orb Walker","floor":35.0,"turns":6.0},{"damage":0.0,"enemies":"2 Orb Walkers","floor":38.0,"turns":4.0},{"damage":1.0,"enemies":"Nemesis","floor":40.0,"turns":5.0},{"damage":26.0,"enemies":"3 Darklings","floor":41.0,"turns":4.0},{"damage":62,"enemies":"Sphere and 2 Shapes","floor":45,"turns":8},{"damage":51,"enemies":"4 Shapes","floor":47,"turns":3},{"damage":32,"enemies":"Giant Head","floor":48,"turns":5},{"damage":66,"enemies":"Time Eater","floor":50,"turns":7},{"damage":69,"enemies":"Donu and Deca","floor":51,"turns":4}],"green_key_taken_log":48,"seed_played":"-629278896363855474","neow_bonus_log":{"cardsObtained":[],"cardsUpgraded":[],"cardsRemoved":[],"cardsTransformed":[],"relicsObtained":[],"maxHpGained":0,"goldGained":0,"damageTaken":18,"goldLost":0,"maxHpLost":0},"potions_obtained":[{"floor":1.0,"key":"GamblersBrew"},{"floor":5.0,"key":"BloodPotion"},{"floor":6.0,"key":"BloodPotion"},{"floor":13.0,"key":"Regen Potion"},{"floor":16.0,"key":"Swift Potion"},{"floor":21.0,"key":"Fire Potion"},{"floor":27.0,"key":"Dexterity Potion"},{"floor":30.0,"key":"Fire Potion"},{"floor":31.0,"key":"SpeedPotion"},{"floor":33.0,"key":"Explosive Potion"},{"floor":45,"key":"FairyPotion"}],"is_trial":false,"path_per_floor":["M","$","?","M","M","E","R","M","T","M","M","M","E","?","R","B",null,"M","M","?","M","$","R","E","R","T","M","?","?","M","M","R","B",null,"M","?","$","?","$","E","M","T","T","?","M","?","M","E","R","B","B"],"character_chosen":"IRONCLAD","basemod:card_modifiers":[null,null,null,null,null,null,null,null,null,null,null,null,null,null,null,null,null,null,null,null,null,null,null,null,null,null,null,null,null,null,null],"items_purchased":["Uppercut","Dark Embrace","PowerPotion","Reaper","Brimstone","LiquidMemories"],"campfire_rested":3,"item_purchase_floors":[2,22,22,37,37,39],"current_hp_per_floor":[38,38,38,42,43,43,43,48,48,32,35,39,39,21,21,23,62,62,51,51,18,18,40,10,32,32,17,17,17,23,34,56,42,67,54,54,54,65,65,75,72,72,72,72,57,57,75,49,49,23,0],"gold":857,"neow_bonus":"RANDOM_COLORLESS_2","is_prod":false,"is_daily":false,"rewards_skipped":[{"floor":35,"relics":[],"potions":["Explosive Potion"]},{"floor":40,"relics":[],"potions":["AttackPotion"]},{"floor":47,"relics":[],"potions":["Strength Potion"]}],"chose_seed":false,"campfire_upgraded":2,"win_rate":0,"floor_exit_playtime":[46,64,81,119,153,258,265,289,293,330,354,425,448,452,460,522,621,672,759,764,824,836,840,910,913,916,996,1001,1006,1099,1155,1158,1351,1363,1445,1454,1470,1526,1542,1631,1703,1705,1708,1711,1826,1828,2025,2120,2123,2251],"timestamp":1698196585,"blue_key_relic_skipped_log":{"floor":42,"relicID":"InkBottle"},"path_taken":["M","$","?","M","M","E","R","M","T","?","M","M","E","?","R","BOSS","M","M","?","?","$","R","E","R","T","M","?","?","M","?","R","BOSS","M","?","$","?","$","E","M","?","T","?","?","?","M","E","R","BOSS","BOSS"],"build_version":"2022-12-18","purchased_purges":3,"victory":false,"max_hp_per_floor":[75,75,75,75,75,75,75,75,75,75,75,75,75,75,75,75,75,75,75,75,75,75,75,75,75,75,75,75,75,75,75,75,75,75,75,75,75,75,75,75,75,75,75,75,75,75,75,75,75,75,75],"relic_stats":{"Blood Vial":4,"Gremlin Horn":[11,11],"Happy Flower":[10],"counters":[27,159],"Sundial":[18],"Blue Candle":[2],"Turnip":[5],"Art of War":[19],"Boot":[29],"obtain_stats":[{"Gremlin Horn":24,"Happy Flower":40,"Blue Candle":43,"Vajra":26,"Boot":14,"Burning Blood":0,"Blood Vial":48,"Sundial":20,"Brimstone":37,"Fusion Hammer":17,"Mark of Pain":34,"Turnip":38,"Art of War":9,"Toy Ornithopter":6,"Paper Frog":13},{"Gremlin Horn":14,"Happy Flower":21,"Blue Candle":22,"Vajra":14,"Boot":9,"Burning Blood":0,"Blood Vial":25,"Sundial":12,"Brimstone":19,"Fusion Hammer":10,"Mark of Pain":18,"Turnip":20,"Art of War":5,"Toy Ornithopter":4,"Paper Frog":9},{"Gremlin Horn":79,"Happy Flower":128,"Blue Candle":132,"Vajra":79,"Boot":45,"Burning Blood":0,"Blood Vial":148,"Sundial":67,"Brimstone":119,"Fusion Hammer":54,"Mark of Pain":113,"Turnip":123,"Art of War":29,"Toy Ornithopter":26,"Paper Frog":45}],"Burning Blood":151,"Toy Ornithopter":50},"card_choices":[{"not_picked":["Transmutation","Panache"],"picked":"Apotheosis","floor":0.0},{"not_picked":["Sentinel","Armaments"],"picked":"Power Through","floor":1.0},{"not_picked":["Wild Strike","Heavy Blade","Thunderclap"],"picked":"SKIP","floor":4.0},{"not_picked":["Thunderclap","Sword Boomerang"],"picked":"Feel No Pain","floor":5.0},{"not_picked":["Infernal Blade","Wild Strike","Rage"],"picked":"SKIP","floor":6.0},{"not_picked":["Combust","Reckless Charge"],"picked":"Anger","floor":8.0},{"not_picked":["Ghostly Armor","Sever Soul"],"picked":"Carnage","floor":10.0},{"not_picked":["Carnage","Anger","Heavy Blade"],"picked":"SKIP","floor":11.0},{"not_picked":["Cleave","Iron Wave","Body Slam"],"picked":"SKIP","floor":12.0},{"not_picked":["Sword Boomerang","Carnage","Flex"],"picked":"SKIP","floor":13.0},{"not_picked":["Exhume","Immolate"],"picked":"Corruption","floor":16.0},{"not_picked":["Perfected Strike","Sever Soul"],"picked":"Shrug It Off","floor":18.0},{"not_picked":["Rupture","Disarm"],"picked":"Seeing Red","floor":19.0},{"not_picked":["Havoc","Pommel Strike"],"picked":"Warcry+1","floor":21.0},{"not_picked":["Metallicize","Warcry"],"picked":"Evolve+1","floor":24.0},{"not_picked":["Hemokinesis","Anger+1","Fire Breathing"],"picked":"SKIP","floor":27.0},{"not_picked":["Combust+1","Heavy Blade","Iron Wave"],"picked":"SKIP","floor":30.0},{"not_picked":["Flex","Shrug It Off"],"picked":"Spot Weakness","floor":31.0},{"not_picked":["Exhume","Impervious"],"picked":"Limit Break","floor":33.0},{"not_picked":["True Grit","Clash"],"picked":"Second Wind","floor":35.0},{"not_picked":["Clothesline","Cleave"],"picked":"Headbutt+1","floor":38.0},{"not_picked":["Body Slam","Disarm"],"picked":"Bloodletting+1","floor":40.0},{"not_picked":["True Grit","Thunderclap"],"picked":"Pommel Strike+1","floor":41.0},{"not_picked":["Heavy Blade","Juggernaut"],"picked":"Intimidate","floor":45},{"not_picked":["Clothesline","Headbutt","Flex"],"picked":"SKIP","floor":47},{"not_picked":["Whirlwind","Twin Strike"],"picked":"Dual Wield","floor":48}],"player_experience":2191108,"relics_obtained":[{"floor":6.0,"key":"Toy Ornithopter"},{"floor":9.0,"key":"Art of War"},{"floor":13.0,"key":"Paper Frog"},{"floor":24.0,"key":"Gremlin Horn"},{"floor":26.0,"key":"Vajra"},{"floor":38.0,"key":"Turnip"},{"floor":40.0,"key":"Happy Flower"},{"floor":43,"key":"Blue Candle"},{"floor":48,"key":"Blood Vial"}],"event_choices":[{"damage_healed":0.0,"max_hp_gain":0.0,"max_hp_loss":0.0,"gold_gain":0.0,"event_name":"Match and Keep!","player_choice":"1 cards matched","floor":3.0,"gold_loss":0.0,"damage_taken":0.0,"cards_obtained":["Decay"]},{"damage_healed":0.0,"max_hp_gain":0.0,"max_hp_loss":0.0,"gold_gain":0.0,"event_name":"Scrap Ooze","player_choice":"Success","floor":14.0,"gold_loss":0.0,"damage_taken":18.0,"relics_obtained":["Boot"]},{"damage_healed":0.0,"max_hp_gain":0.0,"max_hp_loss":0.0,"gold_gain":0.0,"event_name":"WeMeetAgain","player_choice":"Gave Potion","floor":20.0,"gold_loss":0.0,"damage_taken":0.0,"relics_obtained":["Sundial"]},{"damage_healed":0.0,"max_hp_gain":0.0,"max_hp_loss":0.0,"gold_gain":0.0,"event_name":"Back to Basics","player_choice":"Simplicity","floor":28.0,"gold_loss":0.0,"damage_taken":0.0,"cards_upgraded":["Strike_R","Strike_R","Strike_R","Strike_R","Defend_R","Defend_R","Defend_R","Defend_R"]},{"cards_removed":["Decay"],"damage_healed":0.0,"max_hp_gain":0.0,"max_hp_loss":0.0,"gold_gain":0.0,"event_name":"Purifier","player_choice":"Purged","floor":29.0,"gold_loss":0.0,"damage_taken":0.0},{"damage_healed":0.0,"max_hp_gain":0.0,"max_hp_loss":0.0,"gold_gain":999.0,"event_name":"MindBloom","player_choice":"Gold","floor":36.0,"gold_loss":0.0,"damage_taken":0.0,"cards_obtained":["Normality","Normality"]},{"damage_healed":0.0,"max_hp_gain":0.0,"max_hp_loss":0.0,"gold_gain":0.0,"event_name":"Mysterious Sphere","player_choice":"Fight","floor":38.0,"gold_loss":0.0,"damage_taken":0.0},{"damage_healed":0,"gold_gain":0,"player_choice":"Ignored","damage_taken":0,"max_hp_gain":0,"max_hp_loss":0,"event_name":"SecretPortal","floor":44,"gold_loss":0},{"damage_healed":0,"gold_gain":0,"player_choice":"Ignored","damage_taken":0,"max_hp_gain":0,"max_hp_loss":0,"event_name":"Tomb of Lord Red Mask","floor":46,"gold_loss":0}],"is_beta":false,"boss_relics":[{"not_picked":["Sozu","Cursed Key"],"picked":"Fusion Hammer"},{"not_picked":["Velvet Choker","Runic Cube"],"picked":"Mark of Pain"}],"items_purged_floors":[22,37,39],"is_endless":false,"potions_floor_spawned":[1,5,6,13,16,21,27,30,31,33,35,40,45,47],"killed_by":"Donu and Deca","ascension_level":20,"potion_discard_per_floor":[[],[],[],[],[],[],[],[],[],[],[],[],[],[],[],[],[],[],[],[],[],[],[],[],[],[],[],[],[],[],[],[],[],[],[],[],[],[],[],[],[],[],[],[],["SpeedPotion"],[],[],[],[],[],[]]}