{"neow_bonuses_skipped_log":["ONE_RANDOM_RARE_CARD","THREE_SMALL_POTIONS","BOSS_RELIC"],"neow_costs_skipped_log":["NONE","NONE","NONE"],"potions_obtained_entropic_brew":[[],[],[],[],[],[],[],[],[],[],[],[],[],[],[],[],[],[],[],[],[],[],[],[],[],[],[],[],[],[],[],[],[],[],[],[],[],[],[],[],[],[],[],[],[],[],[],[],[],[],[],[],[],[],[],[],[]],"gold_per_floor":[119,194,194,194,210,237,248,259,332,332,332,357,372,239,239,314,314,330,330,245,41,51,78,144,144,144,164,64,95,95,109,109,182,182,192,203,228,282,282,282,309,57,57,72,86,100,128,145,145,145,145,145,145,145,179,179],"floor_reached":57,"playtime":4005,"items_purged":["Strike_R","Strike_R","Strike_R"],"score":2724,"play_id":"259c9161-3120-4833-a5a2-e858253cb9e1","local_time":"20231101164505","falling_options_log":["Bash","Corruption+1"],"score_breakdown":["Floors Climbed (57): 285","Enemies Slain (16): 32","Exordium Elites Killed (2): 20","City Elites Killed (2): 40","Beyond Elites Killed (2): 60","Bosses Slain (5): 750","Librarian: 25","Well Fed: 25","Overkill: 25","Ascension (20): 1212","Heartbreaker: 250"],"is_ascension_mode":true,"potions_obtained_alchemize":[[],[],[],[],[],[],[],[],[],[],[],[],[],[],[],[],[],[],[],[],[],[],[],[],[],[],[],[],[],[],[],[],[],[],[],[],[],[],[],[],[],[],[],[],[],[],[],[],[],[],[],[],[],[],[],[],[]],"campfire_choices":[{"data":"Battle Trance","floor":11.0,"key":"SMITH"},{"data":"True Grit","floor":15.0,"key":"SMITH"},{"data":"Feel No Pain","floor":25.0,"key":"SMITH"},{"data":"Corruption","floor":30,"key":"SMITH"},{"data":"Spot Weakness","floor":32,"key":"SMITH"},{"floor":40,"key":"RECALL"},{"data":"Shockwave","floor":49,"key":"SMITH"},{"data":"Limit Break","floor":53,"key":"SMITH"}],"lesson_learned_per_floor":[[],[],[],[],[],[],[],[],[],[],[],[],[],[],[],[],[],[],[],[],[],[],[],[],[],[],[],[],[],[],[],[],[],[],[],[],[],[],[],[],[],[],[],[],[],[],[],[],[],[],[],[],[],[],[],[],[]],"neow_cost":"PERCENT_DAMAGE","improvable_cards":{},"seed_source_timestamp":3936138613436700,"shop_contents":[{"floor":14,"relics":["Calipers","Nunchaku","Frozen Eye"],"cards":["Wild Strike","Cleave","Rage","Rupture","Bandage Up","Metamorphosis"],"potions":["ElixirPotion","GamblersBrew","EssenceOfSteel"]},{"floor":21,"relics":["Blue Candle","WingedGreaves"],"cards":["Twin Strike","Pummel","Shrug It Off","True Grit","Impatience","Secret Technique"],"potions":["FearPotion","PowerPotion","PowerPotion"]},{"floor":28,"relics":["Magic Flower","Gremlin Horn","Chemical X"],"cards":["Sword Boomerang","Thunderclap","Armaments","Bloodletting","Rupture","Flash of Steel","Magnetism"],"potions":["LiquidBronze","SteroidPotion","DistilledChaos"]},{"floor":42,"relics":["Orichalcum","MealTicket","ClockworkSouvenir"],"cards":["Pommel Strike","Thunderclap","Inflame","Good Instincts","Metamorphosis"],"potions":["Fire Potion","BloodPotion","Block Potion"]},{"floor":54,"relics":["Strawberry","Mango","Medical Kit"],"cards":["Twin Strike","Carnage","Offering","Flex","Metallicize+1","Bandage Up","Thinking Ahead"],"potions":["BloodPotion","BlessingOfTheForge","Energy Potion"]}],"circlet_count":0,"master_deck":["AscendersBane","Defend_R","Defend_R","Defend_R","Bash","Apotheosis+1","Iron Wave","Reaper","Body Slam","Cleave","Blood for Blood","Battle Trance+1","Fiend Fire","Headbutt","True Grit+1","Corruption+1","Sever Soul","Carnage","Feel No Pain+1","Shrug It Off","Bloodletting","Warcry","Shrug It Off","Spot Weakness+1","Limit Break+1","Flame Barrier+1","True Grit+1","Pommel Strike+1","Feed","Shockwave+1","Sentinel","Shrug It Off+1","Shockwave","Spot Weakness+1","Anger"],"special_seed":0,"potion_use_per_floor":[[],[],[],[],[],["HeartOfIron"],[],[],[],[],[],[],[],[],[],["GamblersBrew"],[],[],[],[],[],[],["Dexterity Potion"],[],[],[],[],[],["Fruit Juice"],[],[],[],[],[],[],[],[],[],[],[],[],[],[],[],[],[],[],[],[],[],[],[],[],[],["SneckoOil"],["Strength Potion","FairyPotion"],[]],"relics":["Burning Blood","Unceasing Top","Pear","Toy Ornithopter","Runic Pyramid","Happy Flower","Toolbox","Lizard Tail","Bird Faced Urn","Matryoshka","Coffee Dripper","Charon\u0027s Ashes","CaptainsWheel","Lantern","Potion Belt","Frozen Egg 2","Thread and Needle"],"potions_floor_usage":[29,55,56],"damage_taken":[{"damage":4.0,"enemies":"Jaw Worm","floor":1.0,"turns":3.0},{"damage":6.0,"enemies":"Small Slimes","floor":5.0,"turns":5.0},{"damage":6.0,"enemies":"Lagavulin","floor":6.0,"turns":7.0},{"damage":0.0,"enemies":"Cultist","floor":7.0,"turns":4.0},{"damage":13.0,"enemies":"2 Fungi Beasts","floor":8.0,"turns":4.0},{"damage":29.0,"enemies":"Gremlin Nob","floor":12.0,"turns":4.0},{"damage":11.0,"enemies":"Looter","floor":13.0,"turns":3.0},{"damage":25.0,"enemies":"The Guardian","floor":16.0,"turns":10.0},{"damage":16.0,"enemies":"Spheric Guardian","floor":18.0,"turns":4.0},{"damage":5.0,"enemies":"3 Byrds","floor":22.0,"turns":5.0},{"damage":39.0,"enemies":"Slavers","floor":23.0,"turns":4.0},{"damage":0.0,"enemies":"Centurion and Healer","floor":24.0,"turns":5.0},{"damage":30.0,"enemies":"Snake Plant","floor":27.0,"turns":4.0},{"damage":11,"enemies":"Gremlin Leader","floor":29,"turns":5},{"damage":7,"enemies":"Snecko","floor":31,"turns":6},{"damage":33,"enemies":"Champ","floor":33,"turns":9},{"damage":14,"enemies":"Orb Walker","floor":35,"turns":4},{"damage":10,"enemies":"3 Shapes","floor":36,"turns":6},{"damage":3,"enemies":"Mind Bloom Boss Battle","floor":37,"turns":5},{"damage":25,"enemies":"2 Orb Walkers","floor":38,"turns":4},{"damage":24,"enemies":"Nemesis","floor":41,"turns":3},{"damage":11,"enemies":"Transient","floor":44,"turns":6},{"damage":3,"enemies":"Sphere and 2 Shapes","floor":45,"turns":3},{"damage":13,"enemies":"Jaw Worm Horde","floor":46,"turns":4},{"damage":21,"enemies":"Reptomancer","floor":47,"turns":7},{"damage":0,"enemies":"4 Shapes","floor":48,"turns":6},{"damage":42,"enemies":"Awakened One","floor":50,"turns":9},{"damage":58,"enemies":"Donu and Deca","floor":51,"turns":8},{"damage":33,"enemies":"Shield and Spear","floor":55,"turns":6},{"damage":148,"enemies":"The Heart","floor":56,"turns":9}],"green_key_taken_log":47,"seed_played":"-314857717421734228","neow_bonus_log":{"cardsObtained":[],"cardsUpgraded":[],"cardsRemoved":[],"cardsTransformed":[],"relicsObtained":[],"maxHpGained":0,"goldGained":0,"damageTaken":18,"goldLost":0,"maxHpLost":0},"potions_obtained":[{"floor":1.0,"key":"HeartOfIron"},{"floor":5.0,"key":"GamblersBrew"},{"floor":13.0,"key":"Dexterity Potion"},{"floor":16.0,"key":"SmokeBomb"},{"floor":18.0,"key":"Fruit Juice"},{"floor":24.0,"key":"FairyPotion"},{"floor":29,"key":"AttackPotion"},{"floor":38,"key":"DuplicationPotion"},{"floor":44,"key":"Strength Potion"},{"floor":45,"key":"SneckoOil"}],"is_trial":false,"path_per_floor":["M","?","?","?","M","E","M","M","T","?","R","E","M","$","R","B",null,"M","?","?","$","M","E","M","R","T","M","$","E","R","M","R","B",null,"M","M","?","?","?","R","E","$","T","M","M","M","E","M","R","B","B",null,"R","$","E","B",null],"character_chosen":"IRONCLAD","basemod:card_modifiers":[null,null,null,null,null,null,null,null,null,null,null,null,null,null,null,null,null,null,null,null,null,null,null,null,null,null,null,null,null,null,null,null,null,null,null],"items_purchased":["True Grit","Feel No Pain","Toolbox","Shockwave","Sentinel"],"campfire_rested":0,"item_purchase_floors":[14,21,21,42,42],"current_hp_per_floor":[52,41,41,41,49,56,66,59,69,69,69,50,49,49,49,35,73,63,63,63,63,70,57,68,68,68,51,51,71,71,82,82,72,86,90,88,90,75,75,75,74,74,74,81,87,90,94,98,98,98,102,102,102,102,99,22],"gold":179,"neow_bonus":"RANDOM_COLORLESS_2","is_prod":false,"is_daily":false,"rewards_skipped":[{"floor":41,"relics":[],"potions":["Swift Potion"]}],"chose_seed":false,"campfire_upgraded":7,"win_rate":0,"floor_exit_playtime":[40,43,49,68,121,181,221,263,266,271,278,332,360,391,398,534,1156,1238,1245,1250,1263,1363,1482,1543,1552,1559,1625,1652,1790,1800,1913,1920,2094,2117,2190,2308,2399,2466,2471,2485,2588,2603,2607,2741,2816,2898,3074,3155,3243,3458,3593,3604,3611,3650,3823,4005],"timestamp":1698871505,"blue_key_relic_skipped_log":{"floor":43,"relicID":"Toxic Egg 2"},"path_taken":["M","?","?","?","M","E","?","M","T","?","R","E","M","$","R","BOSS","M","?","?","?","M","E","M","R","T","?","$","E","R","M","R","BOSS","M","M","?","?","?","R","E","$","T","M","?","?","E","M","R","BOSS","BOSS","R","$","E","BOSS"],"build_version":"2022-12-18","purchased_purges":3,"victory":true,"max_hp_per_floor":[75,75,75,75,75,75,75,75,85,85,85,85,85,85,85,85,85,85,85,85,85,85,85,85,85,85,85,85,90,90,90,90,90,90,90,90,90,90,90,90,90,90,90,90,90,90,94,98,98,98,102,102,102,102,106,106],"relic_stats":{"Lizard Tail":0,"Matryoshka":1,"Happy Flower":[39],"counters":[30,162],"Bird Faced Urn":[60],"Charon\u0027s Ashes":[750],"obtain_stats":[{"Potion Belt":43,"Lantern":41,"Pear":9,"Happy Flower":20,"Thread and Needle":55,"Charon\u0027s Ashes":37,"Frozen Egg 2":47,"Burning Blood":0,"Lizard Tail":23,"CaptainsWheel":38,"Matryoshka":29,"Bird Faced Urn":26,"Toolbox":21,"Coffee Dripper":34,"Unceasing Top":6,"Toy Ornithopter":12,"Runic Pyramid":17},{"Potion Belt":21,"Lantern":21,"Pear":5,"Happy Flower":9,"Thread and Needle":29,"Charon\u0027s Ashes":19,"Frozen Egg 2":25,"Burning Blood":0,"Lizard Tail":11,"CaptainsWheel":20,"Matryoshka":14,"Bird Faced Urn":12,"Toolbox":9,"Coffee Dripper":16,"Unceasing Top":3,"Toy Ornithopter":6,"Runic Pyramid":8},{"Potion Belt":104,"Lantern":104,"Pear":23,"Happy Flower":44,"Thread and Needle":153,"Charon\u0027s Ashes":97,"Frozen Egg 2":124,"Burning Blood":0,"Lizard Tail":53,"CaptainsWheel":101,"Matryoshka":67,"Bird Faced Urn":58,"Toolbox":44,"Coffee Dripper":82,"Unceasing Top":15,"Toy Ornithopter":27,"Runic Pyramid":40}],"Burning Blood":147,"Unceasing Top":[11],"Toy Ornithopter":20},"card_choices":[{"not_picked":["Secret Weapon","Transmutation"],"picked":"Apotheosis","floor":0.0},{"not_picked":["Sword Boomerang","Burning Pact"],"picked":"Iron Wave","floor":1.0},{"not_picked":["Seeing Red","Sword Boomerang"],"picked":"Body Slam","floor":5.0},{"not_picked":["Anger","Iron Wave"],"picked":"Cleave","floor":6.0},{"not_picked":["Dark Embrace","Dual Wield"],"picked":"Blood for Blood","floor":7.0},{"not_picked":["Cleave","Metallicize"],"picked":"Battle Trance","floor":8.0},{"not_picked":["Disarm","Headbutt"],"picked":"Fiend Fire","floor":12.0},{"not_picked":["Cleave","Iron Wave"],"picked":"Headbutt","floor":13.0},{"not_picked":["Immolate","Double Tap"],"picked":"Corruption","floor":16.0},{"not_picked":["Rage+1","Cleave","Heavy Blade"],"picked":"SKIP","floor":18.0},{"not_picked":["Heavy Blade","Clash"],"picked":"Shrug It Off","floor":22.0},{"not_picked":["Armaments","Clash"],"picked":"Bloodletting","floor":23.0},{"not_picked":["Body Slam+1","Infernal Blade"],"picked":"Warcry","floor":24.0},{"not_picked":["Heavy Blade","Anger"],"picked":"Shrug It Off","floor":27.0},{"not_picked":["Sentinel","Rampage"],"picked":"Spot Weakness","floor":29},{"not_picked":["Shrug It Off","Twin Strike","Brutality"],"picked":"SKIP","floor":31},{"not_picked":["Immolate","Bludgeon"],"picked":"Limit Break","floor":33},{"not_picked":["Metallicize+1","Cleave+1"],"picked":"Flame Barrier+1","floor":35},{"not_picked":["Sword Boomerang","Clash"],"picked":"True Grit+1","floor":36},{"not_picked":["Thunderclap","Armaments","Clothesline"],"picked":"SKIP","floor":37},{"not_picked":["Iron Wave+1","Infernal Blade"],"picked":"Pommel Strike+1","floor":38},{"not_picked":["Flex","Thunderclap"],"picked":"Feed","floor":41},{"not_picked":["Entrench","Cleave+1","Twin Strike"],"picked":"SKIP","floor":44},{"not_picked":["Whirlwind","Havoc+1","Metallicize"],"picked":"SKIP","floor":45},{"not_picked":["Twin Strike","Clash"],"picked":"Shrug It Off+1","floor":46},{"not_picked":["Reckless Charge","Shrug It Off+1","Shockwave"],"picked":"SKIP","floor":47},{"not_picked":["Reckless Charge","Shrug It Off+1"],"picked":"Shockwave","floor":47},{"not_picked":["Shrug It Off","True Grit"],"picked":"Spot Weakness+1","floor":48},{"not_picked":["Juggernaut+1","Whirlwind+1"],"picked":"Anger","floor":55}],"player_experience":2213058,"relics_obtained":[{"floor":6.0,"key":"Unceasing Top"},{"floor":9.0,"key":"Pear"},{"floor":12.0,"key":"Toy Ornithopter"},{"floor":23.0,"key":"Lizard Tail"},{"floor":26.0,"key":"Bird Faced Urn"},{"floor":29,"key":"Matryoshka"},{"floor":37,"key":"Charon\u0027s Ashes"},{"floor":38,"key":"CaptainsWheel"},{"floor":41,"key":"Lantern"},{"floor":43,"key":"Potion Belt"},{"floor":47,"key":"Frozen Egg 2"},{"floor":55,"key":"Thread and Needle"}],"event_choices":[{"damage_healed":0.0,"max_hp_gain":0.0,"max_hp_loss":0.0,"gold_gain":75.0,"event_name":"World of Goop","player_choice":"Gather Gold","floor":2.0,"gold_loss":0.0,"damage_taken":11.0},{"damage_healed":0.0,"max_hp_gain":0.0,"max_hp_loss":0.0,"gold_gain":0.0,"event_name":"Living Wall","player_choice":"Grow","floor":3.0,"gold_loss":0.0,"damage_taken":0.0,"cards_upgraded":["Apotheosis"]},{"damage_healed":0.0,"max_hp_gain":0.0,"max_hp_loss":0.0,"gold_gain":0.0,"event_name":"Match and Keep!","player_choice":"1 cards matched","floor":4.0,"gold_loss":0.0,"damage_taken":0.0,"cards_obtained":["Reaper"]},{"damage_healed":0.0,"max_hp_gain":0.0,"max_hp_loss":0.0,"gold_gain":0.0,"event_name":"Liars Game","player_choice":"Ignored","floor":10.0,"gold_loss":0.0,"damage_taken":0.0},{"damage_healed":0.0,"max_hp_gain":0.0,"max_hp_loss":0.0,"gold_gain":0.0,"cards_transformed":["Strike_R","Strike_R"],"event_name":"Drug Dealer","player_choice":"Became Test Subject","floor":19.0,"gold_loss":0.0,"damage_taken":0.0,"cards_obtained":["Sever Soul","Carnage"]},{"damage_healed":0.0,"max_hp_gain":0.0,"max_hp_loss":0.0,"gold_gain":0.0,"event_name":"Addict","player_choice":"Obtained Relic","floor":20.0,"gold_loss":85.0,"damage_taken":0.0,"relics_obtained":["Happy Flower"]},{"damage_healed":0,"gold_gain":0,"player_choice":"Fight","damage_taken":0,"max_hp_gain":0,"max_hp_loss":0,"event_name":"MindBloom","floor":37,"gold_loss":0},{"damage_healed":0,"gold_gain":0,"player_choice":"Fight","damage_taken":0,"max_hp_gain":0,"max_hp_loss":0,"event_name":"Mysterious Sphere","floor":38,"gold_loss":0},{"cards_removed":["Defend_R"],"damage_healed":0,"gold_gain":0,"player_choice":"Removed Skill","damage_taken":0,"max_hp_gain":0,"max_hp_loss":0,"event_name":"Falling","floor":39,"gold_loss":0}],"is_beta":false,"boss_relics":[{"not_picked":["Pandora\u0027s Box","Tiny House"],"picked":"Runic Pyramid"},{"not_picked":["Cursed Key","Philosopher\u0027s Stone"],"picked":"Coffee Dripper"}],"items_purged_floors":[14,28,42],"is_endless":false,"potions_floor_spawned":[1,5,13,16,18,24,29,38,41,44,45],"ascension_level":20,"potion_discard_per_floor":[[],[],[],[],[],[],[],[],[],[],[],[],[],[],[],[],[],["SmokeBomb"],[],[],[],[],[],[],[],[],[],[],[],[],[],[],[],[],[],[],[],["AttackPotion"],[],[],[],[],[],[],[],[],[],[],[],[],[],[],[],[],[],[],[]]}