{"neow_bonuses_skipped_log":["TRANSFORM_CARD","TEN_PERCENT_HP_BONUS","BOSS_RELIC"],"neow_costs_skipped_log":["NONE","NONE","NONE"],"potions_obtained_entropic_brew":[[],[],[],[],[],[],[],[],[],[],[],[],[],[],[],[],[],[],[],[],[],[],[],["ColorlessPotion","PowerPotion"],[],[],[],[],[],[],[],[],[],[],[]],"gold_per_floor":[110,110,124,136,154,154,186,219,246,262,262,296,33,76,88,181,193,227,248,210,222,254,266,317,329,341,389,239,239,272,92,92,175,184,184],"floor_reached":35,"playtime":1431,"items_purged":["Strike_R","Strike_R","Strike_R"],"score":928,"play_id":"7a687b15-bb60-40ef-ac66-35ab15b61a61","local_time":"20231031003704","score_breakdown":["Floors Climbed (35): 175","Enemies Slain (7): 14","Exordium Elites Killed (4): 40","City Elites Killed (3): 60","Beyond Elites Killed (0): 0","Bosses Slain (2): 150","Champion (1): 25","Ascension (20): 464"],"is_ascension_mode":true,"potions_obtained_alchemize":[[],[],[],[],[],[],[],[],[],[],[],[],[],[],[],[],[],[],[],[],[],[],[],[],[],[],[],[],[],[],[],[],[],[],[]],"campfire_choices":[{"data":"Bludgeon","floor":6.0,"key":"SMITH"},{"data":"Blood for Blood","floor":11.0,"key":"SMITH"},{"data":"Bash","floor":15.0,"key":"SMITH"},{"data":"Barricade","floor":23.0,"key":"SMITH"},{"data":"Pommel Strike","floor":25.0,"key":"SMITH"},{"data":"Demon Form","floor":29.0,"key":"SMITH"},{"data":"Metallicize","floor":32.0,"key":"SMITH"}],"lesson_learned_per_floor":[[],[],[],[],[],[],[],[],[],[],[],[],[],[],[],[],[],[],[],[],[],[],[],[],[],[],[],[],[],[],[],[],[],[],[]],"neow_cost":"PERCENT_DAMAGE","improvable_cards":{},"seed_source_timestamp":0,"shop_contents":[{"floor":13,"relics":["Omamori","Vajra"],"cards":["Reckless Charge","Whirlwind","Infernal Blade","Flex","Swift Strike","Metamorphosis"],"potions":["FearPotion","ColorlessPotion"]},{"floor":28,"relics":["Blue Candle","HornCleat"],"cards":["Perfected Strike","Shrug It Off","Warcry","Fire Breathing","Swift Strike","HandOfGreed"],"potions":["ColorlessPotion","SkillPotion","BlessingOfTheForge"]},{"floor":31,"relics":["Mango","Bottled Flame"],"cards":["Hemokinesis","Twin Strike","Double Tap","Havoc","Jack Of All Trades","HandOfGreed"],"potions":["SpeedPotion","AttackPotion","DuplicationPotion"]}],"circlet_count":0,"master_deck":["AscendersBane","Defend_R","Defend_R","Defend_R","Bash+1","Armaments","Disarm+1","Headbutt","Metallicize+1","Clash","Bludgeon+1","Blood for Blood+1","Ghostly Armor","Pommel Strike+1","Metallicize","Inflame","Barricade+1","Intimidate","Pommel Strike+1","Combust+1","Demon Form+1","True Grit+1","Fiend Fire","Metallicize","Offering","CurseOfTheBell"],"special_seed":0,"potion_use_per_floor":[[],[],[],[],[],[],[],["BlessingOfTheForge"],[],[],[],["FearPotion"],[],[],[],[],[],["Energy Potion"],[],[],[],[],[],["EntropicBrew","PowerPotion"],[],[],["ColorlessPotion"],[],[],[],[],[],[],[],[]],"relics":["Burning Blood","WingedGreaves","Bag of Marbles","Juzu Bracelet","CeramicFish","Membership Card","MawBank","Velvet Choker","Matryoshka","Nunchaku","Bag of Preparation","Question Card","PreservedInsect","Lee\u0027s Waffle","Art of War","Medical Kit","Calling Bell","Regal Pillow","Darkstone Periapt","Champion Belt"],"potions_floor_usage":[],"damage_taken":[{"damage":4.0,"enemies":"Jaw Worm","floor":1.0,"turns":6.0},{"damage":7.0,"enemies":"Cultist","floor":3.0,"turns":4.0},{"damage":8.0,"enemies":"Small Slimes","floor":4.0,"turns":4.0},{"damage":3.0,"enemies":"2 Fungi Beasts","floor":5.0,"turns":4.0},{"damage":27.0,"enemies":"3 Sentries","floor":7.0,"turns":7.0},{"damage":15.0,"enemies":"Lagavulin","floor":8.0,"turns":7.0},{"damage":5.0,"enemies":"Exordium Wildlife","floor":10.0,"turns":3.0},{"damage":0.0,"enemies":"Gremlin Nob","floor":12.0,"turns":2.0},{"damage":8.0,"enemies":"3 Sentries","floor":14.0,"turns":7.0},{"damage":12.0,"enemies":"Hexaghost","floor":16.0,"turns":7.0},{"damage":7.0,"enemies":"2 Thieves","floor":18.0,"turns":4.0},{"damage":8.0,"enemies":"3 Byrds","floor":22.0,"turns":5.0},{"damage":31.0,"enemies":"Book of Stabbing","floor":24.0,"turns":4.0},{"damage":20.0,"enemies":"Slavers","floor":27.0,"turns":6.0},{"damage":47.0,"enemies":"Gremlin Leader","floor":30.0,"turns":7.0},{"damage":14.0,"enemies":"Champ","floor":33.0,"turns":11.0},{"damage":0,"enemies":"3 Darklings","floor":35,"turns":1}],"green_key_taken_log":12,"seed_played":"-5819356505452923698","neow_bonus_log":{"cardsObtained":["Armaments","Disarm"],"cardsUpgraded":[],"cardsRemoved":[],"cardsTransformed":["Strike_R","Strike_R"],"relicsObtained":[],"maxHpGained":0,"goldGained":0,"damageTaken":18,"goldLost":0,"maxHpLost":0},"potions_obtained":[{"floor":4.0,"key":"BlessingOfTheForge"},{"floor":7.0,"key":"FearPotion"},{"floor":8.0,"key":"Strength Potion"},{"floor":14.0,"key":"EntropicBrew"},{"floor":30.0,"key":"Energy Potion"}],"is_trial":false,"path_per_floor":["M","?","M","M","M","R","E","E","T","M","R","E","$","E","R","B",null,"M","?","?","T","M","R","E","R","T","E","$","R","E","$","R","B",null,"M"],"character_chosen":"IRONCLAD","basemod:card_modifiers":[null,null,null,null,null,null,null,null,null,null,null,null,null,null,null,null,null,null,null,null,null,null,null,null,null,null],"items_purchased":["Membership Card","Metallicize","Energy Potion","Fiend Fire","Lee\u0027s Waffle","Medical Kit","Metallicize"],"campfire_rested":0,"item_purchase_floors":[13,13,13,28,28,31,31],"current_hp_per_floor":[52,52,51,49,52,52,31,22,22,23,23,29,29,27,27,21,62,61,61,61,61,59,59,34,34,34,20,82,82,41,41,41,33,70,70],"gold":184,"neow_bonus":"TRANSFORM_TWO_CARDS","is_prod":false,"is_daily":false,"rewards_skipped":[{"floor":10,"relics":[],"potions":["Explosive Potion"]}],"chose_seed":false,"campfire_upgraded":7,"win_rate":0,"floor_exit_playtime":[93,100,152,196,234,239,311,387,393,431,443,477,509,588,596,673,696,753,795,808,811,898,905,954,970,973,1041,1059,1065,1218,1248,1260,1399,1427],"timestamp":1698727024,"path_taken":["M","?","M","?","M","R","E","E","T","M","R","E","$","E","R","BOSS","M","?","?","?","M","R","E","R","T","E","?","R","E","$","R","BOSS","M"],"build_version":"2022-12-18","purchased_purges":3,"victory":false,"max_hp_per_floor":[75,75,75,75,75,75,75,75,75,75,75,75,75,75,75,75,75,75,75,75,75,75,75,75,75,75,75,82,82,82,82,82,82,82,82],"relic_stats":{"Darkstone Periapt":0,"Lee\u0027s Waffle":62,"Regal Pillow":0,"counters":[17,89],"CeramicFish":117,"PreservedInsect":48,"Juzu Bracelet":1,"Bag of Preparation":[8],"MawBank":168,"Question Card":4,"Medical Kit":[0],"Burning Blood":96,"Nunchaku":[3],"Matryoshka":1,"WingedGreaves":2,"Art of War":[2],"Membership Card":462,"Champion Belt":[3],"obtain_stats":[{"Darkstone Periapt":34,"Lee\u0027s Waffle":28,"Regal Pillow":34,"CeramicFish":12,"Velvet Choker":17,"PreservedInsect":27,"Juzu Bracelet":9,"Bag of Preparation":26,"MawBank":14,"Question Card":26,"Medical Kit":31,"Burning Blood":0,"Calling Bell":34,"Nunchaku":24,"Matryoshka":21,"WingedGreaves":7,"Bag of Marbles":8,"Art of War":30,"Membership Card":13,"Champion Belt":34},{"Darkstone Periapt":16,"Lee\u0027s Waffle":14,"Regal Pillow":16,"CeramicFish":8,"Velvet Choker":10,"PreservedInsect":14,"Juzu Bracelet":6,"Bag of Preparation":13,"MawBank":9,"Question Card":13,"Medical Kit":15,"Burning Blood":0,"Calling Bell":16,"Nunchaku":13,"Matryoshka":11,"WingedGreaves":5,"Bag of Marbles":6,"Art of War":15,"Membership Card":8,"Champion Belt":16},{"Darkstone Periapt":88,"Lee\u0027s Waffle":70,"Regal Pillow":88,"CeramicFish":37,"Velvet Choker":51,"PreservedInsect":70,"Juzu Bracelet":32,"Bag of Preparation":64,"MawBank":44,"Question Card":64,"Medical Kit":77,"Burning Blood":0,"Calling Bell":88,"Nunchaku":64,"Matryoshka":55,"WingedGreaves":25,"Bag of Marbles":32,"Art of War":77,"Membership Card":37,"Champion Belt":88}]},"card_choices":[{"not_picked":["Clothesline","Shockwave"],"picked":"Headbutt","floor":1.0},{"not_picked":["Entrench","Dual Wield"],"picked":"Metallicize","floor":3.0},{"not_picked":["Sword Boomerang","Seeing Red"],"picked":"Clash","floor":4.0},{"not_picked":["Body Slam","Pommel Strike"],"picked":"Bludgeon","floor":5.0},{"not_picked":["Fire Breathing","Flame Barrier"],"picked":"Blood for Blood","floor":7.0},{"not_picked":["Warcry","Body Slam","Headbutt"],"picked":"SKIP","floor":8.0},{"not_picked":["Dual Wield","Clash"],"picked":"Ghostly Armor","floor":10.0},{"not_picked":["Iron Wave","Anger"],"picked":"Pommel Strike","floor":12.0},{"not_picked":["Iron Wave","Dual Wield"],"picked":"Inflame","floor":14.0},{"not_picked":["Reaper","Brutality"],"picked":"Barricade","floor":16.0},{"not_picked":["Anger","Spot Weakness"],"picked":"Intimidate","floor":18.0},{"not_picked":["Perfected Strike","Clash"],"picked":"Combust+1","floor":22.0},{"not_picked":["Burning Pact","Sword Boomerang"],"picked":"Demon Form","floor":24.0},{"not_picked":["Havoc","Wild Strike","Shrug It Off"],"picked":"True Grit+1","floor":27.0},{"not_picked":["Flame Barrier","True Grit","Berserk","Pommel Strike"],"picked":"SKIP","floor":30.0},{"not_picked":["Immolate","Juggernaut","Berserk"],"picked":"Offering","floor":33.0}],"player_experience":2210583,"relics_obtained":[{"floor":7.0,"key":"WingedGreaves"},{"floor":8.0,"key":"Bag of Marbles"},{"floor":9.0,"key":"Juzu Bracelet"},{"floor":12.0,"key":"CeramicFish"},{"floor":14.0,"key":"MawBank"},{"floor":21.0,"key":"Matryoshka"},{"floor":24.0,"key":"Nunchaku"},{"floor":26.0,"key":"Bag of Preparation"},{"floor":26.0,"key":"Question Card"},{"floor":27.0,"key":"PreservedInsect"},{"floor":30.0,"key":"Art of War"},{"floor":34.0,"key":"Regal Pillow"},{"floor":34.0,"key":"Darkstone Periapt"},{"floor":34.0,"key":"Champion Belt"}],"event_choices":[{"cards_removed":["Defend_R"],"damage_healed":0.0,"max_hp_gain":0.0,"max_hp_loss":0.0,"gold_gain":0.0,"event_name":"Bonfire Elementals","player_choice":"Offered Basic","floor":2.0,"gold_loss":0.0,"damage_taken":0.0},{"damage_healed":0.0,"max_hp_gain":0.0,"max_hp_loss":0.0,"gold_gain":0.0,"event_name":"Duplicator","player_choice":"Copied","floor":19.0,"gold_loss":0.0,"damage_taken":0.0,"cards_obtained":["Pommel Strike"]},{"damage_healed":0.0,"max_hp_gain":0.0,"max_hp_loss":0.0,"gold_gain":0.0,"event_name":"Designer","player_choice":"Upgraded Two","floor":20.0,"gold_loss":50.0,"damage_taken":0.0,"cards_upgraded":["Pommel Strike","Disarm"]}],"is_beta":false,"boss_relics":[{"not_picked":["Tiny House","Sozu"],"picked":"Velvet Choker"},{"not_picked":["Black Blood","Runic Cube"],"picked":"Calling Bell"}],"items_purged_floors":[13,28,31],"is_endless":false,"potions_floor_spawned":[4,7,8,10,14,30],"killed_by":"3 Darklings","ascension_level":20,"potion_discard_per_floor":[[],[],[],[],[],[],[],[],[],[],[],[],[],["Strength Potion"],[],[],[],[],[],[],[],[],[],[],[],[],[],[],[],[],[],[],[],[],[]]}