{"neow_bonuses_skipped_log":["ONE_RANDOM_RARE_CARD","RANDOM_COLORLESS_2","BOSS_RELIC"],"neow_costs_skipped_log":["NONE","CURSE","NONE"],"potions_obtained_entropic_brew":[[],[],[],[],[],[],[],[],[],[]],"gold_per_floor":[115,135,146,163,83,83,102,134,160,160],"floor_reached":10,"playtime":464,"items_purged":["Strike_R"],"score":140,"play_id":"b35a5048-d9ad-4ed2-b993-1e4c6c6a30bf","local_time":"20231124225124","score_breakdown":["Floors Climbed (10): 50","Enemies Slain (5): 10","Exordium Elites Killed (1): 10","Bosses Slain (0): 0","Ascension (20): 70"],"is_ascension_mode":true,"potions_obtained_alchemize":[[],[],[],[],[],[],[],[],[],[]],"campfire_choices":[{"data":"Bash","floor":6,"key":"SMITH"}],"lesson_learned_per_floor":[[],[],[],[],[],[],[],[],[],[]],"neow_cost":"NONE","improvable_cards":{},"seed_source_timestamp":20559828805100,"shop_contents":[{"floor":5,"relics":["Thread and Needle","Blue Candle","ClockworkSouvenir"],"cards":["Searing Blow","Headbutt","Warcry","Rupture","Bandage Up","Chrysalis"],"potions":["BloodPotion","CultistPotion","Strength Potion"]}],"circlet_count":0,"master_deck":["AscendersBane","Strike_R","Strike_R","Strike_R","Strike_R","Defend_R","Defend_R","Defend_R","Defend_R","Bash+1","Clothesline","Dark Embrace","Burning Pact","Spot Weakness","Shrug It Off","Rampage","Limit Break"],"potion_use_per_floor":[[],[],[],[],[],[],[],["SteroidPotion"],[],["PowerPotion"]],"relics":["Burning Blood","Smiling Mask","Unceasing Top"],"potions_floor_usage":[8,10],"damage_taken":[{"damage":6,"enemies":"Cultist","floor":1,"turns":3},{"damage":12,"enemies":"2 Louse","floor":2,"turns":3},{"damage":9,"enemies":"Jaw Worm","floor":3,"turns":4},{"damage":26,"enemies":"2 Fungi Beasts","floor":4,"turns":5},{"damage":1,"enemies":"Looter","floor":7,"turns":5},{"damage":30,"enemies":"3 Sentries","floor":8,"turns":8},{"damage":32,"enemies":"Lagavulin","floor":10,"turns":7}],"seed_played":"-6813419647078525822","neow_bonus_log":{"cardsObtained":[],"cardsUpgraded":[],"cardsRemoved":[],"cardsTransformed":[],"relicsObtained":["Smiling Mask"],"maxHpGained":0,"goldGained":0,"damageTaken":0,"goldLost":0,"maxHpLost":0},"potions_obtained":[{"floor":2,"key":"SmokeBomb"},{"floor":4,"key":"SteroidPotion"},{"floor":8,"key":"PowerPotion"}],"is_trial":false,"path_per_floor":["M","M","M","M","$","R","M","E","T","E"],"character_chosen":"IRONCLAD","basemod:card_modifiers":[null,null,null,null,null,null,null,null,null,null,null,null,null,null,null,null,null],"items_purchased":["Shrug It Off"],"campfire_rested":0,"item_purchase_floors":[5],"current_hp_per_floor":[68,62,59,39,39,39,44,20,20,0],"gold":160,"neow_bonus":"RANDOM_COMMON_RELIC","is_prod":false,"is_daily":false,"rewards_skipped":[],"chose_seed":false,"campfire_upgraded":1,"win_rate":0,"floor_exit_playtime":[43,68,103,160,215,224,294,399,402],"timestamp":1700884284,"blue_key_relic_skipped_log":{"floor":9,"relicID":"Tiny Chest"},"path_taken":["M","M","M","M","?","R","M","E","T","E"],"build_version":"2022-12-18","purchased_purges":1,"victory":false,"max_hp_per_floor":[75,75,75,75,75,75,75,75,75,75],"relic_stats":{"counters":[7,35],"Smiling Mask":25,"obtain_stats":[{"Smiling Mask":0,"Burning Blood":0,"Unceasing Top":8},{"Smiling Mask":0,"Burning Blood":0,"Unceasing Top":6},{"Smiling Mask":0,"Burning Blood":0,"Unceasing Top":28}],"Burning Blood":36,"Unceasing Top":[0]},"card_choices":[{"not_picked":["True Grit","Sentinel"],"picked":"Clothesline","floor":1},{"not_picked":["Warcry","Sword Boomerang"],"picked":"Dark Embrace","floor":2},{"not_picked":["Entrench","Body Slam"],"picked":"Burning Pact","floor":3},{"not_picked":["Warcry","Thunderclap"],"picked":"Spot Weakness","floor":4},{"not_picked":["Twin Strike","Clash"],"picked":"Rampage","floor":7},{"not_picked":["Havoc","Iron Wave"],"picked":"Limit Break","floor":8}],"player_experience":2349271,"relics_obtained":[{"floor":8,"key":"Unceasing Top"}],"event_choices":[],"is_beta":false,"boss_relics":[],"items_purged_floors":[5],"is_endless":false,"potions_floor_spawned":[2,4,8],"killed_by":"Lagavulin","ascension_level":20,"potion_discard_per_floor":[[],[],[],[],[],[],[],[],[],[]]}