{"neow_bonuses_skipped_log":["UPGRADE_CARD","TEN_PERCENT_HP_BONUS","BOSS_RELIC"],"potions_obtained_entropic_brew":[[],[],[],[],[],[],[],[],[],[],[],[],[],[],[],["SteroidPotion","LiquidMemories"],[],[],[],[],[],[],[],[],[],[],[],[],[],[],[],[],[],[],[],[],[],[],[],[],[],[],[],[],[],[],[],[],[],[],[],[],[],[],[],[]],"neow_costs_skipped_log":["NONE","NONE","NONE"],"gold_per_floor":[119,44,56,76,92,92,117,128,181,213,213,243,255,255,255,332,332,346,185,85,97,12,12,38,88,88,188,62,92,92,103,103,175,175,194,204,204,218,234,234,267,282,282,307,307,29,49,69,69,69,69,69,69,26,56,56],"floor_reached":56,"playtime":3491,"items_purged":["Regret","Strike_R"],"score":1984,"play_id":"765d5af3-c560-482e-9506-a32302bbf065","local_time":"20231117170102","score_breakdown":["Floors Climbed (56): 280","Enemies Slain (16): 32","Exordium Elites Killed (3): 30","City Elites Killed (2): 40","Beyond Elites Killed (2): 60","Bosses Slain (4): 500","Champion (1): 25","C-c-c-combo: 25","Ascension (20): 992"],"is_ascension_mode":true,"potions_obtained_alchemize":[[],[],[],[],[],[],[],[],[],[],[],[],[],[],[],[],[],[],[],[],[],[],[],[],[],[],[],[],[],[],[],[],[],[],[],[],[],[],[],[],[],[],[],[],[],[],[],[],[],[],[],[],[],[],[],[]],"campfire_choices":[{"data":"Apotheosis","floor":6.0,"key":"SMITH"},{"floor":11.0,"key":"REST"},{"data":"Blood for Blood","floor":15.0,"key":"SMITH"},{"data":"Shockwave","floor":23,"key":"SMITH"},{"data":"Dual Wield","floor":30,"key":"SMITH"},{"floor":32,"key":"REST"},{"floor":40,"key":"REST"},{"floor":49,"key":"RECALL"},{"floor":53,"key":"REST"}],"lesson_learned_per_floor":[[],[],[],[],[],[],[],[],[],[],[],[],[],[],[],[],[],[],[],[],[],[],[],[],[],[],[],[],[],[],[],[],[],[],[],[],[],[],[],[],[],[],[],[],[],[],[],[],[],[],[],[],[],[],[],[]],"neow_cost":"CURSE","improvable_cards":{},"seed_source_timestamp":0,"shop_contents":[{"floor":2,"relics":["Thread and Needle","Regal Pillow","Brimstone"],"cards":["Twin Strike","Body Slam","Flex","Havoc","Dark Embrace","Finesse","Chrysalis"],"potions":["BloodPotion","SkillPotion","Swift Potion"]},{"floor":19,"relics":["Calipers","Toxic Egg 2"],"cards":["Reckless Charge","Hemokinesis","Warcry","Impervious","Metallicize","Flash of Steel","Secret Weapon"],"potions":["BlessingOfTheForge","SteroidPotion","SpeedPotion"]},{"floor":20,"relics":["Kunai","Happy Flower","HandDrill"],"cards":["Searing Blow","Sword Boomerang","Spot Weakness","True Grit","Inflame","Purity","The Bomb"],"potions":["Dexterity Potion","CultistPotion","ColorlessPotion"]},{"floor":28,"relics":["Frozen Egg 2","Oddly Smooth Stone","OrangePellets"],"cards":["Reckless Charge","Reaper","Shockwave","Rage","Combust","Forethought","Panache"],"potions":["Energy Potion","Ancient Potion","SmokeBomb"]},{"floor":46,"relics":["CaptainsWheel","Darkstone Periapt","Toolbox"],"cards":["Iron Wave","Heavy Blade","Spot Weakness","Limit Break","Demon Form","Dark Shackles","Apotheosis"],"potions":["SkillPotion","Block Potion","ElixirPotion"]},{"floor":54,"relics":["Bronze Scales","Incense Burner","Lee\u0027s Waffle"],"cards":["Body Slam","Pummel","Sentinel","Shockwave","Berserk","Blind","Metamorphosis"],"potions":["Fire Potion","Fire Potion","Dexterity Potion"]}],"circlet_count":0,"master_deck":["AscendersBane","Strike_R+1","Strike_R","Strike_R","Strike_R","Defend_R","Defend_R","Defend_R","Defend_R","Bash","Apotheosis+1","Blood for Blood+1","Cleave","Carnage","Disarm","Metallicize","Dual Wield+1","Spot Weakness","Anger","Power Through","Pain","Fiend Fire","Bloodletting","Shockwave+1","Pommel Strike+1","Intimidate+1","Barricade","Battle Trance","Shrug It Off","Rupture","Corruption","Shockwave","Sentinel"],"special_seed":0,"potion_use_per_floor":[[],[],[],[],[],[],["ColorlessPotion"],[],[],["Weak Potion"],[],[],[],[],[],["GamblersBrew","EntropicBrew","SteroidPotion"],[],[],[],[],[],[],[],["Block Potion"],[],[],["LiquidMemories"],[],[],[],[],[],[],[],[],[],[],[],["LiquidMemories"],[],["Explosive Potion","PowerPotion"],[],[],[],[],[],[],[],[],["AttackPotion"],[],[],[],[],["Weak Potion"],[]],"relics":["Burning Blood","MealTicket","Bag of Marbles","PreservedInsect","WarpedTongs","Mark of Pain","TheAbacus","Bird Faced Urn","Art of War","Charon\u0027s Ashes","FossilizedHelix","The Courier","Bag of Preparation","Whetstone","SlaversCollar","Pen Nib","Centennial Puzzle","Dead Branch","TungstenRod"],"potions_floor_usage":[24,27,39,41,41,50,55],"damage_taken":[{"damage":6.0,"enemies":"Cultist","floor":1.0,"turns":4.0},{"damage":6.0,"enemies":"2 Louse","floor":3.0,"turns":3.0},{"damage":8.0,"enemies":"Small Slimes","floor":4.0,"turns":5.0},{"damage":9.0,"enemies":"Looter","floor":5.0,"turns":3.0},{"damage":28.0,"enemies":"Gremlin Nob","floor":7.0,"turns":4.0},{"damage":5.0,"enemies":"Blue Slaver","floor":8.0,"turns":7.0},{"damage":19.0,"enemies":"Lagavulin","floor":10.0,"turns":5.0},{"damage":4.0,"enemies":"Gremlin Nob","floor":12.0,"turns":3.0},{"damage":12.0,"enemies":"3 Louse","floor":13.0,"turns":3.0},{"damage":25.0,"enemies":"The Guardian","floor":16.0,"turns":14.0},{"damage":21.0,"enemies":"Spheric Guardian","floor":18.0,"turns":5.0},{"damage":31,"enemies":"Shell Parasite","floor":21,"turns":5},{"damage":26,"enemies":"Slavers","floor":24,"turns":5},{"damage":21,"enemies":"Colosseum Slavers","floor":27,"turns":4},{"damage":5,"enemies":"Colosseum Nobs","floor":27,"turns":4},{"damage":6,"enemies":"Gremlin Leader","floor":29,"turns":2},{"damage":6,"enemies":"Shelled Parasite and Fungi","floor":31,"turns":7},{"damage":63,"enemies":"Automaton","floor":33,"turns":9},{"damage":3,"enemies":"3 Shapes","floor":35,"turns":4},{"damage":36,"enemies":"3 Darklings","floor":36,"turns":7},{"damage":8,"enemies":"4 Shapes","floor":38,"turns":7},{"damage":19,"enemies":"Writhing Mass","floor":39,"turns":6},{"damage":49,"enemies":"Reptomancer","floor":41,"turns":4},{"damage":2,"enemies":"Maw","floor":42,"turns":7},{"damage":23,"enemies":"Nemesis","floor":44,"turns":7},{"damage":0,"enemies":"4 Shapes","floor":47,"turns":3},{"damage":19,"enemies":"Spire Growth","floor":48,"turns":3},{"damage":54,"enemies":"Time Eater","floor":50,"turns":10},{"damage":11,"enemies":"Awakened One","floor":51,"turns":8},{"damage":37,"enemies":"Shield and Spear","floor":55,"turns":23},{"damage":78,"enemies":"The Heart","floor":56,"turns":9}],"green_key_taken_log":44,"seed_played":"-8046000744835801215","neow_bonus_log":{"cardsObtained":["Regret"],"cardsUpgraded":[],"cardsRemoved":[],"cardsTransformed":[],"relicsObtained":[],"maxHpGained":0,"goldGained":0,"damageTaken":0,"goldLost":0,"maxHpLost":0},"potions_obtained":[{"floor":1.0,"key":"Weak Potion"},{"floor":4.0,"key":"ColorlessPotion"},{"floor":12.0,"key":"GamblersBrew"},{"floor":13.0,"key":"EntropicBrew"},{"floor":16.0,"key":"Block Potion"},{"floor":27,"key":"FearPotion"},{"floor":33,"key":"PowerPotion"},{"floor":38,"key":"LiquidMemories"},{"floor":39,"key":"Explosive Potion"},{"floor":44,"key":"AttackPotion"}],"is_trial":false,"path_per_floor":["M","$","M","M","M","R","E","M","T","E","R","E","M","?","R","B",null,"M","$","$","M","?","R","E","?","T","?","$","E","R","M","R","B",null,"M","M","?","M","M","R","E","M","T","E","?","$","M","M","R","B","B",null,"R","$","E","B"],"character_chosen":"IRONCLAD","basemod:card_modifiers":[null,null,null,null,null,null,null,null,null,null,null,null,null,null,null,null,null,null,null,null,null,null,null,null,null,null,null,null,null,null,null,null,null],"items_purchased":["TheAbacus","Bag of Preparation","Dead Branch","Weak Potion"],"campfire_rested":4,"item_purchase_floors":[19,28,46,54],"current_hp_per_floor":[68,68,68,66,63,63,41,42,42,29,51,53,47,47,47,28,63,48,63,75,50,50,50,32,32,32,26,41,41,41,45,67,12,59,68,40,40,42,31,53,16,24,24,11,61,61,61,52,52,16,25,52,61,61,61,0],"gold":56,"neow_bonus":"RANDOM_COLORLESS_2","is_prod":false,"is_daily":false,"rewards_skipped":[{"floor":10,"relics":["Bottled Flame"],"potions":[]},{"floor":21,"relics":[],"potions":["BlessingOfTheForge"]}],"chose_seed":false,"campfire_upgraded":4,"win_rate":0,"floor_exit_playtime":[39,49,81,120,141,147,195,251,253,307,309,328,359,366,405,545,559,611,718,753,849,853,866,964,969,972,1119,1170,1210,1220,1338,1346,1515,1535,1583,1708,1714,1842,1963,1966,2054,2197,2200,2288,2299,2311,2395,2480,2482,2682,2887,2898,2901,2916,3203],"timestamp":1700258462,"blue_key_relic_skipped_log":{"floor":43,"relicID":"Strawberry"},"path_taken":["M","$","?","M","M","R","E","M","T","E","R","E","M","?","R","BOSS","M","?","$","M","?","R","E","?","T","?","?","E","R","M","R","BOSS","M","M","?","M","M","R","E","M","T","E","?","$","M","M","R","BOSS","BOSS","R","$","E","BOSS"],"build_version":"2022-12-18","purchased_purges":2,"victory":false,"max_hp_per_floor":[75,75,75,75,75,75,75,75,75,75,75,75,75,75,75,75,75,75,75,75,75,75,75,75,75,75,75,75,75,75,75,75,75,75,75,75,75,75,75,75,75,75,75,75,61,61,61,61,61,61,61,61,61,61,61,61],"relic_stats":{"counters":[31,190],"Dead Branch":[166],"PreservedInsect":317,"Charon\u0027s Ashes":[959],"The Courier":112,"Pen Nib":[8],"Bag of Preparation":[32],"Whetstone":["Pommel Strike","Strike_R"],"Burning Blood":173,"WarpedTongs":[76],"Centennial Puzzle":[15],"TheAbacus":[90],"Bird Faced Urn":[123],"MealTicket":42,"Art of War":[40],"obtain_stats":[{"Dead Branch":46,"PreservedInsect":12,"Charon\u0027s Ashes":26,"The Courier":27,"Pen Nib":41,"Bag of Preparation":28,"Whetstone":29,"Burning Blood":0,"WarpedTongs":14,"SlaversCollar":34,"Centennial Puzzle":44,"TheAbacus":19,"Bird Faced Urn":22,"MealTicket":7,"Mark of Pain":17,"Bag of Marbles":9,"Art of War":24,"FossilizedHelix":27,"TungstenRod":55},{"Dead Branch":25,"PreservedInsect":8,"Charon\u0027s Ashes":13,"The Courier":15,"Pen Nib":23,"Bag of Preparation":15,"Whetstone":16,"Burning Blood":0,"WarpedTongs":9,"SlaversCollar":18,"Centennial Puzzle":25,"TheAbacus":11,"Bird Faced Urn":12,"MealTicket":5,"Mark of Pain":10,"Bag of Marbles":6,"Art of War":13,"FossilizedHelix":15,"TungstenRod":30},{"Dead Branch":134,"PreservedInsect":34,"Charon\u0027s Ashes":66,"The Courier":74,"Pen Nib":120,"Bag of Preparation":74,"Whetstone":76,"Burning Blood":0,"WarpedTongs":37,"SlaversCollar":92,"Centennial Puzzle":134,"TheAbacus":56,"Bird Faced Urn":61,"MealTicket":19,"Mark of Pain":51,"Bag of Marbles":26,"Art of War":66,"FossilizedHelix":74,"TungstenRod":181}],"FossilizedHelix":[148],"TungstenRod":50},"card_choices":[{"not_picked":["Panache","Secret Technique"],"picked":"Apotheosis","floor":0.0},{"not_picked":["Whirlwind","Ghostly Armor"],"picked":"Blood for Blood","floor":1.0},{"not_picked":["Perfected Strike","Wild Strike"],"picked":"Cleave","floor":3.0},{"not_picked":["Entrench","Heavy Blade"],"picked":"Carnage","floor":4.0},{"not_picked":["Carnage","Warcry"],"picked":"Disarm","floor":5.0},{"not_picked":["Heavy Blade","Reckless Charge"],"picked":"Metallicize","floor":7.0},{"not_picked":["Wild Strike","Iron Wave"],"picked":"Dual Wield","floor":8.0},{"not_picked":["Limit Break","Flex"],"picked":"Spot Weakness","floor":10.0},{"not_picked":["Headbutt","Perfected Strike"],"picked":"Anger","floor":12.0},{"not_picked":["Cleave","Body Slam"],"picked":"Power Through","floor":13.0},{"not_picked":["Brutality","Limit Break"],"picked":"Fiend Fire","floor":16.0},{"not_picked":["Warcry","Iron Wave"],"picked":"Bloodletting","floor":18.0},{"not_picked":["Disarm","Infernal Blade"],"picked":"Shockwave","floor":21},{"not_picked":["Clothesline","Wild Strike"],"picked":"Pommel Strike","floor":24},{"not_picked":["Anger","Dual Wield","Whirlwind"],"picked":"SKIP","floor":27},{"not_picked":["Bloodletting","True Grit"],"picked":"Intimidate+1","floor":29},{"not_picked":["Rampage","Shockwave","Havoc"],"picked":"SKIP","floor":31},{"not_picked":["Juggernaut","Impervious"],"picked":"Barricade","floor":33},{"not_picked":["Heavy Blade","Iron Wave","Headbutt"],"picked":"SKIP","floor":35},{"not_picked":["Heavy Blade","Iron Wave","Headbutt"],"picked":"SKIP","floor":35},{"not_picked":["Thunderclap","Shrug It Off","Uppercut"],"picked":"SKIP","floor":36},{"not_picked":["Wild Strike+1","Intimidate"],"picked":"Battle Trance","floor":38},{"not_picked":["Uppercut","Twin Strike"],"picked":"Shrug It Off","floor":39},{"not_picked":["Whirlwind","Infernal Blade","Sentinel"],"picked":"SKIP","floor":41},{"not_picked":["Pummel+1","Rampage+1","Havoc"],"picked":"SKIP","floor":42},{"not_picked":["Rampage","Anger+1"],"picked":"Rupture","floor":44},{"not_picked":["Heavy Blade","Flex"],"picked":"Corruption","floor":47},{"not_picked":["Wild Strike","Hemokinesis"],"picked":"Shockwave","floor":48},{"not_picked":["Flex","Iron Wave"],"picked":"Sentinel","floor":55}],"player_experience":2255612,"relics_obtained":[{"floor":7.0,"key":"MealTicket"},{"floor":9.0,"key":"Bag of Marbles"},{"floor":12.0,"key":"PreservedInsect"},{"floor":24,"key":"Art of War"},{"floor":26,"key":"Charon\u0027s Ashes"},{"floor":27,"key":"FossilizedHelix"},{"floor":27,"key":"The Courier"},{"floor":29,"key":"Whetstone"},{"floor":41,"key":"Pen Nib"},{"floor":44,"key":"Centennial Puzzle"},{"floor":55,"key":"TungstenRod"}],"event_choices":[{"damage_healed":0.0,"max_hp_gain":0.0,"max_hp_loss":0.0,"gold_gain":0.0,"event_name":"Accursed Blacksmith","player_choice":"Rummage","floor":14.0,"gold_loss":0.0,"damage_taken":0.0,"relics_obtained":["WarpedTongs"],"cards_obtained":["Pain"]},{"damage_healed":0,"gold_gain":0,"player_choice":"Obtained Relic","damage_taken":0,"relics_obtained":["Bird Faced Urn"],"max_hp_gain":0,"max_hp_loss":0,"event_name":"Addict","floor":22,"gold_loss":85},{"damage_healed":0,"gold_gain":50,"player_choice":"Stole From Cult","damage_taken":0,"max_hp_gain":0,"max_hp_loss":0,"event_name":"Nest","floor":25,"gold_loss":0},{"damage_healed":0,"gold_gain":0,"player_choice":"Fight","damage_taken":0,"max_hp_gain":0,"max_hp_loss":0,"event_name":"Colosseum","floor":27,"gold_loss":0},{"damage_healed":0,"gold_gain":0,"player_choice":"Fought Nobs","damage_taken":0,"max_hp_gain":0,"max_hp_loss":0,"event_name":"Colosseum","floor":27,"gold_loss":0},{"damage_healed":0,"gold_gain":0,"player_choice":"Ignored","damage_taken":0,"max_hp_gain":0,"max_hp_loss":0,"event_name":"Mysterious Sphere","floor":37,"gold_loss":0},{"damage_healed":61,"gold_gain":0,"player_choice":"Heal","damage_taken":0,"max_hp_gain":0,"max_hp_loss":14,"event_name":"The Moai Head","floor":45,"gold_loss":0}],"is_beta":false,"boss_relics":[{"not_picked":["Ectoplasm","Black Star"],"picked":"Mark of Pain"},{"not_picked":["Cursed Key","Empty Cage"],"picked":"SlaversCollar"}],"items_purged_floors":[2,20],"is_endless":false,"potions_floor_spawned":[1,4,12,13,16,21,27,33,38,39,44],"killed_by":"The Heart","ascension_level":20,"potion_discard_per_floor":[[],[],[],[],[],[],[],[],[],[],[],[],[],[],[],[],[],[],[],[],[],[],[],[],[],[],[],[],[],[],[],[],[],[],[],[],[],["FearPotion"],[],[],[],[],[],[],[],[],[],[],[],[],[],[],[],[],[],[]]}