{"neow_bonuses_skipped_log":["THREE_ENEMY_KILL","TRANSFORM_TWO_CARDS","BOSS_RELIC"],"neow_costs_skipped_log":["NONE","CURSE","NONE"],"potions_obtained_entropic_brew":[[],[],[],[],[],[],[],[],[],[],[],[],[],[],[],[],[],[],[],[],[],[],[],[],[],[],[],[],[],[],[],[],[],[],[],[],[],[],[],[],[],[],[],[],[],[],[],[],[],[],[]],"gold_per_floor":[112,123,198,208,224,224,251,251,278,278,305,325,325,344,344,421,421,421,336,223,223,223,223,223,223,223,223,148,148,148,47,47,47,47,47,47,47,0,0,0,0,0,0,0,0,0,0,0,0,0,0],"floor_reached":51,"playtime":2264,"items_purged":["Strike_R"],"score":1420,"play_id":"e724a7d3-b224-4625-8413-0ab9da4c1822","local_time":"20231124232918","score_breakdown":["Floors Climbed (51): 255","Enemies Slain (15): 30","Exordium Elites Killed (2): 20","City Elites Killed (1): 20","Beyond Elites Killed (2): 60","Bosses Slain (3): 300","Stuffed: 50","Ascension (20): 685"],"is_ascension_mode":true,"potions_obtained_alchemize":[[],[],[],[],[],[],[],[],[],[],[],[],[],[],[],[],[],[],[],[],[],[],[],[],[],[],[],[],[],[],[],[],[],[],[],[],[],[],[],[],[],[],[],[],[],[],[],[],[],[],[]],"campfire_choices":[{"data":"Feed","floor":6,"key":"SMITH"},{"floor":10,"key":"REST"},{"data":"Flame Barrier","floor":15,"key":"SMITH"},{"data":"Berserk","floor":23,"key":"SMITH"},{"floor":25,"key":"REST"},{"data":"Limit Break","floor":29,"key":"SMITH"},{"floor":32,"key":"REST"},{"data":"Inflame","floor":40,"key":"SMITH"},{"data":"Dark Embrace","floor":42,"key":"SMITH"},{"data":"Seeing Red","floor":47,"key":"SMITH"},{"floor":49,"key":"RECALL"}],"lesson_learned_per_floor":[[],[],[],[],[],[],[],[],[],[],[],[],[],[],[],[],[],[],[],[],[],[],[],[],[],[],[],[],[],[],[],[],[],[],[],[],[],[],[],[],[],[],[],[],[],[],[],[],[],[],[]],"neow_cost":"NONE","improvable_cards":{},"seed_source_timestamp":21031291889900,"shop_contents":[{"floor":31,"relics":["MealTicket","Mummified Hand","Strange Spoon"],"cards":["Cleave","Body Slam","Flame Barrier+1","Metallicize","Mind Blast","Thinking Ahead+1"],"potions":["Explosive Potion","SkillPotion","BloodPotion"]},{"floor":45,"relics":["Shuriken","Lizard Tail","Brimstone"],"cards":["Twin Strike","Clothesline","Seeing Red+1","Havoc+1","Feel No Pain","Flash of Steel","The Bomb+1"],"potions":["GamblersBrew","SkillPotion","FearPotion"]}],"circlet_count":0,"master_deck":["AscendersBane","Strike_R","Strike_R","Strike_R","Defend_R","Defend_R","Defend_R","Defend_R","Bash","Feed+1","Wild Strike","Perfected Strike","Inflame+1","Intimidate","Whirlwind+1","Flame Barrier+1","Berserk+1","Limit Break+1","Seeing Red+1","Dark Embrace+1","Clothesline+1","Anger","True Grit+1","Double Tap+1","Burning Pact+1","Flame Barrier+1","Warcry+1","Inflame"],"potion_use_per_floor":[[],[],[],[],[],[],["BloodPotion"],[],[],[],[],[],[],[],[],["Ancient Potion","Block Potion"],[],[],[],[],[],[],[],["AttackPotion","LiquidMemories"],[],[],[],[],[],[],[],[],[],[],[],[],[],[],[],[],[],[],[],[],[],[],[],["Regen Potion"],[],[],[]],"relics":["Burning Blood","Bag of Preparation","Blood Vial","Bag of Marbles","Ectoplasm","TungstenRod","Orichalcum","Torii","Toxic Egg 2","Runic Pyramid","Red Mask","Eternal Feather","Letter Opener"],"potions_floor_usage":[7,16,16,24,24,48],"damage_taken":[{"damage":7,"enemies":"Cultist","floor":1,"turns":4},{"damage":4,"enemies":"2 Louse","floor":2,"turns":3},{"damage":12,"enemies":"Jaw Worm","floor":4,"turns":3},{"damage":17,"enemies":"Looter","floor":5,"turns":3},{"damage":53,"enemies":"Lagavulin","floor":7,"turns":9},{"damage":30,"enemies":"3 Sentries","floor":11,"turns":6},{"damage":7,"enemies":"Exordium Thugs","floor":12,"turns":4},{"damage":4,"enemies":"Exordium Wildlife","floor":14,"turns":3},{"damage":40,"enemies":"The Guardian","floor":16,"turns":12},{"damage":26,"enemies":"Shell Parasite","floor":18,"turns":5},{"damage":19,"enemies":"Spheric Guardian","floor":21,"turns":5},{"damage":27,"enemies":"Snake Plant","floor":22,"turns":4},{"damage":34,"enemies":"Book of Stabbing","floor":24,"turns":4},{"damage":0,"enemies":"Centurion and Healer","floor":27,"turns":5},{"damage":40,"enemies":"Snecko","floor":30,"turns":8},{"damage":49,"enemies":"Champ","floor":33,"turns":16},{"damage":0,"enemies":"Orb Walker","floor":35,"turns":3},{"damage":0,"enemies":"3 Darklings","floor":37,"turns":2},{"damage":32,"enemies":"Spire Growth","floor":39,"turns":6},{"damage":38,"enemies":"Giant Head","floor":41,"turns":6},{"damage":48,"enemies":"Reptomancer","floor":44,"turns":6},{"damage":20,"enemies":"Maw","floor":48,"turns":7},{"damage":70,"enemies":"Time Eater","floor":50,"turns":9},{"damage":30,"enemies":"Donu and Deca","floor":51,"turns":3}],"green_key_taken_log":44,"seed_played":"-2894879053265899892","neow_bonus_log":{"cardsObtained":["Feed"],"cardsUpgraded":[],"cardsRemoved":[],"cardsTransformed":[],"relicsObtained":[],"maxHpGained":0,"goldGained":0,"damageTaken":0,"goldLost":0,"maxHpLost":0},"potions_obtained":[{"floor":1,"key":"BloodPotion"},{"floor":2,"key":"Ancient Potion"},{"floor":11,"key":"Block Potion"},{"floor":16,"key":"LiquidMemories"},{"floor":22,"key":"AttackPotion"},{"floor":27,"key":"LiquidBronze"},{"floor":37,"key":"Dexterity Potion"},{"floor":41,"key":"Regen Potion"}],"is_trial":false,"path_per_floor":["M","M","?","M","M","R","E","?","T","R","E","M","?","M","R","B",null,"M","?","?","M","M","R","E","R","T","M","?","R","M","$","R","B",null,"M","?","M","?","M","R","E","R","T","E","$","?","R","M","R","B","B"],"character_chosen":"IRONCLAD","basemod:card_modifiers":[null,null,null,null,null,null,null,null,null,null,null,null,null,null,null,null,null,null,null,null,null,null,null,null,null,null,null,null],"items_purchased":["True Grit+1"],"campfire_rested":3,"item_purchase_floors":[31],"current_hp_per_floor":[70,75,64,61,53,53,27,27,27,54,36,37,37,45,45,13,78,64,64,64,53,34,34,8,38,38,50,50,50,22,22,55,14,87,99,99,111,111,91,91,65,80,80,44,44,44,59,66,81,23,0],"gold":0,"neow_bonus":"ONE_RANDOM_RARE_CARD","is_prod":false,"is_daily":false,"rewards_skipped":[{"floor":12,"relics":[],"potions":["BlessingOfTheForge"]}],"chose_seed":false,"campfire_upgraded":7,"win_rate":0,"floor_exit_playtime":[47,82,85,117,144,163,243,254,256,263,340,398,406,452,489,596,618,667,671,686,742,802,808,891,894,898,971,979,984,1077,1126,1128,1395,1407,1456,1459,1523,1526,1619,1625,1749,1755,1757,1873,1877,1889,1900,2064,2065,2224],"timestamp":1700886558,"blue_key_relic_skipped_log":{"floor":43,"relicID":"Blue Candle"},"path_taken":["M","M","?","M","M","R","E","?","T","R","E","M","?","M","R","BOSS","M","?","?","?","M","R","E","R","T","M","?","R","M","$","R","BOSS","M","?","?","?","M","R","E","R","T","E","?","?","R","M","R","BOSS","BOSS"],"build_version":"2022-12-18","purchased_purges":1,"victory":false,"max_hp_per_floor":[78,81,81,84,87,87,91,91,91,91,95,95,95,99,99,99,99,103,103,103,103,103,103,103,103,103,107,107,107,111,111,111,111,111,115,115,119,119,123,123,127,127,127,131,131,131,131,135,135,139,139],"relic_stats":{"Blood Vial":38,"Torii":27,"counters":[24,136],"Eternal Feather":45,"Ectoplasm":295,"Bag of Preparation":[38],"Letter Opener":[32],"Orichalcum":[204],"obtain_stats":[{"Torii":24,"Eternal Feather":41,"Bag of Preparation":7,"Letter Opener":44,"Orichalcum":20,"Burning Blood":0,"Blood Vial":9,"Ectoplasm":17,"Bag of Marbles":11,"Red Mask":38,"Toxic Egg 2":26,"TungstenRod":19,"Runic Pyramid":34},{"Torii":13,"Eternal Feather":20,"Bag of Preparation":5,"Letter Opener":21,"Orichalcum":10,"Burning Blood":0,"Blood Vial":5,"Ectoplasm":9,"Bag of Marbles":6,"Red Mask":18,"Toxic Egg 2":13,"TungstenRod":10,"Runic Pyramid":16},{"Torii":65,"Eternal Feather":111,"Bag of Preparation":22,"Letter Opener":117,"Orichalcum":52,"Burning Blood":0,"Blood Vial":22,"Ectoplasm":47,"Bag of Marbles":28,"Red Mask":99,"Toxic Egg 2":65,"TungstenRod":52,"Runic Pyramid":94}],"Burning Blood":138,"TungstenRod":50},"card_choices":[{"not_picked":["Armaments","Metallicize"],"picked":"Wild Strike","floor":1},{"not_picked":["Havoc","Iron Wave"],"picked":"Perfected Strike","floor":2},{"not_picked":["Clash","Headbutt"],"picked":"Inflame","floor":4},{"not_picked":["Body Slam","Havoc"],"picked":"Intimidate","floor":5},{"not_picked":["Entrench","Dropkick"],"picked":"Whirlwind","floor":7},{"not_picked":["Carnage","Wild Strike"],"picked":"Flame Barrier","floor":11},{"not_picked":["Twin Strike","Carnage"],"picked":"Berserk","floor":12},{"not_picked":["Iron Wave","Flex","Rupture"],"picked":"SKIP","floor":14},{"not_picked":["Feed","Immolate"],"picked":"Limit Break","floor":16},{"not_picked":["Warcry","Wild Strike"],"picked":"Seeing Red","floor":18},{"not_picked":["Power Through","Combust+1"],"picked":"Dark Embrace","floor":21},{"not_picked":["Sword Boomerang","Thunderclap","Wild Strike"],"picked":"SKIP","floor":22},{"not_picked":["Dual Wield","Seeing Red","Infernal Blade"],"picked":"SKIP","floor":24},{"not_picked":["Cleave","Twin Strike"],"picked":"Clothesline+1","floor":27},{"not_picked":["Headbutt","Iron Wave"],"picked":"Anger","floor":30},{"not_picked":["Immolate","Juggernaut"],"picked":"Double Tap+1","floor":33},{"not_picked":["Body Slam+1","Havoc+1","Twin Strike"],"picked":"SKIP","floor":35},{"not_picked":["Body Slam+1","Havoc+1","Twin Strike"],"picked":"SKIP","floor":35},{"not_picked":["Twin Strike","Rampage","Cleave+1"],"picked":"SKIP","floor":37},{"not_picked":["Blood for Blood","Body Slam"],"picked":"Burning Pact+1","floor":39},{"not_picked":["Twin Strike","Berserk"],"picked":"Flame Barrier+1","floor":41},{"not_picked":["Pummel","Perfected Strike+1"],"picked":"Warcry+1","floor":44},{"not_picked":["Pummel","Body Slam+1"],"picked":"Inflame","floor":48}],"player_experience":2349735,"relics_obtained":[{"floor":7,"key":"Bag of Preparation"},{"floor":9,"key":"Blood Vial"},{"floor":11,"key":"Bag of Marbles"},{"floor":24,"key":"Torii"},{"floor":26,"key":"Toxic Egg 2"},{"floor":41,"key":"Eternal Feather"},{"floor":44,"key":"Letter Opener"}],"event_choices":[{"damage_healed":0,"gold_gain":75,"player_choice":"Gather Gold","damage_taken":11,"max_hp_gain":0,"max_hp_loss":0,"event_name":"World of Goop","floor":3,"gold_loss":0},{"damage_healed":0,"gold_gain":0,"player_choice":"Grow","damage_taken":0,"max_hp_gain":0,"max_hp_loss":0,"event_name":"Living Wall","floor":8,"gold_loss":0,"cards_upgraded":["Whirlwind"]},{"damage_healed":0,"gold_gain":0,"player_choice":"Ignored","damage_taken":0,"max_hp_gain":0,"max_hp_loss":0,"event_name":"Liars Game","floor":13,"gold_loss":0},{"damage_healed":0,"gold_gain":0,"player_choice":"Obtained Relic","damage_taken":0,"relics_obtained":["TungstenRod"],"max_hp_gain":0,"max_hp_loss":0,"event_name":"Addict","floor":19,"gold_loss":85},{"damage_healed":0,"gold_gain":0,"player_choice":"Paid Gold","damage_taken":0,"relics_obtained":["Orichalcum"],"max_hp_gain":0,"max_hp_loss":0,"event_name":"WeMeetAgain","floor":20,"gold_loss":113},{"cards_removed":["Strike_R"],"damage_healed":0,"gold_gain":0,"player_choice":"Gave Gold","damage_taken":0,"max_hp_gain":0,"max_hp_loss":0,"event_name":"Beggar","floor":28,"gold_loss":75},{"damage_healed":0,"gold_gain":0,"player_choice":"Ignored","damage_taken":0,"max_hp_gain":0,"max_hp_loss":0,"event_name":"SecretPortal","floor":36,"gold_loss":0},{"damage_healed":0,"gold_gain":0,"player_choice":"Paid","damage_taken":0,"relics_obtained":["Red Mask"],"max_hp_gain":0,"max_hp_loss":0,"event_name":"Tomb of Lord Red Mask","floor":38,"gold_loss":47},{"damage_healed":0,"gold_gain":0,"player_choice":"Ignored","damage_taken":0,"max_hp_gain":0,"max_hp_loss":0,"event_name":"The Moai Head","floor":46,"gold_loss":0}],"is_beta":false,"boss_relics":[{"not_picked":["Black Blood","Black Star"],"picked":"Ectoplasm"},{"not_picked":["Mark of Pain","Philosopher\u0027s Stone"],"picked":"Runic Pyramid"}],"items_purged_floors":[31],"is_endless":false,"potions_floor_spawned":[1,2,11,12,16,22,27,37,41],"killed_by":"Donu and Deca","ascension_level":20,"potion_discard_per_floor":[[],[],[],[],[],[],[],[],[],[],[],[],[],[],[],[],[],[],[],[],[],[],[],[],[],[],[],[],[],[],[],[],[],[],[],[],[],[],[],[],["Dexterity Potion"],[],[],[],[],[],[],[],[],[],[]]}