{"neow_bonuses_skipped_log":["RANDOM_COLORLESS","THREE_ENEMY_KILL","BOSS_RELIC"],"potions_obtained_entropic_brew":[[],[],[],[],[],[],[],[],[],[],[],[],[],[],[],[],[],[],[],[],[],[],[],[],[],[],[]],"neow_costs_skipped_log":["NONE","NONE","NONE"],"gold_per_floor":[11,11,11,11,27,27,41,41,66,91,101,140,140,180,180,263,263,289,311,320,88,116,116,131,131,156,156],"floor_reached":27,"playtime":937,"items_purged":["Pain"],"score":462,"play_id":"d2313dfa-6fe2-49b5-a817-0e6f6669f15b","local_time":"20231118093021","score_breakdown":["Floors Climbed (27): 135","Enemies Slain (8): 16","Exordium Elites Killed (3): 30","City Elites Killed (0): 0","Bosses Slain (1): 50","Ascension (20): 231"],"is_ascension_mode":true,"potions_obtained_alchemize":[[],[],[],[],[],[],[],[],[],[],[],[],[],[],[],[],[],[],[],[],[],[],[],[],[],[],[]],"campfire_choices":[{"data":"Rampage","floor":6,"key":"SMITH"},{"data":"Bash","floor":8,"key":"SMITH"},{"floor":13,"key":"REST"},{"data":"Sadistic Nature","floor":15,"key":"SMITH"},{"floor":23,"key":"REST"},{"data":"Disarm","floor":25,"key":"SMITH"}],"lesson_learned_per_floor":[[],[],[],[],[],[],[],[],[],[],[],[],[],[],[],[],[],[],[],[],[],[],[],[],[],[],[]],"neow_cost":"NO_GOLD","improvable_cards":{},"seed_source_timestamp":5385606947844500,"shop_contents":[{"floor":21,"relics":["Toy Ornithopter","Strawberry","DollysMirror"],"cards":["Reckless Charge","Searing Blow","Seeing Red","Fire Breathing","Transmutation"],"potions":["HeartOfIron","Energy Potion","ColorlessPotion"]}],"circlet_count":0,"master_deck":["AscendersBane","Strike_R","Strike_R","Strike_R","Strike_R","Defend_R","Defend_R","Defend_R","Defend_R","Bash+1","Sadistic Nature+1","Clothesline","Rampage+1","Headbutt","Pommel Strike","Anger","Blood for Blood","Shockwave","Disarm+1","Offering","Disarm","Shrug It Off","Blood for Blood","PanicButton","Flame Barrier","Hemokinesis+1"],"potion_use_per_floor":[[],[],[],[],[],[],[],[],[],["Swift Potion"],[],["Energy Potion"],[],[],[],["LiquidMemories"],[],[],[],[],[],["SneckoOil"],[],[],[],[],[]],"relics":["Burning Blood","Boot","WarpedTongs","Oddly Smooth Stone","Centennial Puzzle","CeramicFish","Bag of Marbles","Runic Pyramid","MealTicket"],"potions_floor_usage":[10,12,16,22],"damage_taken":[{"damage":9,"enemies":"Small Slimes","floor":1,"turns":4},{"damage":3,"enemies":"Cultist","floor":5,"turns":3},{"damage":17,"enemies":"2 Louse","floor":7,"turns":4},{"damage":10,"enemies":"Gremlin Nob","floor":10,"turns":3},{"damage":19,"enemies":"Lots of Slimes","floor":11,"turns":5},{"damage":13,"enemies":"Lagavulin","floor":12,"turns":4},{"damage":9,"enemies":"Gremlin Nob","floor":14,"turns":3},{"damage":32,"enemies":"Slime Boss","floor":16,"turns":7},{"damage":21,"enemies":"Spheric Guardian","floor":18,"turns":3},{"damage":39,"enemies":"3 Byrds","floor":19,"turns":4},{"damage":6,"enemies":"Sentry and Sphere","floor":22,"turns":4},{"damage":13,"enemies":"Centurion and Healer","floor":24,"turns":7},{"damage":27,"enemies":"Shelled Parasite and Fungi","floor":27,"turns":1}],"seed_played":"4405611781507705686","neow_bonus_log":{"cardsObtained":[],"cardsUpgraded":[],"cardsRemoved":[],"cardsTransformed":[],"relicsObtained":[],"maxHpGained":0,"goldGained":0,"damageTaken":0,"goldLost":99,"maxHpLost":0},"potions_obtained":[{"floor":5,"key":"Ancient Potion"},{"floor":7,"key":"Swift Potion"},{"floor":11,"key":"Energy Potion"},{"floor":14,"key":"LiquidMemories"},{"floor":18,"key":"SneckoOil"},{"floor":24,"key":"Fruit Juice"}],"is_trial":false,"path_per_floor":["M","?","?","?","M","R","M","R","T","E","M","E","R","E","R","B",null,"M","M","?","$","M","R","M","R","T","M"],"character_chosen":"IRONCLAD","basemod:card_modifiers":[null,null,null,null,null,null,null,null,null,null,null,null,null,null,null,null,null,null,null,null,null,null,null,null,null,null],"items_purchased":["PanicButton","Flame Barrier"],"campfire_rested":2,"item_purchase_floors":[21,21],"current_hp_per_floor":[65,65,47,47,50,50,39,39,39,35,22,15,37,34,34,8,58,43,10,10,10,10,32,25,25,25,0],"gold":156,"neow_bonus":"RANDOM_COLORLESS_2","is_prod":false,"is_daily":false,"rewards_skipped":[],"chose_seed":false,"campfire_upgraded":4,"win_rate":0,"floor_exit_playtime":[77,87,91,101,125,142,182,191,194,227,301,359,363,394,402,498,515,580,645,677,710,786,790,890,919,921],"timestamp":1700317821,"path_taken":["M","?","?","?","M","R","?","R","T","E","M","E","R","E","R","BOSS","M","?","?","$","M","R","M","R","T","?"],"build_version":"2022-12-18","purchased_purges":1,"victory":false,"max_hp_per_floor":[75,75,75,75,75,75,75,75,75,75,75,75,75,75,75,75,75,75,75,75,75,75,75,75,75,75,75],"relic_stats":{"Centennial Puzzle":[27],"counters":[13,52],"CeramicFish":81,"MealTicket":0,"Boot":[17],"obtain_stats":[{"Centennial Puzzle":10,"CeramicFish":12,"Oddly Smooth Stone":9,"MealTicket":26,"Bag of Marbles":14,"Boot":3,"Burning Blood":0,"WarpedTongs":4,"Runic Pyramid":17},{"Centennial Puzzle":4,"CeramicFish":6,"Oddly Smooth Stone":3,"MealTicket":12,"Bag of Marbles":7,"Boot":1,"Burning Blood":0,"WarpedTongs":1,"Runic Pyramid":8},{"Centennial Puzzle":14,"CeramicFish":23,"Oddly Smooth Stone":11,"MealTicket":51,"Bag of Marbles":26,"Boot":4,"Burning Blood":0,"WarpedTongs":4,"Runic Pyramid":33}],"Burning Blood":72,"WarpedTongs":[48]},"card_choices":[{"not_picked":["Magnetism","Panache"],"picked":"Sadistic Nature","floor":0},{"not_picked":["Cleave","Inflame"],"picked":"Clothesline","floor":1},{"not_picked":["Dual Wield","Sword Boomerang"],"picked":"Headbutt","floor":5},{"not_picked":["Havoc","Body Slam"],"picked":"Pommel Strike","floor":7},{"not_picked":["Shrug It Off","Clothesline"],"picked":"Anger","floor":10},{"not_picked":["Bloodletting","Disarm"],"picked":"Blood for Blood","floor":11},{"not_picked":["Thunderclap","Anger"],"picked":"Shockwave","floor":12},{"not_picked":["Infernal Blade","Rampage"],"picked":"Disarm","floor":14},{"not_picked":["Barricade","Fiend Fire"],"picked":"Offering","floor":16},{"not_picked":["Evolve","Clash"],"picked":"Disarm","floor":18},{"not_picked":["Pummel","Sword Boomerang"],"picked":"Shrug It Off","floor":19},{"not_picked":["Anger","Battle Trance"],"picked":"Hemokinesis+1","floor":22},{"not_picked":["Clothesline+1","Shrug It Off","Rage"],"picked":"SKIP","floor":24}],"player_experience":2275867,"relics_obtained":[{"floor":9,"key":"Oddly Smooth Stone"},{"floor":10,"key":"Centennial Puzzle"},{"floor":12,"key":"CeramicFish"},{"floor":14,"key":"Bag of Marbles"},{"floor":26,"key":"MealTicket"}],"event_choices":[{"damage_healed":0,"gold_gain":0,"cards_transformed":["Strike_R"],"player_choice":"Change","damage_taken":0,"max_hp_gain":0,"max_hp_loss":0,"event_name":"Living Wall","floor":2,"gold_loss":0,"cards_obtained":["Rampage"]},{"damage_healed":0,"gold_gain":0,"player_choice":"Success","damage_taken":18,"relics_obtained":["Boot"],"max_hp_gain":0,"max_hp_loss":0,"event_name":"Scrap Ooze","floor":3,"gold_loss":0},{"damage_healed":0,"gold_gain":0,"player_choice":"Rummage","damage_taken":0,"relics_obtained":["WarpedTongs"],"max_hp_gain":0,"max_hp_loss":0,"event_name":"Accursed Blacksmith","floor":4,"gold_loss":0,"cards_obtained":["Pain"]},{"damage_healed":0,"gold_gain":0,"player_choice":"Copied","damage_taken":0,"max_hp_gain":0,"max_hp_loss":0,"event_name":"Duplicator","floor":20,"gold_loss":0,"cards_obtained":["Blood for Blood"]}],"is_beta":false,"boss_relics":[{"not_picked":["Snecko Eye","Busted Crown"],"picked":"Runic Pyramid"}],"items_purged_floors":[21],"is_endless":false,"potions_floor_spawned":[5,7,11,14,18,24],"killed_by":"Shelled Parasite and Fungi","ascension_level":20,"potion_discard_per_floor":[[],[],[],[],[],[],[],[],[],[],[],[],[],[],[],[],[],[],[],[],[],[],[],[],[],[],[]]}