{"neow_bonuses_skipped_log":["TRANSFORM_CARD","RANDOM_COLORLESS_2","BOSS_RELIC"],"potions_obtained_entropic_brew":[[],[],[],[],[],[],[],[],[],[],[],[],[],[],[],[],[],[],[],[],[],[],[],[],[],[],[],[],[],[]],"neow_costs_skipped_log":["NONE","NO_GOLD","NONE"],"gold_per_floor":[211,227,302,2,14,41,41,71,125,125,159,188,200,230,242,331,343,365,267,291,16,16,16,46,59,59,76,76,109,109],"floor_reached":30,"playtime":979,"items_purged":["Strike_R"],"score":601,"play_id":"7323398b-80f3-4897-8081-f273e49af57a","local_time":"20231128205210","score_breakdown":["Floors Climbed (30): 150","Enemies Slain (9): 18","Exordium Elites Killed (3): 30","City Elites Killed (2): 40","Bosses Slain (1): 50","Collector (1): 25","Ascension (20): 288"],"is_ascension_mode":true,"potions_obtained_alchemize":[[],[],[],[],[],[],[],[],[],[],[],[],[],[],[],[],[],[],[],[],[],[],[],[],[],[],[],[],[],[]],"campfire_choices":[{"data":"Anger","floor":7,"key":"SMITH"},{"data":"Carnage","floor":10,"key":"SMITH"},{"data":"Blood for Blood","floor":15,"key":"SMITH"},{"data":"Immolate","floor":23,"key":"SMITH"},{"floor":28,"key":"REST"}],"lesson_learned_per_floor":[[],[],[],[],[],[],[],[],[],[],[],[],[],[],[],[],[],[],[],[],[],[],[],[],[],[],[],[],[],[]],"neow_cost":"NONE","improvable_cards":{},"seed_source_timestamp":289223506106900,"shop_contents":[{"floor":4,"relics":["InkBottle","Toxic Egg 2"],"cards":["Reaper","Shrug It Off","Flex","Deep Breath","HandOfGreed"],"potions":["Fire Potion","PowerPotion","Explosive Potion"]},{"floor":21,"relics":["Prayer Wheel","Thread and Needle"],"cards":["Carnage","Heavy Blade","Flex","Inflame","Dramatic Entrance","Master of Strategy"],"potions":["CultistPotion","ColorlessPotion","LiquidBronze"]}],"circlet_count":0,"master_deck":["AscendersBane","Defend_R+1","Defend_R+1","Defend_R","Defend_R","Bash","Carnage+1","Disarm+1","Inflame","Anger+1","Burning Pact","Intimidate","Blood for Blood+1","Iron Wave","Immolate+1","Flame Barrier","True Grit","Bite","Bite","Bite","Bite","Bite","Infernal Blade+1","Writhe","Second Wind+1"],"potion_use_per_floor":[[],[],[],[],[],["SkillPotion"],[],["ColorlessPotion"],[],[],[],[],[],[],[],["Strength Potion"],[],[],[],[],[],[],[],[],["ColorlessPotion"],[],[],[],["BlessingOfTheForge"],[]],"relics":["Burning Blood","Medical Kit","Pear","War Paint","Red Skull","MawBank","Cursed Key","TheAbacus","Bottled Lightning","Regal Pillow"],"potions_floor_usage":[6,8,16,25,29],"damage_taken":[{"damage":3,"enemies":"2 Louse","floor":1,"turns":4},{"damage":10,"enemies":"Small Slimes","floor":2,"turns":4},{"damage":1,"enemies":"Cultist","floor":5,"turns":3},{"damage":18,"enemies":"Lagavulin","floor":6,"turns":6},{"damage":31,"enemies":"Gremlin Nob","floor":8,"turns":4},{"damage":15,"enemies":"Lagavulin","floor":11,"turns":6},{"damage":17,"enemies":"Large Slime","floor":12,"turns":5},{"damage":3,"enemies":"Looter","floor":14,"turns":2},{"damage":37,"enemies":"The Guardian","floor":16,"turns":9},{"damage":15,"enemies":"2 Thieves","floor":18,"turns":4},{"damage":6,"enemies":"Shell Parasite","floor":20,"turns":4},{"damage":56,"enemies":"Slavers","floor":24,"turns":7},{"damage":17,"enemies":"Sentry and Sphere","floor":25,"turns":4},{"damage":10,"enemies":"Centurion and Healer","floor":27,"turns":8},{"damage":40,"enemies":"Gremlin Leader","floor":29,"turns":6},{"damage":29,"enemies":"Shelled Parasite and Fungi","floor":30,"turns":4}],"green_key_taken_log":6,"seed_played":"-1755290822577180072","neow_bonus_log":{"cardsObtained":[],"cardsUpgraded":[],"cardsRemoved":[],"cardsTransformed":[],"relicsObtained":[],"maxHpGained":0,"goldGained":100,"damageTaken":0,"goldLost":0,"maxHpLost":0},"potions_obtained":[{"floor":1,"key":"SkillPotion"},{"floor":6,"key":"ColorlessPotion"},{"floor":14,"key":"Strength Potion"},{"floor":24,"key":"ColorlessPotion"},{"floor":25,"key":"BlessingOfTheForge"},{"floor":27,"key":"ElixirPotion"}],"is_trial":false,"path_per_floor":["M","M","?","$","M","E","R","E","T","R","E","M","?","M","R","B",null,"M","?","M","$","?","R","E","M","T","M","R","E","M"],"character_chosen":"IRONCLAD","basemod:card_modifiers":[null,null,null,null,null,null,null,null,null,null,null,null,null,null,null,null,null,null,null,null,null,null,null,null,null],"items_purchased":["Inflame","Anger","Medical Kit","TheAbacus","True Grit"],"campfire_rested":1,"item_purchase_floors":[4,4,4,21,21],"current_hp_per_floor":[71,67,56,56,61,59,59,34,34,34,25,14,42,45,45,14,67,58,58,58,58,58,58,19,14,14,26,43,23,0],"gold":109,"neow_bonus":"HUNDRED_GOLD","is_prod":false,"is_daily":false,"rewards_skipped":[],"chose_seed":false,"campfire_upgraded":4,"win_rate":0,"floor_exit_playtime":[53,102,105,149,174,229,235,269,271,283,361,403,407,444,449,517,539,574,584,625,639,648,656,725,780,783,861,868,937],"timestamp":1701222730,"blue_key_relic_skipped_log":{"floor":26,"relicID":"Strawberry"},"path_taken":["M","M","?","$","M","E","R","E","T","R","E","M","?","M","R","BOSS","M","?","?","$","?","R","E","M","T","M","R","E","M"],"build_version":"2022-12-18","purchased_purges":1,"victory":false,"max_hp_per_floor":[75,75,75,75,75,85,85,85,85,85,85,85,85,85,85,85,85,85,85,85,85,59,59,59,59,59,59,59,59,59],"relic_stats":{"Regal Pillow":0,"TheAbacus":[18],"counters":[16,80],"Bottled Lightning":"Burning Pact","War Paint":["Defend_R","Defend_R"],"Medical Kit":[8],"MawBank":120,"Cursed Key":1,"obtain_stats":[{"Regal Pillow":29,"Pear":6,"TheAbacus":21,"Bottled Lightning":24,"War Paint":8,"Medical Kit":4,"MawBank":11,"Cursed Key":17,"Burning Blood":0,"Red Skull":9},{"Regal Pillow":15,"Pear":4,"TheAbacus":11,"Bottled Lightning":12,"War Paint":5,"Medical Kit":2,"MawBank":6,"Cursed Key":9,"Burning Blood":0,"Red Skull":5},{"Regal Pillow":76,"Pear":17,"TheAbacus":51,"Bottled Lightning":58,"War Paint":21,"Medical Kit":8,"MawBank":27,"Cursed Key":43,"Burning Blood":0,"Red Skull":21}],"Burning Blood":90},"card_choices":[{"not_picked":["Dark Embrace","Fire Breathing"],"picked":"Carnage","floor":1},{"not_picked":["Shockwave","Havoc"],"picked":"Disarm","floor":2},{"not_picked":["Flex","Havoc","Sword Boomerang"],"picked":"SKIP","floor":5},{"not_picked":["True Grit","Ghostly Armor"],"picked":"Burning Pact","floor":6},{"not_picked":["Anger","Searing Blow","Sword Boomerang"],"picked":"SKIP","floor":8},{"not_picked":["Searing Blow","Anger"],"picked":"Intimidate","floor":11},{"not_picked":["Perfected Strike","Body Slam"],"picked":"Blood for Blood","floor":12},{"not_picked":["Cleave","Entrench"],"picked":"Iron Wave","floor":14},{"not_picked":["Demon Form","Double Tap"],"picked":"Immolate","floor":16},{"not_picked":["Clothesline","Thunderclap"],"picked":"Flame Barrier","floor":18},{"not_picked":["Whirlwind","Warcry","Twin Strike"],"picked":"SKIP","floor":20},{"not_picked":["Iron Wave","Dropkick+1","Heavy Blade"],"picked":"SKIP","floor":24},{"not_picked":["Blood for Blood","Battle Trance"],"picked":"Infernal Blade+1","floor":25},{"not_picked":["Twin Strike","Fire Breathing","Wild Strike"],"picked":"SKIP","floor":27},{"not_picked":["Wild Strike","Brutality"],"picked":"Second Wind+1","floor":29}],"player_experience":2372650,"relics_obtained":[{"floor":6,"key":"Pear"},{"floor":8,"key":"War Paint"},{"floor":9,"key":"Red Skull"},{"floor":11,"key":"MawBank"},{"floor":24,"key":"Bottled Lightning"},{"floor":29,"key":"Regal Pillow"}],"event_choices":[{"damage_healed":0,"gold_gain":75,"player_choice":"Gather Gold","damage_taken":11,"max_hp_gain":0,"max_hp_loss":0,"event_name":"World of Goop","floor":3,"gold_loss":0},{"damage_healed":28,"gold_gain":0,"player_choice":"Banana","damage_taken":0,"max_hp_gain":0,"max_hp_loss":0,"event_name":"Big Fish","floor":13,"gold_loss":0},{"cards_removed":["Strike_R"],"damage_healed":0,"gold_gain":0,"player_choice":"Upgrade and Remove","damage_taken":0,"max_hp_gain":0,"max_hp_loss":0,"event_name":"Designer","floor":19,"gold_loss":110,"cards_upgraded":["Disarm"]},{"damage_healed":0,"gold_gain":0,"player_choice":"Became a vampire","damage_taken":0,"max_hp_gain":0,"max_hp_loss":26,"event_name":"Vampires","floor":22,"gold_loss":0,"cards_obtained":["Bite","Bite","Bite","Bite","Bite"]}],"is_beta":false,"boss_relics":[{"not_picked":["SacredBark","Calling Bell"],"picked":"Cursed Key"}],"items_purged_floors":[21],"is_endless":false,"potions_floor_spawned":[1,6,14,24,25,27],"killed_by":"Shelled Parasite and Fungi","ascension_level":20,"potion_discard_per_floor":[[],[],[],[],[],[],[],[],[],[],[],[],[],[],[],[],[],[],[],[],[],[],[],[],[],[],[],[],[],[]]}