{"neow_bonuses_skipped_log":["TRANSFORM_CARD","THREE_ENEMY_KILL","BOSS_RELIC"],"potions_obtained_entropic_brew":[[],[],[],[],[],[],[],[],[],[],[],[],[],[],[],[]],"neow_costs_skipped_log":["NONE","NONE","NONE"],"gold_per_floor":[111,126,145,164,34,34,68,68,68,102,102,102,117,134,134,134],"floor_reached":16,"playtime":478,"items_purged":["Strike_R"],"score":224,"play_id":"7d989489-419a-4f16-bd02-3d4b89ca620f","local_time":"20231130200047","score_breakdown":["Floors Climbed (16): 80","Enemies Slain (6): 12","Exordium Elites Killed (2): 20","Bosses Slain (0): 0","Ascension (20): 112"],"is_ascension_mode":true,"potions_obtained_alchemize":[[],[],[],[],[],[],[],[],[],[],[],[],[],[],[],[]],"campfire_choices":[{"data":"Uppercut","floor":6,"key":"SMITH"},{"data":"Fiend Fire","floor":8,"key":"SMITH"},{"floor":12,"key":"REST"},{"floor":15,"key":"REST"}],"lesson_learned_per_floor":[[],[],[],[],[],[],[],[],[],[],[],[],[],[],[],[]],"neow_cost":"TEN_PERCENT_HP_LOSS","improvable_cards":{},"seed_source_timestamp":120861725527600,"shop_contents":[{"floor":5,"relics":["Bottled Tornado","Thread and Needle","OrangePellets"],"cards":["Pummel","Rampage","Entrench","Infernal Blade","Combust","Enlightenment","Sadistic Nature"],"potions":["Block Potion","ElixirPotion"]}],"circlet_count":0,"master_deck":["AscendersBane","Strike_R","Strike_R","Strike_R","Strike_R","Defend_R","Defend_R","Defend_R","Defend_R","Bash","Sadistic Nature","Metallicize","Uppercut+1","Hemokinesis","Burning Pact","Fiend Fire+1","Feel No Pain"],"potion_use_per_floor":[[],[],[],[],[],[],["Ancient Potion"],[],[],[],[],[],[],[],[],["PowerPotion"]],"relics":["Burning Blood","Boot","Kunai","Mummified Hand","Regal Pillow"],"potions_floor_usage":[7,16],"damage_taken":[{"damage":21,"enemies":"Jaw Worm","floor":1,"turns":5},{"damage":2,"enemies":"Small Slimes","floor":2,"turns":4},{"damage":7,"enemies":"2 Louse","floor":3,"turns":4},{"damage":10,"enemies":"Large Slime","floor":4,"turns":5},{"damage":16,"enemies":"Gremlin Nob","floor":7,"turns":4},{"damage":20,"enemies":"3 Sentries","floor":10,"turns":8},{"damage":17,"enemies":"Exordium Thugs","floor":13,"turns":5},{"damage":23,"enemies":"Lots of Slimes","floor":14,"turns":5},{"damage":50,"enemies":"The Guardian","floor":16,"turns":4}],"seed_played":"457935441783451209","neow_bonus_log":{"cardsObtained":[],"cardsUpgraded":[],"cardsRemoved":[],"cardsTransformed":[],"relicsObtained":[],"maxHpGained":0,"goldGained":0,"damageTaken":0,"goldLost":0,"maxHpLost":7},"potions_obtained":[{"floor":3,"key":"Ancient Potion"},{"floor":4,"key":"GamblersBrew"}],"is_trial":false,"path_per_floor":["M","M","M","M","$","R","E","R","T","E","?","R","M","M","R","B"],"character_chosen":"IRONCLAD","basemod:card_modifiers":[null,null,null,null,null,null,null,null,null,null,null,null,null,null,null,null,null],"items_purchased":["PowerPotion"],"campfire_rested":2,"item_purchase_floors":[5],"current_hp_per_floor":[53,57,56,52,52,52,42,42,42,28,10,45,34,17,52,2],"gold":134,"neow_bonus":"RANDOM_COLORLESS_2","is_prod":false,"is_daily":false,"rewards_skipped":[],"chose_seed":false,"campfire_upgraded":2,"win_rate":0,"floor_exit_playtime":[67,97,136,178,201,208,238,248,254,323,327,330,374,443,445],"timestamp":1701392447,"path_taken":["M","M","M","M","$","R","E","R","T","E","?","R","M","M","R","BOSS"],"build_version":"2022-12-18","purchased_purges":1,"victory":false,"max_hp_per_floor":[68,68,68,68,68,68,68,68,68,68,68,68,68,68,68,68],"relic_stats":{"Regal Pillow":30,"counters":[9,44],"Mummified Hand":[7],"Kunai":[1],"Boot":[3],"obtain_stats":[{"Regal Pillow":11,"Mummified Hand":10,"Kunai":9,"Boot":7,"Burning Blood":0},{"Regal Pillow":6,"Mummified Hand":6,"Kunai":5,"Boot":5,"Burning Blood":0},{"Regal Pillow":30,"Mummified Hand":30,"Kunai":22,"Boot":22,"Burning Blood":0}],"Burning Blood":48},"card_choices":[{"not_picked":["Chrysalis","Magnetism"],"picked":"Sadistic Nature","floor":0},{"not_picked":["Wild Strike","Rage"],"picked":"Metallicize","floor":1},{"not_picked":["Shrug It Off","Headbutt"],"picked":"Uppercut","floor":2},{"not_picked":["Headbutt","Iron Wave"],"picked":"Hemokinesis","floor":3},{"not_picked":["Infernal Blade","Fire Breathing"],"picked":"Burning Pact","floor":4},{"not_picked":["Combust","Havoc"],"picked":"Fiend Fire","floor":7},{"not_picked":["Pommel Strike","Cleave"],"picked":"Feel No Pain","floor":10},{"not_picked":["Hemokinesis","Sword Boomerang","Combust"],"picked":"SKIP","floor":13},{"not_picked":["Iron Wave","Flex","Sword Boomerang"],"picked":"SKIP","floor":14}],"player_experience":2375783,"relics_obtained":[{"floor":7,"key":"Boot"},{"floor":9,"key":"Kunai"},{"floor":10,"key":"Mummified Hand"}],"event_choices":[{"damage_healed":0,"gold_gain":0,"player_choice":"Success","damage_taken":18,"relics_obtained":["Regal Pillow"],"max_hp_gain":0,"max_hp_loss":0,"event_name":"Scrap Ooze","floor":11,"gold_loss":0}],"is_beta":false,"boss_relics":[],"items_purged_floors":[5],"is_endless":false,"potions_floor_spawned":[3,4],"killed_by":"The Guardian","ascension_level":20,"potion_discard_per_floor":[[],[],[],[],["GamblersBrew"],[],[],[],[],[],[],[],[],[],[],[]]}