{"neow_bonuses_skipped_log":["UPGRADE_CARD","TWO_FIFTY_GOLD","BOSS_RELIC"],"potions_obtained_entropic_brew":[[],[],[],[],[],[],[],[],[],[],[],[],[],[],[],[]],"neow_costs_skipped_log":["NONE","PERCENT_DAMAGE","NONE"],"gold_per_floor":[110,128,98,118,135,135,161,161,161,187,262,281,281,295,295,295],"floor_reached":16,"playtime":546,"items_purged":[],"score":224,"play_id":"f85ebcd6-03a6-44f9-9c74-d8b5f9b56b89","local_time":"20231130193724","score_breakdown":["Floors Climbed (16): 80","Enemies Slain (6): 12","Exordium Elites Killed (2): 20","Bosses Slain (0): 0","Ascension (20): 112"],"is_ascension_mode":true,"potions_obtained_alchemize":[[],[],[],[],[],[],[],[],[],[],[],[],[],[],[],[]],"campfire_choices":[{"data":"Anger","floor":6.0,"key":"SMITH"},{"floor":8.0,"key":"REST"},{"floor":15,"key":"REST"}],"lesson_learned_per_floor":[[],[],[],[],[],[],[],[],[],[],[],[],[],[],[],[]],"neow_cost":"NONE","improvable_cards":{},"seed_source_timestamp":119362704362900,"shop_contents":[],"circlet_count":0,"master_deck":["AscendersBane","Strike_R","Strike_R","Strike_R","Strike_R","Defend_R","Defend_R","Defend_R","Defend_R","Bash","Anger+1","Shrug It Off","Headbutt","Fire Breathing","Immolate","Flame Barrier","True Grit","Flame Barrier","Sever Soul"],"special_seed":0,"potion_use_per_floor":[[],[],[],[],[],[],["Block Potion"],[],[],["ColorlessPotion"],[],[],[],[],[],["Energy Potion","AttackPotion"]],"relics":["Burning Blood","Dream Catcher","The Courier","Darkstone Periapt","Strawberry"],"potions_floor_usage":[10,16,16],"damage_taken":[{"damage":6.0,"enemies":"Cultist","floor":1.0,"turns":4.0},{"damage":7.0,"enemies":"Small Slimes","floor":2.0,"turns":3.0},{"damage":0.0,"enemies":"Jaw Worm","floor":4.0,"turns":4.0},{"damage":9.0,"enemies":"2 Fungi Beasts","floor":5.0,"turns":3.0},{"damage":20.0,"enemies":"Gremlin Nob","floor":7.0,"turns":4.0},{"damage":42,"enemies":"Lagavulin","floor":10,"turns":10},{"damage":16,"enemies":"Lots of Slimes","floor":12,"turns":3},{"damage":12,"enemies":"Large Slime","floor":14,"turns":4},{"damage":51,"enemies":"Hexaghost","floor":16,"turns":10}],"green_key_taken_log":10,"seed_played":"2712631438501008515","neow_bonus_log":{"cardsObtained":[],"cardsUpgraded":[],"cardsRemoved":[],"cardsTransformed":[],"relicsObtained":["Dream Catcher"],"maxHpGained":0,"goldGained":0,"damageTaken":0,"goldLost":0,"maxHpLost":0},"potions_obtained":[{"floor":1.0,"key":"SneckoOil"},{"floor":3.0,"key":"Energy Potion"},{"floor":5.0,"key":"Block Potion"},{"floor":7.0,"key":"ColorlessPotion"},{"floor":14,"key":"AttackPotion"}],"is_trial":false,"path_per_floor":["M","M","?","M","M","R","E","R","T","E","?","M","?","M","R","B"],"character_chosen":"IRONCLAD","basemod:card_modifiers":[null,null,null,null,null,null,null,null,null,null,null,null,null,null,null,null,null,null,null],"items_purchased":[],"campfire_rested":2,"item_purchase_floors":[],"current_hp_per_floor":[68,67,67,73,70,70,56,75,75,46,35,25,25,19,43,0],"gold":295,"neow_bonus":"RANDOM_COMMON_RELIC","is_prod":false,"is_daily":false,"rewards_skipped":[{"floor":3,"relics":[],"potions":["SneckoOil"]}],"chose_seed":false,"campfire_upgraded":1,"win_rate":0,"floor_exit_playtime":[95,118,126,177,211,215,253,263,265,362,365,404,412,451,459],"timestamp":1701391044,"path_taken":["M","?","?","?","M","R","E","R","T","E","?","M","?","M","R","BOSS"],"build_version":"2022-12-18","purchased_purges":0,"victory":false,"max_hp_per_floor":[75,75,75,75,75,75,75,75,75,82,82,82,82,82,82,82],"relic_stats":{"Darkstone Periapt":0,"Dream Catcher":2,"counters":[9,45],"The Courier":0,"obtain_stats":[{"Darkstone Periapt":9,"Dream Catcher":0,"Strawberry":10,"The Courier":7,"Burning Blood":0},{"Darkstone Periapt":5,"Dream Catcher":0,"Strawberry":6,"The Courier":5,"Burning Blood":0},{"Darkstone Periapt":18,"Dream Catcher":0,"Strawberry":28,"The Courier":18,"Burning Blood":0}],"Burning Blood":48},"card_choices":[{"not_picked":["Twin Strike","Entrench"],"picked":"Anger","floor":1.0},{"not_picked":["Sentinel","Entrench"],"picked":"Shrug It Off","floor":2.0},{"not_picked":["Cleave","Body Slam"],"picked":"Headbutt","floor":4.0},{"not_picked":["Heavy Blade","Clothesline","Warcry"],"picked":"SKIP","floor":5.0},{"not_picked":["Rage","Havoc"],"picked":"Fire Breathing","floor":7.0},{"not_picked":["Dual Wield","Anger"],"picked":"Immolate","floor":8.0},{"not_picked":["Wild Strike","Bloodletting"],"picked":"Flame Barrier","floor":10},{"not_picked":["Iron Wave","Armaments"],"picked":"True Grit","floor":12},{"not_picked":["Armaments","Body Slam"],"picked":"Flame Barrier","floor":14},{"not_picked":["Havoc","True Grit"],"picked":"Sever Soul","floor":15}],"player_experience":2374331,"relics_obtained":[{"floor":7.0,"key":"The Courier"},{"floor":9.0,"key":"Darkstone Periapt"},{"floor":10,"key":"Strawberry"}],"event_choices":[{"damage_healed":0.0,"max_hp_gain":0.0,"max_hp_loss":0.0,"gold_gain":0.0,"event_name":"The Woman in Blue","player_choice":"Bought 2 Potions","floor":3.0,"gold_loss":0.0,"damage_taken":0.0},{"damage_healed":0,"gold_gain":75,"player_choice":"Gather Gold","damage_taken":11,"max_hp_gain":0,"max_hp_loss":0,"event_name":"World of Goop","floor":11,"gold_loss":0},{"cards_removed":["Strike_R"],"damage_healed":0,"gold_gain":0,"player_choice":"Offered Basic","damage_taken":0,"max_hp_gain":0,"max_hp_loss":0,"event_name":"Bonfire Elementals","floor":13,"gold_loss":0}],"is_beta":false,"boss_relics":[],"items_purged_floors":[],"is_endless":false,"potions_floor_spawned":[1,5,7,14],"killed_by":"Hexaghost","ascension_level":20,"potion_discard_per_floor":[[],[],[],[],["SneckoOil"],[],[],[],[],[],[],[],[],[],[],[]]}