{"neow_bonuses_skipped_log":["TEN_PERCENT_HP_BONUS","ONE_RARE_RELIC","BOSS_RELIC"],"potions_obtained_entropic_brew":[[],[],[],[],[],[],[],[],[],[],[],[],[],[],[],[],[],[],[],[],[],[],[],[]],"neow_costs_skipped_log":["NONE","CURSE","NONE"],"gold_per_floor":[113,129,183,199,213,242,242,267,267,267,267,267,298,326,326,400,400,417,467,478,493,126,126,126],"floor_reached":24,"playtime":702,"items_purged":["Strike_R+1"],"score":528,"play_id":"1f6b6fc1-c99a-4edd-b9dd-34209635235d","local_time":"20231128225422","score_breakdown":["Floors Climbed (24): 120","Enemies Slain (7): 14","Exordium Elites Killed (3): 30","City Elites Killed (0): 0","Bosses Slain (1): 50","Perfect (1): 50","Ascension (20): 264"],"is_ascension_mode":true,"potions_obtained_alchemize":[[],[],[],[],[],[],[],[],[],[],[],[],[],[],[],[],[],[],[],[],[],[],[],[]],"campfire_choices":[{"data":"Bludgeon","floor":7.0,"key":"SMITH"},{"data":"Whirlwind","floor":10.0,"key":"SMITH"},{"data":"Dark Embrace","floor":15,"key":"SMITH"},{"data":"Feel No Pain","floor":23,"key":"SMITH"}],"lesson_learned_per_floor":[[],[],[],[],[],[],[],[],[],[],[],[],[],[],[],[],[],[],[],[],[],[],[],[]],"neow_cost":"NONE","improvable_cards":{},"seed_source_timestamp":296813687008700,"shop_contents":[{"floor":22,"relics":["Letter Opener"],"cards":["Perfected Strike","Carnage","True Grit","Rupture","Violence"],"potions":["Regen Potion","Dexterity Potion","SpeedPotion"]}],"circlet_count":0,"master_deck":["AscendersBane","Strike_R+1","Defend_R","Defend_R","Defend_R+1","Bash+1","Headbutt","Whirlwind+1","Bludgeon+1","Reckless Charge","Power Through+1","Dark Embrace+1","Feed","Dark Embrace+1","Power Through+1","Flex+1","Evolve","Feel No Pain+1","Second Wind","Dark Shackles"],"special_seed":0,"potion_use_per_floor":[[],[],[],[],[],["EssenceOfSteel"],[],["Weak Potion"],[],[],[],[],[],[],[],[],[],["Explosive Potion"],[],[],[],[],[],["Strength Potion"]],"relics":["Burning Blood","Red Skull","Ornamental Fan","Sundial","Pocketwatch","Odd Mushroom","Astrolabe","Membership Card","War Paint"],"potions_floor_usage":[18,24],"damage_taken":[{"damage":1.0,"enemies":"Cultist","floor":1.0,"turns":3.0},{"damage":9.0,"enemies":"Jaw Worm","floor":2.0,"turns":4.0},{"damage":10.0,"enemies":"Small Slimes","floor":4.0,"turns":3.0},{"damage":0.0,"enemies":"3 Louse","floor":5.0,"turns":2.0},{"damage":16.0,"enemies":"3 Sentries","floor":6.0,"turns":5.0},{"damage":12.0,"enemies":"Gremlin Nob","floor":8.0,"turns":4.0},{"damage":15,"enemies":"3 Sentries","floor":13,"turns":4},{"damage":2,"enemies":"The Mushroom Lair","floor":14,"turns":2},{"damage":0,"enemies":"Slime Boss","floor":16,"turns":5},{"damage":22,"enemies":"2 Thieves","floor":18,"turns":5},{"damage":18,"enemies":"Spheric Guardian","floor":20,"turns":6},{"damage":21,"enemies":"Snecko","floor":21,"turns":5},{"damage":34,"enemies":"Slavers","floor":24,"turns":1}],"seed_played":"9015842202053095336","neow_bonus_log":{"cardsObtained":[],"cardsUpgraded":["Bash"],"cardsRemoved":[],"cardsTransformed":[],"relicsObtained":[],"maxHpGained":0,"goldGained":0,"damageTaken":0,"goldLost":0,"maxHpLost":0},"potions_obtained":[{"floor":2.0,"key":"Weak Potion"},{"floor":5.0,"key":"EssenceOfSteel"},{"floor":14,"key":"CultistPotion"},{"floor":16,"key":"Explosive Potion"},{"floor":20,"key":"Strength Potion"}],"is_trial":false,"path_per_floor":["M","M","T","M","M","E","R","E","T","R","?","?","E","?","R","B",null,"M","?","M","M","$","R","E"],"character_chosen":"IRONCLAD","basemod:card_modifiers":[null,null,null,null,null,null,null,null,null,null,null,null,null,null,null,null,null,null,null,null],"items_purchased":["Membership Card","Second Wind","War Paint","Dark Shackles"],"campfire_rested":0,"item_purchase_floors":[22,22,22,22],"current_hp_per_floor":[73,70,70,66,72,62,62,56,56,56,33,26,17,21,21,27,63,50,50,38,26,26,26,0],"gold":126,"neow_bonus":"UPGRADE_CARD","is_prod":false,"is_daily":false,"rewards_skipped":[],"chose_seed":false,"campfire_upgraded":4,"win_rate":0,"floor_exit_playtime":[54,88,94,119,133,180,185,224,227,233,236,243,277,311,315,401,424,507,510,592,640,673,681],"timestamp":1701230062,"blue_key_relic_skipped_log":{"floor":3,"relicID":"Tiny Chest"},"path_taken":["M","M","?","M","M","E","R","E","T","R","?","?","E","?","R","BOSS","M","?","M","M","$","R","E"],"build_version":"2022-12-18","purchased_purges":1,"victory":false,"max_hp_per_floor":[75,75,75,75,75,75,75,75,75,75,75,75,75,75,75,75,75,78,78,78,81,81,81,81],"relic_stats":{"counters":[13,49],"Ornamental Fan":[16],"Sundial":[6],"Astrolabe":["Dark Embrace","Power Through","Flex"],"Membership Card":205,"War Paint":["Power Through","Defend_R"],"obtain_stats":[{"Ornamental Fan":8,"Sundial":9,"Astrolabe":17,"Membership Card":22,"Odd Mushroom":14,"War Paint":22,"Burning Blood":0,"Red Skull":6,"Pocketwatch":13},{"Ornamental Fan":6,"Sundial":6,"Astrolabe":9,"Membership Card":12,"Odd Mushroom":8,"War Paint":12,"Burning Blood":0,"Red Skull":5,"Pocketwatch":7},{"Ornamental Fan":21,"Sundial":21,"Astrolabe":32,"Membership Card":48,"Odd Mushroom":27,"War Paint":48,"Burning Blood":0,"Red Skull":17,"Pocketwatch":25}],"Burning Blood":72,"Pocketwatch":[46]},"card_choices":[{"not_picked":["Warcry","Thunderclap"],"picked":"Headbutt","floor":1.0},{"not_picked":["Perfected Strike","Wild Strike"],"picked":"Whirlwind","floor":2.0},{"not_picked":["Armaments","Flex"],"picked":"Bludgeon","floor":4.0},{"not_picked":["Warcry","Clothesline"],"picked":"Reckless Charge","floor":5.0},{"not_picked":["Rage","Hemokinesis"],"picked":"Power Through","floor":6.0},{"not_picked":["Sever Soul","Thunderclap","Rage"],"picked":"SKIP","floor":8.0},{"not_picked":["Thunderclap","Cleave"],"picked":"Dark Embrace","floor":13},{"not_picked":["Entrench","Body Slam","Twin Strike"],"picked":"SKIP","floor":14},{"not_picked":["Reaper","Bludgeon"],"picked":"Feed","floor":16},{"not_picked":["Clothesline","Iron Wave"],"picked":"Evolve","floor":18},{"not_picked":["Rage","Clash","Havoc+1"],"picked":"SKIP","floor":20},{"not_picked":["Battle Trance","Infernal Blade"],"picked":"Feel No Pain","floor":21}],"player_experience":2373629,"relics_obtained":[{"floor":6.0,"key":"Red Skull"},{"floor":8.0,"key":"Ornamental Fan"},{"floor":9.0,"key":"Sundial"},{"floor":13,"key":"Pocketwatch"},{"floor":14,"key":"Odd Mushroom"}],"event_choices":[{"damage_healed":0.0,"max_hp_gain":0.0,"max_hp_loss":0.0,"gold_gain":0.0,"event_name":"Shining Light","player_choice":"Entered Light","floor":11.0,"gold_loss":0.0,"damage_taken":23.0,"cards_upgraded":["Strike_R","Strike_R"]},{"cards_removed":["Strike_R"],"damage_healed":0,"gold_gain":0,"player_choice":"Card Removal","damage_taken":7,"max_hp_gain":0,"max_hp_loss":0,"event_name":"Golden Wing","floor":12,"gold_loss":0},{"damage_healed":0,"gold_gain":0,"player_choice":"Fought Mushrooms","damage_taken":0,"max_hp_gain":0,"max_hp_loss":0,"event_name":"Mushrooms","floor":14,"gold_loss":0},{"damage_healed":0,"gold_gain":50,"player_choice":"Pray","damage_taken":0,"max_hp_gain":0,"max_hp_loss":0,"event_name":"Golden Shrine","floor":19,"gold_loss":0}],"is_beta":false,"boss_relics":[{"not_picked":["Fusion Hammer","Sozu"],"picked":"Astrolabe"}],"items_purged_floors":[22],"is_endless":false,"potions_floor_spawned":[2,5,14,16,20],"killed_by":"Slavers","ascension_level":20,"potion_discard_per_floor":[[],[],[],[],[],[],[],[],[],[],[],[],[],[],[],[],[],[],[],[],[],[],[],[]]}