{"neow_bonuses_skipped_log":["ONE_RANDOM_RARE_CARD","TEN_PERCENT_HP_BONUS","BOSS_RELIC"],"potions_obtained_entropic_brew":[[],[],[],[],[],[],[],[],[],[],[],[],[]],"neow_costs_skipped_log":["NONE","NONE","NONE"],"gold_per_floor":[11,21,21,37,53,96,96,121,121,145,145,163,163],"floor_reached":13,"playtime":447,"items_purged":[],"score":178,"play_id":"d2f361b4-c59b-48bf-b8ee-7d8de43a39fc","local_time":"20231128191413","score_breakdown":["Floors Climbed (13): 65","Enemies Slain (7): 14","Exordium Elites Killed (1): 10","Bosses Slain (0): 0","Ascension (20): 89"],"is_ascension_mode":true,"potions_obtained_alchemize":[[],[],[],[],[],[],[],[],[],[],[],[],[]],"campfire_choices":[{"data":"Heavy Blade","floor":7,"key":"SMITH"}],"lesson_learned_per_floor":[[],[],[],[],[],[],[],[],[],[],[],[],[]],"neow_cost":"NO_GOLD","improvable_cards":{},"seed_source_timestamp":283879030314800,"shop_contents":[],"circlet_count":0,"master_deck":["AscendersBane","Strike_R","Strike_R","Strike_R","Strike_R","Strike_R","Defend_R","Defend_R","Defend_R","Bash","Demon Form","Heavy Blade+1","Power Through","Twin Strike","Shrug It Off","Reckless Charge","True Grit","Battle Trance","Immolate"],"potion_use_per_floor":[[],[],[],[],[],["Block Potion"],[],[],[],[],[],[],["SpeedPotion"]],"relics":["Burning Blood","Golden Idol","Darkstone Periapt","Calipers"],"potions_floor_usage":[6,13],"damage_taken":[{"damage":4,"enemies":"Jaw Worm","floor":1,"turns":4},{"damage":2,"enemies":"Cultist","floor":2,"turns":4},{"damage":1,"enemies":"2 Louse","floor":4,"turns":4},{"damage":4,"enemies":"Red Slaver","floor":5,"turns":6},{"damage":20,"enemies":"Gremlin Nob","floor":6,"turns":4},{"damage":11,"enemies":"2 Fungi Beasts","floor":8,"turns":4},{"damage":3,"enemies":"Looter","floor":10,"turns":4},{"damage":7,"enemies":"3 Louse","floor":12,"turns":4},{"damage":29,"enemies":"3 Sentries","floor":13,"turns":6}],"seed_played":"-3803157112466313534","neow_bonus_log":{"cardsObtained":[],"cardsUpgraded":[],"cardsRemoved":[],"cardsTransformed":[],"relicsObtained":[],"maxHpGained":0,"goldGained":0,"damageTaken":0,"goldLost":99,"maxHpLost":0},"potions_obtained":[{"floor":1,"key":"Block Potion"},{"floor":10,"key":"SpeedPotion"},{"floor":12,"key":"ElixirPotion"}],"is_trial":false,"path_per_floor":["M","M","?","M","M","E","R","M","T","M","?","M","E"],"character_chosen":"IRONCLAD","basemod:card_modifiers":[null,null,null,null,null,null,null,null,null,null,null,null,null,null,null,null,null,null,null],"items_purchased":[],"campfire_rested":0,"item_purchase_floors":[],"current_hp_per_floor":[70,74,48,53,55,41,41,36,36,39,39,38,9],"gold":163,"neow_bonus":"THREE_RARE_CARDS","is_prod":false,"is_daily":false,"rewards_skipped":[],"chose_seed":false,"campfire_upgraded":1,"win_rate":0,"floor_exit_playtime":[79,109,113,156,195,230,240,289,293,324,335,385],"timestamp":1701216853,"path_taken":["M","M","?","M","M","E","R","M","T","M","?","?","E"],"build_version":"2022-12-18","purchased_purges":0,"victory":false,"max_hp_per_floor":[75,75,75,75,75,75,75,75,75,75,75,75,75],"relic_stats":{"Darkstone Periapt":0,"Calipers":[0],"counters":[9,40],"Golden Idol":29,"obtain_stats":[{"Darkstone Periapt":6,"Calipers":9,"Golden Idol":3,"Burning Blood":0},{"Darkstone Periapt":5,"Calipers":6,"Golden Idol":2,"Burning Blood":0},{"Darkstone Periapt":22,"Calipers":26,"Golden Idol":8,"Burning Blood":0}],"Burning Blood":48},"card_choices":[{"not_picked":["Brutality","Juggernaut"],"picked":"Demon Form","floor":0},{"not_picked":["Evolve","Dual Wield"],"picked":"Heavy Blade","floor":1},{"not_picked":["Fire Breathing","Shockwave"],"picked":"Power Through","floor":2},{"not_picked":["Body Slam","Reckless Charge"],"picked":"Twin Strike","floor":4},{"not_picked":["Body Slam","Searing Blow"],"picked":"Shrug It Off","floor":5},{"not_picked":["Dual Wield","Thunderclap"],"picked":"Reckless Charge","floor":6},{"not_picked":["Intimidate","Headbutt"],"picked":"True Grit","floor":8},{"not_picked":["Body Slam","Cleave"],"picked":"Battle Trance","floor":10},{"not_picked":["Flex","Uppercut"],"picked":"Immolate","floor":12}],"player_experience":2372203,"relics_obtained":[{"floor":6,"key":"Darkstone Periapt"},{"floor":9,"key":"Calipers"}],"event_choices":[{"damage_healed":0,"gold_gain":0,"player_choice":"Take Damage","damage_taken":26,"relics_obtained":["Golden Idol"],"max_hp_gain":0,"max_hp_loss":0,"event_name":"Golden Idol","floor":3,"gold_loss":0},{"cards_removed":["Defend_R"],"damage_healed":0,"gold_gain":0,"player_choice":"Purged","damage_taken":0,"max_hp_gain":0,"max_hp_loss":0,"event_name":"Purifier","floor":11,"gold_loss":0}],"is_beta":false,"boss_relics":[],"items_purged_floors":[],"is_endless":false,"potions_floor_spawned":[1,10,12],"killed_by":"3 Sentries","ascension_level":20,"potion_discard_per_floor":[[],[],[],[],[],[],[],[],[],[],[],[],[]]}