{"neow_bonuses_skipped_log":["REMOVE_CARD","TEN_PERCENT_HP_BONUS","BOSS_RELIC"],"neow_costs_skipped_log":["NONE","NONE","NONE"],"potions_obtained_entropic_brew":[[],[],[],[],[],[],[],[],[],[],[],[],[],[],[],[],[],[],[],[],[],[],[],[],[],[],[],[],[],[],[],[],[],[],[],[],[],[],[],[],[],[],[],[],[],[],[],[],[],[],[],[],[],[],[],[]],"gold_per_floor":[361,377,377,43,57,82,82,117,141,161,178,178,44,76,76,152,152,152,152,152,8,8,8,8,8,8,8,8,8,8,8,8,8,8,8,8,8,8,8,8,8,8,8,8,8,8,8,8,8,8,8,8,8,8,8,8],"floor_reached":56,"playtime":5817,"items_purged":["Strike_R","Strike_R"],"score":2014,"play_id":"a19122a9-9ac1-453c-96e1-407908a6377e","local_time":"20231215131859","falling_options_log":["Sentinel","Metallicize"],"score_breakdown":["Floors Climbed (56): 280","Enemies Slain (16): 32","Exordium Elites Killed (3): 30","City Elites Killed (4): 80","Beyond Elites Killed (2): 60","Bosses Slain (4): 500","Overkill: 25","Ascension (20): 1007"],"is_ascension_mode":true,"potions_obtained_alchemize":[[],[],[],[],[],[],[],[],[],[],[],[],[],[],[],[],[],[],[],[],[],[],[],[],[],[],[],[],[],[],[],[],[],[],[],[],[],[],[],[],[],[],[],[],[],[],[],[],[],[],[],[],[],[],[],[]],"campfire_choices":[{"data":"Uppercut","floor":7,"key":"SMITH"},{"data":"Anger","floor":12,"key":"SMITH"},{"data":"Pommel Strike","floor":15,"key":"SMITH"},{"data":"Inflame","floor":29,"key":"SMITH"},{"data":"Spot Weakness","floor":32,"key":"SMITH"},{"data":"Limit Break","floor":44,"key":"SMITH"},{"floor":49,"key":"RECALL"},{"data":"Offering","floor":53,"key":"SMITH"}],"lesson_learned_per_floor":[[],[],[],[],[],[],[],[],[],[],[],[],[],[],[],[],[],[],[],[],[],[],[],[],[],[],[],[],[],[],[],[],[],[],[],[],[],[],[],[],[],[],[],[],[],[],[],[],[],[],[],[],[],[],[],[]],"neow_cost":"TEN_PERCENT_HP_LOSS","improvable_cards":{},"seed_source_timestamp":875381455738400,"shop_contents":[{"floor":4,"relics":["Happy Flower","Magic Flower"],"cards":["Reckless Charge","Heavy Blade","Armaments","Mind Blast","Panache"],"potions":["Block Potion","BlessingOfTheForge","LiquidBronze"]},{"floor":13,"relics":["Potion Belt","CeramicFish","Chemical X"],"cards":["Rampage","Spot Weakness","Havoc","Fire Breathing","Blind","Secret Weapon"],"potions":["PowerPotion","BlessingOfTheForge","DuplicationPotion"]},{"floor":19,"relics":["HornCleat","TungstenRod","DollysMirror"],"cards":["Whirlwind","Iron Wave","Warcry","Havoc","Evolve","Enlightenment","Chrysalis"],"potions":["Block Potion","Strength Potion","SteroidPotion"]},{"floor":21,"relics":["Akabeko","Charon\u0027s Ashes","ClockworkSouvenir"],"cards":["Pommel Strike","Sever Soul","Disarm","Fire Breathing","Good Instincts","HandOfGreed"],"potions":["SpeedPotion","Strength Potion","FearPotion"]},{"floor":54,"relics":["Gremlin Horn","Centennial Puzzle","HandDrill"],"cards":["Anger","Sword Boomerang","Flame Barrier","Shrug It Off","Berserk","Finesse","Thinking Ahead"],"potions":["SteroidPotion","Dexterity Potion","ElixirPotion"]}],"circlet_count":0,"master_deck":["AscendersBane","Strike_R","Strike_R","Defend_R","Defend_R","Defend_R","Defend_R","Bash","Uppercut+1","Iron Wave","Battle Trance","Dark Embrace","Twin Strike","Inflame+1","Offering+1","Headbutt","Anger+1","Pommel Strike+1","Reaper","Warcry+1","Seeing Red","Battle Trance","Shockwave+1","Metallicize","Spot Weakness+1","Shrug It Off","Fiend Fire","Shrug It Off","Flash of Steel","Flash of Steel","Sentinel","Limit Break+1","Ghostly Armor+1","Sword Boomerang"],"potion_use_per_floor":[[],[],[],[],[],[],[],["Regen Potion","GamblersBrew"],[],[],[],[],[],[],[],[],[],[],[],[],[],[],[],[],["SneckoOil"],[],[],[],[],["BloodPotion"],[],[],["LiquidMemories","Block Potion"],[],[],[],[],[],[],["Explosive Potion","ElixirPotion"],[],[],[],[],[],[],[],[],[],[],[],[],[],[],[],["PowerPotion"]],"relics":["Burning Blood","Medical Kit","Bag of Preparation","PreservedInsect","Bag of Marbles","Regal Pillow","Ectoplasm","Nunchaku","Eternal Feather","Letter Opener","Mango","Kunai","Coffee Dripper","Oddly Smooth Stone","Pen Nib","Vajra","Mercury Hourglass"],"potions_floor_usage":[8,8,25,30,33,33,40,40,56],"damage_taken":[{"damage":3,"enemies":"2 Louse","floor":1,"turns":2},{"damage":10,"enemies":"Small Slimes","floor":2,"turns":5},{"damage":2,"enemies":"Jaw Worm","floor":5,"turns":4},{"damage":25,"enemies":"3 Sentries","floor":6,"turns":12},{"damage":29,"enemies":"Gremlin Nob","floor":8,"turns":4},{"damage":8,"enemies":"Looter","floor":10,"turns":3},{"damage":1,"enemies":"2 Fungi Beasts","floor":11,"turns":3},{"damage":15,"enemies":"3 Sentries","floor":14,"turns":5},{"damage":18,"enemies":"Slime Boss","floor":16,"turns":6},{"damage":3,"enemies":"Spheric Guardian","floor":18,"turns":3},{"damage":0,"enemies":"Chosen","floor":20,"turns":3},{"damage":25,"enemies":"Book of Stabbing","floor":23,"turns":3},{"damage":6,"enemies":"Snake Plant","floor":24,"turns":2},{"damage":28,"enemies":"Slavers","floor":25,"turns":3},{"damage":11,"enemies":"Book of Stabbing","floor":27,"turns":3},{"damage":25,"enemies":"Sentry and Sphere","floor":28,"turns":4},{"damage":14,"enemies":"Gremlin Leader","floor":30,"turns":3},{"damage":15,"enemies":"Chosen and Byrds","floor":31,"turns":4},{"damage":58,"enemies":"Champ","floor":33,"turns":14},{"damage":38,"enemies":"3 Darklings","floor":35,"turns":5},{"damage":0,"enemies":"Orb Walker","floor":37,"turns":1},{"damage":9,"enemies":"Maw","floor":39,"turns":6},{"damage":11,"enemies":"Reptomancer","floor":40,"turns":2},{"damage":10,"enemies":"Giant Head","floor":42,"turns":4},{"damage":6,"enemies":"Spire Growth","floor":46,"turns":2},{"damage":42,"enemies":"Transient","floor":47,"turns":6},{"damage":15,"enemies":"Writhing Mass","floor":48,"turns":4},{"damage":36,"enemies":"Awakened One","floor":50,"turns":6},{"damage":56,"enemies":"Time Eater","floor":51,"turns":6},{"damage":59,"enemies":"Shield and Spear","floor":55,"turns":3},{"damage":29,"enemies":"The Heart","floor":56,"turns":2}],"green_key_taken_log":8,"seed_played":"-3473328919122035159","neow_bonus_log":{"cardsObtained":[],"cardsUpgraded":[],"cardsRemoved":[],"cardsTransformed":[],"relicsObtained":[],"maxHpGained":0,"goldGained":250,"damageTaken":0,"goldLost":0,"maxHpLost":7},"potions_obtained":[{"floor":1,"key":"GamblersBrew"},{"floor":6,"key":"Regen Potion"},{"floor":11,"key":"Dexterity Potion"},{"floor":14,"key":"SneckoOil"},{"floor":23,"key":"LiquidMemories"},{"floor":27,"key":"BloodPotion"},{"floor":30,"key":"Block Potion"},{"floor":33,"key":"ElixirPotion"},{"floor":39,"key":"Explosive Potion"},{"floor":46,"key":"DuplicationPotion"},{"floor":55,"key":"PowerPotion"}],"is_trial":false,"path_per_floor":["M","M","?","$","M","E","R","E","T","M","M","R","$","E","R","B",null,"M","$","M","$","?","E","M","E","T","E","M","R","E","M","R","B",null,"M","?","M","T","M","E","?","E","T","R","?","M","M","M","R","B","B",null,"R","$","E","B"],"character_chosen":"IRONCLAD","basemod:card_modifiers":[null,null,null,null,null,null,null,null,null,null,null,null,null,null,null,null,null,null,null,null,null,null,null,null,null,null,null,null,null,null,null,null,null,null],"items_purchased":["Medical Kit","Battle Trance","Dark Embrace","Pommel Strike","Seeing Red"],"campfire_rested":0,"item_purchase_floors":[4,4,4,13,21],"current_hp_per_floor":[68,64,57,57,61,42,42,31,31,29,34,34,34,25,25,25,57,60,60,68,68,68,49,49,45,45,54,43,58,82,79,82,30,69,69,59,65,65,78,73,73,82,82,82,82,82,82,73,82,66,16,66,82,82,29,0],"gold":8,"neow_bonus":"TWO_FIFTY_GOLD","is_prod":false,"is_daily":false,"rewards_skipped":[],"chose_seed":false,"campfire_upgraded":7,"win_rate":0,"floor_exit_playtime":[43,86,101,157,195,360,366,418,421,457,492,504,527,590,598,674,698,737,747,781,806,810,888,928,1028,1031,1104,4352,4362,4410,4492,4502,4757,4782,4866,4878,4906,4913,5015,5099,5111,5184,5188,5194,5198,5238,5338,5409,5411,5513,5649,5660,5668,5673,5745],"timestamp":1702664339,"blue_key_relic_skipped_log":{"floor":38,"relicID":"Ancient Tea Set"},"path_taken":["M","M","?","$","M","E","R","E","T","M","M","R","$","E","R","BOSS","M","$","M","$","?","E","M","E","T","E","M","R","E","M","R","BOSS","M","?","M","?","M","E","?","E","T","R","?","M","M","?","R","BOSS","BOSS","R","$","E","BOSS"],"build_version":"2022-12-18","purchased_purges":2,"victory":false,"max_hp_per_floor":[68,68,68,68,68,68,68,68,68,68,68,68,68,68,68,68,68,68,68,68,68,68,68,68,68,68,82,82,82,82,82,82,82,82,82,82,82,82,82,82,82,82,82,82,82,82,82,82,82,82,82,82,82,82,82,82],"relic_stats":{"Regal Pillow":0,"counters":[31,133],"Eternal Feather":43,"PreservedInsect":474,"Pen Nib":[7],"Bag of Preparation":[54],"Letter Opener":[268],"Medical Kit":[28],"Burning Blood":161,"Mercury Hourglass":[6],"Nunchaku":[21],"Ectoplasm":479,"Kunai":[35],"obtain_stats":[{"Regal Pillow":14,"Oddly Smooth Stone":40,"Vajra":43,"Eternal Feather":25,"Mango":27,"PreservedInsect":8,"Pen Nib":42,"Bag of Preparation":6,"Letter Opener":26,"Medical Kit":4,"Burning Blood":0,"Mercury Hourglass":55,"Nunchaku":23,"Ectoplasm":17,"Bag of Marbles":9,"Coffee Dripper":34,"Kunai":30},{"Regal Pillow":8,"Oddly Smooth Stone":23,"Vajra":24,"Eternal Feather":14,"Mango":15,"PreservedInsect":5,"Pen Nib":24,"Bag of Preparation":4,"Letter Opener":14,"Medical Kit":2,"Burning Blood":0,"Mercury Hourglass":30,"Nunchaku":12,"Ectoplasm":9,"Bag of Marbles":5,"Coffee Dripper":19,"Kunai":17},{"Regal Pillow":38,"Oddly Smooth Stone":100,"Vajra":104,"Eternal Feather":58,"Mango":61,"PreservedInsect":27,"Pen Nib":104,"Bag of Preparation":23,"Letter Opener":58,"Medical Kit":7,"Burning Blood":0,"Mercury Hourglass":131,"Nunchaku":53,"Ectoplasm":44,"Bag of Marbles":27,"Coffee Dripper":86,"Kunai":68}]},"card_choices":[{"not_picked":["Rupture","Wild Strike"],"picked":"Uppercut","floor":1},{"not_picked":["Clothesline","Flex"],"picked":"Iron Wave","floor":2},{"not_picked":["Clash","Warcry"],"picked":"Twin Strike","floor":5},{"not_picked":["Uppercut","True Grit"],"picked":"Inflame","floor":6},{"not_picked":["Fire Breathing","Twin Strike"],"picked":"Offering","floor":8},{"not_picked":["Sentinel","Infernal Blade"],"picked":"Headbutt","floor":10},{"not_picked":["Uppercut","Second Wind"],"picked":"Anger","floor":11},{"not_picked":["Wild Strike","Infernal Blade"],"picked":"Reaper","floor":14},{"not_picked":["Brutality","Impervious"],"picked":"Immolate","floor":16},{"not_picked":["Sword Boomerang","Armaments","Heavy Blade+1"],"picked":"SKIP","floor":18},{"not_picked":["Sword Boomerang","Armaments"],"picked":"Warcry+1","floor":20},{"not_picked":["Clothesline","Combust"],"picked":"Battle Trance","floor":23},{"not_picked":["Clash","Fire Breathing"],"picked":"Shockwave+1","floor":24},{"not_picked":["Wild Strike","Fire Breathing","Sentinel"],"picked":"SKIP","floor":25},{"not_picked":["Clash","Reckless Charge"],"picked":"Metallicize","floor":27},{"not_picked":["Warcry","Shockwave","Cleave"],"picked":"SKIP","floor":28},{"not_picked":["Anger","Rage"],"picked":"Spot Weakness","floor":30},{"not_picked":["Barricade","Shockwave"],"picked":"Shrug It Off","floor":31},{"not_picked":["Berserk","Reaper"],"picked":"Fiend Fire","floor":33},{"not_picked":["Wild Strike","Carnage+1"],"picked":"Shrug It Off","floor":35},{"not_picked":["Dramatic Entrance","Impatience"],"picked":"Flash of Steel","floor":36},{"not_picked":["Thinking Ahead","Deep Breath"],"picked":"Flash of Steel","floor":36},{"not_picked":["Secret Weapon","Jack Of All Trades","Magnetism"],"picked":"SKIP","floor":36},{"not_picked":["Twin Strike","Body Slam","Havoc"],"picked":"SKIP","floor":37},{"not_picked":["Armaments+1","Battle Trance+1"],"picked":"Sentinel","floor":39},{"not_picked":["Clothesline","Cleave","Hemokinesis"],"picked":"SKIP","floor":40},{"not_picked":["Pommel Strike+1","Power Through"],"picked":"Limit Break","floor":42},{"not_picked":["Hemokinesis","Havoc","Cleave"],"picked":"SKIP","floor":46},{"not_picked":["Clash","Havoc","Anger+1"],"picked":"SKIP","floor":47},{"not_picked":["Havoc","Battle Trance"],"picked":"Ghostly Armor+1","floor":48},{"not_picked":["Feed","Wild Strike"],"picked":"Sword Boomerang","floor":55}],"player_experience":2394988,"relics_obtained":[{"floor":6,"key":"Bag of Preparation"},{"floor":8,"key":"PreservedInsect"},{"floor":9,"key":"Bag of Marbles"},{"floor":14,"key":"Regal Pillow"},{"floor":23,"key":"Nunchaku"},{"floor":25,"key":"Eternal Feather"},{"floor":26,"key":"Letter Opener"},{"floor":27,"key":"Mango"},{"floor":30,"key":"Kunai"},{"floor":40,"key":"Oddly Smooth Stone"},{"floor":42,"key":"Pen Nib"},{"floor":43,"key":"Vajra"},{"floor":55,"key":"Mercury Hourglass"}],"event_choices":[{"cards_removed":["Strike_R"],"damage_healed":0,"gold_gain":0,"player_choice":"Card Removal","damage_taken":7,"max_hp_gain":0,"max_hp_loss":0,"event_name":"Golden Wing","floor":3,"gold_loss":0},{"damage_healed":0,"gold_gain":0,"player_choice":"Memory 3","damage_taken":10,"max_hp_gain":0,"max_hp_loss":0,"event_name":"SensoryStone","floor":36,"gold_loss":0},{"cards_removed":["Immolate"],"damage_healed":0,"gold_gain":0,"player_choice":"Removed Attack","damage_taken":0,"max_hp_gain":0,"max_hp_loss":0,"event_name":"Falling","floor":41,"gold_loss":0},{"damage_healed":0,"gold_gain":0,"player_choice":"Ignored","damage_taken":0,"max_hp_gain":0,"max_hp_loss":0,"event_name":"WeMeetAgain","floor":45,"gold_loss":0}],"is_beta":false,"boss_relics":[{"not_picked":["Tiny House","SacredBark"],"picked":"Ectoplasm"},{"not_picked":["Philosopher\u0027s Stone","Astrolabe"],"picked":"Coffee Dripper"}],"items_purged_floors":[13,21],"is_endless":false,"potions_floor_spawned":[1,6,11,14,23,27,30,33,39,46,55],"killed_by":"The Heart","ascension_level":20,"potion_discard_per_floor":[[],[],[],[],[],[],[],[],[],[],[],[],[],[],[],[],[],[],[],[],[],[],["Dexterity Potion"],[],[],[],[],[],[],[],[],[],[],[],[],[],[],[],[],[],[],[],[],[],[],[],[],[],[],[],[],[],[],[],[],[]]}