{"neow_bonuses_skipped_log":["RANDOM_COLORLESS","RANDOM_COLORLESS_2","BOSS_RELIC"],"neow_costs_skipped_log":["NONE","PERCENT_DAMAGE","NONE"],"potions_obtained_entropic_brew":[[],[],[],[],[],[],[],[]],"gold_per_floor":[210,222,222,50,62,90,102,102],"floor_reached":8,"playtime":260,"items_purged":[],"score":116,"play_id":"1e47dd29-9768-49c7-96c6-6438492f7f00","local_time":"20231215113825","score_breakdown":["Floors Climbed (8): 40","Enemies Slain (4): 8","Exordium Elites Killed (1): 10","Bosses Slain (0): 0","Ascension (20): 58"],"is_ascension_mode":true,"potions_obtained_alchemize":[[],[],[],[],[],[],[],[]],"campfire_choices":[],"lesson_learned_per_floor":[[],[],[],[],[],[],[],[]],"neow_cost":"NONE","improvable_cards":{},"seed_source_timestamp":874903413547800,"shop_contents":[{"floor":4,"relics":["Bronze Scales","Shuriken"],"cards":["Wild Strike","Iron Wave","Double Tap","Armaments","Brutality","Good Instincts","Panache"],"potions":["Block Potion","HeartOfIron","Energy Potion"]}],"circlet_count":0,"master_deck":["AscendersBane","Strike_R","Strike_R","Strike_R","Strike_R","Defend_R","Defend_R","Defend_R","Defend_R","Bash","Thunderclap","Flex","Whirlwind","Disarm","Intimidate"],"potion_use_per_floor":[[],[],[],[],[],["Ancient Potion"],[],["GamblersBrew"]],"relics":["Burning Blood","Toolbox","Potion Belt"],"potions_floor_usage":[6,8],"damage_taken":[{"damage":5,"enemies":"Small Slimes","floor":1,"turns":3},{"damage":1,"enemies":"Cultist","floor":2,"turns":3},{"damage":8,"enemies":"2 Louse","floor":5,"turns":4},{"damage":44,"enemies":"Gremlin Nob","floor":6,"turns":4},{"damage":13,"enemies":"Blue Slaver","floor":7,"turns":5},{"damage":39,"enemies":"Gremlin Nob","floor":8,"turns":3}],"seed_played":"-7861636867691938716","neow_bonus_log":{"cardsObtained":[],"cardsUpgraded":[],"cardsRemoved":[],"cardsTransformed":[],"relicsObtained":[],"maxHpGained":0,"goldGained":100,"damageTaken":0,"goldLost":0,"maxHpLost":0},"potions_obtained":[{"floor":5,"key":"Ancient Potion"},{"floor":6,"key":"GamblersBrew"},{"floor":7,"key":"Dexterity Potion"}],"is_trial":false,"path_per_floor":["M","M","?","$","M","E","M","?"],"character_chosen":"IRONCLAD","basemod:card_modifiers":[null,null,null,null,null,null,null,null,null,null,null,null,null,null,null],"items_purchased":["Toolbox"],"campfire_rested":0,"item_purchase_floors":[4],"current_hp_per_floor":[69,74,74,74,72,34,27,0],"gold":102,"neow_bonus":"HUNDRED_GOLD","is_prod":false,"is_daily":false,"rewards_skipped":[],"chose_seed":false,"campfire_upgraded":0,"win_rate":0,"floor_exit_playtime":[43,75,85,96,133,170,224],"timestamp":1702658305,"path_taken":["M","M","?","$","?","E","M","?"],"build_version":"2022-12-18","purchased_purges":0,"victory":false,"max_hp_per_floor":[75,75,75,75,75,75,75,75],"relic_stats":{"counters":[6,22],"obtain_stats":[{"Potion Belt":6,"Toolbox":4,"Burning Blood":0},{"Potion Belt":4,"Toolbox":2,"Burning Blood":0},{"Potion Belt":14,"Toolbox":6,"Burning Blood":0}],"Burning Blood":30},"card_choices":[{"not_picked":["Sword Boomerang","Dual Wield"],"picked":"Thunderclap","floor":1},{"not_picked":["Perfected Strike","Clash"],"picked":"Flex","floor":2},{"not_picked":["Clothesline","Sword Boomerang"],"picked":"Whirlwind","floor":5},{"not_picked":["Flex","Entrench"],"picked":"Disarm","floor":6},{"not_picked":["Wild Strike","Perfected Strike"],"picked":"Intimidate","floor":7}],"player_experience":2394526,"relics_obtained":[{"floor":6,"key":"Potion Belt"}],"event_choices":[{"cards_removed":["Strike_R"],"damage_healed":0,"gold_gain":0,"player_choice":"Purged","damage_taken":0,"max_hp_gain":0,"max_hp_loss":0,"event_name":"Purifier","floor":3,"gold_loss":0},{"damage_healed":0,"gold_gain":0,"player_choice":"Searched \u00271\u0027 times","damage_taken":0,"max_hp_gain":0,"max_hp_loss":0,"event_name":"Dead Adventurer","floor":8,"gold_loss":0}],"is_beta":false,"boss_relics":[],"items_purged_floors":[],"is_endless":false,"potions_floor_spawned":[5,6,7],"killed_by":"Gremlin Nob","ascension_level":20,"potion_discard_per_floor":[[],[],[],[],[],[],[],[]]}