{"neow_bonuses_skipped_log":["THREE_CARDS","THREE_SMALL_POTIONS","BOSS_RELIC"],"neow_costs_skipped_log":["NONE","NONE","NONE"],"potions_obtained_entropic_brew":[[],[],[],[],[],[],[],[],[],[],[],[],[],[],[],[]],"gold_per_floor":[111,122,122,136,136,136,169,197,236,248,288,300,339,351,363,375],"floor_reached":16,"playtime":406,"items_purged":[],"score":286,"play_id":"a4d2c164-cfbc-4fa7-a28e-1efc76375968","local_time":"20231215132556","score_breakdown":["Floors Climbed (16): 80","Enemies Slain (4): 8","Exordium Elites Killed (3): 30","Bosses Slain (0): 0","Champion (1): 25","Ascension (20): 143"],"is_ascension_mode":true,"potions_obtained_alchemize":[[],[],[],[],[],[],[],[],[],[],[],[],[],[],[],[]],"campfire_choices":[{"data":"Blood for Blood","floor":6,"key":"SMITH"},{"floor":10,"key":"REST"},{"data":"Whirlwind","floor":12,"key":"SMITH"},{"data":"Armaments","floor":15,"key":"SMITH"}],"lesson_learned_per_floor":[[],[],[],[],[],[],[],[],[],[],[],[],[],[],[],[]],"neow_cost":"TEN_PERCENT_HP_LOSS","improvable_cards":{},"seed_source_timestamp":881207567196100,"shop_contents":[],"circlet_count":0,"master_deck":["AscendersBane","Strike_R","Strike_R","Strike_R","Strike_R","Defend_R","Defend_R","Defend_R","Defend_R","Bash","Blood for Blood+1","Pommel Strike","Twin Strike","Offering","Whirlwind+1","Armaments+1"],"potion_use_per_floor":[[],[],[],[],[],[],[],["ColorlessPotion"],[],[],["Fire Potion"],[],[],[],[],[]],"relics":["Burning Blood","Ice Cream","MawBank","Regal Pillow","Bag of Marbles","Bag of Preparation"],"potions_floor_usage":[8,11],"damage_taken":[{"damage":8,"enemies":"2 Louse","floor":1,"turns":4},{"damage":10,"enemies":"Small Slimes","floor":2,"turns":5},{"damage":4,"enemies":"Jaw Worm","floor":4,"turns":3},{"damage":40,"enemies":"3 Sentries","floor":7,"turns":8},{"damage":19,"enemies":"Exordium Wildlife","floor":8,"turns":3},{"damage":14,"enemies":"Gremlin Nob","floor":11,"turns":3},{"damage":6,"enemies":"Lagavulin","floor":13,"turns":3},{"damage":42,"enemies":"The Guardian","floor":16,"turns":10}],"seed_played":"6717925572012392427","neow_bonus_log":{"cardsObtained":[],"cardsUpgraded":[],"cardsRemoved":[],"cardsTransformed":[],"relicsObtained":["Ice Cream"],"maxHpGained":0,"goldGained":0,"damageTaken":0,"goldLost":0,"maxHpLost":7},"potions_obtained":[{"floor":1,"key":"ColorlessPotion"},{"floor":7,"key":"Fire Potion"},{"floor":11,"key":"LiquidBronze"}],"is_trial":false,"path_per_floor":["M","M","?","M","?","R","E","M","T","R","E","R","E","?","R","B"],"character_chosen":"IRONCLAD","basemod:card_modifiers":[null,null,null,null,null,null,null,null,null,null,null,null,null,null,null,null],"items_purchased":[],"campfire_rested":1,"item_purchase_floors":[],"current_hp_per_floor":[66,62,55,57,57,57,23,10,10,45,37,37,37,42,42,0],"gold":375,"neow_bonus":"ONE_RARE_RELIC","is_prod":false,"is_daily":false,"rewards_skipped":[],"chose_seed":false,"campfire_upgraded":3,"win_rate":0,"floor_exit_playtime":[40,72,77,119,124,128,188,230,233,236,268,274,308,311,316],"timestamp":1702664756,"path_taken":["M","M","?","M","?","R","E","M","T","R","E","R","E","?","R","BOSS"],"build_version":"2022-12-18","purchased_purges":0,"victory":false,"max_hp_per_floor":[68,68,68,68,68,68,68,68,68,68,68,68,68,73,73,73],"relic_stats":{"Ice Cream":[28],"Regal Pillow":15,"counters":[8,39],"Bag of Preparation":[2],"MawBank":108,"obtain_stats":[{"Ice Cream":0,"Regal Pillow":9,"Bag of Marbles":11,"Bag of Preparation":13,"MawBank":7,"Burning Blood":0},{"Ice Cream":0,"Regal Pillow":5,"Bag of Marbles":6,"Bag of Preparation":7,"MawBank":4,"Burning Blood":0},{"Ice Cream":0,"Regal Pillow":23,"Bag of Marbles":26,"Bag of Preparation":29,"MawBank":20,"Burning Blood":0}],"Burning Blood":42},"card_choices":[{"not_picked":["Anger","Twin Strike"],"picked":"Blood for Blood","floor":1},{"not_picked":["Dropkick","Twin Strike"],"picked":"Pommel Strike","floor":2},{"not_picked":["Iron Wave","Searing Blow","Flex"],"picked":"SKIP","floor":4},{"not_picked":["Iron Wave","Searing Blow","Flex"],"picked":"SKIP","floor":4},{"not_picked":["Perfected Strike","Dual Wield"],"picked":"Twin Strike","floor":7},{"not_picked":["Wild Strike","Pommel Strike"],"picked":"Offering","floor":8},{"not_picked":["Shrug It Off","Wild Strike"],"picked":"Whirlwind","floor":11},{"not_picked":["Bludgeon","Body Slam"],"picked":"Armaments","floor":13}],"player_experience":2400805,"relics_obtained":[{"floor":7,"key":"MawBank"},{"floor":9,"key":"Regal Pillow"},{"floor":11,"key":"Bag of Marbles"},{"floor":13,"key":"Bag of Preparation"}],"event_choices":[{"cards_removed":["Strike_R"],"damage_healed":0,"gold_gain":0,"player_choice":"Card Removal","damage_taken":7,"max_hp_gain":0,"max_hp_loss":0,"event_name":"Golden Wing","floor":3,"gold_loss":0},{"damage_healed":0,"gold_gain":0,"player_choice":"Ignored","damage_taken":0,"max_hp_gain":0,"max_hp_loss":0,"event_name":"Liars Game","floor":5,"gold_loss":0},{"damage_healed":0,"gold_gain":0,"player_choice":"Donut","damage_taken":0,"max_hp_gain":5,"max_hp_loss":0,"event_name":"Big Fish","floor":14,"gold_loss":0}],"is_beta":false,"boss_relics":[],"items_purged_floors":[],"is_endless":false,"potions_floor_spawned":[1,7,11],"killed_by":"The Guardian","ascension_level":20,"potion_discard_per_floor":[[],[],[],[],[],[],[],[],[],[],[],[],[],[],[],[]]}