{"neow_bonuses_skipped_log":["UPGRADE_CARD","RANDOM_COMMON_RELIC","BOSS_RELIC"],"potions_obtained_entropic_brew":[[],[],[],[],[],[],[],[],[],[],[],[],[],[],[],[],[],[],[],[],[],[],[],[],[],[],[],[],[],[],[],[],[],[],[],[],[],[],[],[],[],[],[],[],[],[],[],[],[],[],[],[],[],[],[],[],[]],"neow_costs_skipped_log":["NONE","NONE","NONE"],"gold_per_floor":[360,360,378,403,25,25,65,65,89,125,144,144,178,199,199,292,292,311,311,121,145,145,145,161,200,200,236,161,161,179,93,93,189,189,204,224,224,238,77,77,115,136,136,180,196,196,246,280,280,280,280,280,280,92,136,136],"floor_reached":57,"playtime":3953,"items_purged":["Strike_R","Strike_R"],"score":2821,"play_id":"119cd6c5-911b-4ac8-9ce2-b6c2f5d52e1d","local_time":"20231210044742","score_breakdown":["Floors Climbed (57): 285","Enemies Slain (14): 28","Exordium Elites Killed (3): 30","City Elites Killed (2): 40","Beyond Elites Killed (3): 90","Bosses Slain (5): 750","Money Money (1115): 25","Champion (2): 50","Ascension (20): 1273","Heartbreaker: 250"],"is_ascension_mode":true,"potions_obtained_alchemize":[[],[],[],[],[],[],[],[],[],[],[],[],[],[],[],[],[],[],[],[],[],[],[],[],[],[],[],[],[],[],[],[],[],[],[],[],[],[],[],[],[],[],[],[],[],[],[],[],[],[],[],[],[],[],[],[],[]],"campfire_choices":[{"data":"Bludgeon","floor":6.0,"key":"SMITH"},{"data":"Feel No Pain","floor":12.0,"key":"SMITH"},{"data":"Pommel Strike","floor":15.0,"key":"SMITH"},{"data":"Whirlwind","floor":23,"key":"SMITH"},{"data":"Evolve","floor":29,"key":"SMITH"},{"data":"Corruption","floor":32,"key":"SMITH"},{"data":"Feel No Pain","floor":40,"key":"SMITH"},{"floor":46,"key":"REST"},{"floor":49,"key":"RECALL"},{"floor":53,"key":"REST"}],"lesson_learned_per_floor":[[],[],[],[],[],[],[],[],[],[],[],[],[],[],[],[],[],[],[],[],[],[],[],[],[],[],[],[],[],[],[],[],[],[],[],[],[],[],[],[],[],[],[],[],[],[],[],[],[],[],[],[],[],[],[],[],[]],"neow_cost":"TEN_PERCENT_HP_LOSS","improvable_cards":{},"seed_source_timestamp":0,"shop_contents":[{"floor":5,"relics":["Potion Belt","Cauldron"],"cards":["Cleave","Pummel","Double Tap","Feel No Pain","Swift Strike","Secret Weapon"],"potions":["BlessingOfTheForge","PowerPotion","FearPotion"]},{"floor":20,"relics":["Oddly Smooth Stone","Calipers","Frozen Eye"],"cards":["Anger","Iron Wave","Sentinel","Flame Barrier","Swift Strike","Transmutation"],"potions":["HeartOfIron","ColorlessPotion","Energy Potion"]},{"floor":31,"relics":["Girya","Toxic Egg 2","PrismaticShard"],"cards":["Twin Strike","Body Slam","Armaments","Warcry","Purity","Magnetism"],"potions":["Weak Potion","SneckoOil","SpeedPotion"]},{"floor":39,"relics":["PreservedInsect","Bottled Flame"],"cards":["Hemokinesis","Anger","Armaments","Flex","Evolve","Enlightenment","Metamorphosis"],"potions":["BlessingOfTheForge","FearPotion","Energy Potion"]},{"floor":54,"relics":["Lantern","Strawberry","Membership Card"],"cards":["Hemokinesis","Perfected Strike","Spot Weakness","Evolve","Madness","Secret Technique"],"potions":["Fruit Juice"]}],"circlet_count":0,"master_deck":["AscendersBane","Defend_R","Defend_R","Defend_R","Defend_R","Bash","Feel No Pain+1","Pummel","Bludgeon+1","Shockwave+1","Intimidate","Evolve+1","Second Wind","Pommel Strike+1","Corruption+1","Sentinel","Pummel","Inflame","Bloodletting","Whirlwind+1","Wild Strike+1","Fiend Fire","Reckless Charge","Feel No Pain+1","Demon Form","Shrug It Off","Impervious","Shrug It Off","Shrug It Off"],"special_seed":0,"potion_use_per_floor":[[],[],[],[],[],[],[],[],[],["Fire Potion"],["Explosive Potion"],[],["Explosive Potion"],[],[],[],[],[],[],[],[],[],[],[],["Dexterity Potion"],[],["SkillPotion"],[],[],[],[],[],[],[],[],["EssenceOfSteel"],[],[],[],[],["SpeedPotion"],[],[],[],[],[],[],[],[],["SkillPotion","Weak Potion"],[],[],[],[],[],["PowerPotion","DistilledChaos"],[]],"relics":["Burning Blood","Golden Idol","HornCleat","Ancient Tea Set","Blood Vial","CaptainsWheel","Sundial","Mark of Pain","StrikeDummy","Bottled Tornado","Toy Ornithopter","SlaversCollar","Medical Kit","Red Skull","Bag of Marbles","Dream Catcher","Anchor"],"potions_floor_usage":[25,27,36,41,50,50,56,56],"damage_taken":[{"damage":3.0,"enemies":"2 Louse","floor":1.0,"turns":4.0},{"damage":15.0,"enemies":"Small Slimes","floor":3.0,"turns":5.0},{"damage":2.0,"enemies":"Cultist","floor":4.0,"turns":4.0},{"damage":0.0,"enemies":"Gremlin Nob","floor":7.0,"turns":3.0},{"damage":5.0,"enemies":"Lagavulin","floor":10.0,"turns":5.0},{"damage":8.0,"enemies":"Lots of Slimes","floor":11.0,"turns":3.0},{"damage":0.0,"enemies":"3 Sentries","floor":13.0,"turns":4.0},{"damage":1.0,"enemies":"Large Slime","floor":14.0,"turns":6.0},{"damage":11.0,"enemies":"Slime Boss","floor":16.0,"turns":8.0},{"damage":5.0,"enemies":"3 Byrds","floor":18.0,"turns":7.0},{"damage":0,"enemies":"Spheric Guardian","floor":21,"turns":5},{"damage":0,"enemies":"Cultist and Chosen","floor":24,"turns":6},{"damage":16,"enemies":"Book of Stabbing","floor":25,"turns":5},{"damage":10,"enemies":"Gremlin Leader","floor":27,"turns":6},{"damage":24,"enemies":"Snake Plant","floor":30,"turns":2},{"damage":25,"enemies":"Collector","floor":33,"turns":7},{"damage":3,"enemies":"Orb Walker","floor":35,"turns":4},{"damage":7,"enemies":"3 Darklings","floor":36,"turns":5},{"damage":6,"enemies":"Maw","floor":38,"turns":7},{"damage":38,"enemies":"Reptomancer","floor":41,"turns":7},{"damage":31,"enemies":"Jaw Worm Horde","floor":42,"turns":7},{"damage":12,"enemies":"Giant Head","floor":44,"turns":7},{"damage":0,"enemies":"Writhing Mass","floor":45,"turns":10},{"damage":29,"enemies":"Reptomancer","floor":48,"turns":9},{"damage":4,"enemies":"Awakened One","floor":50,"turns":8},{"damage":22,"enemies":"Time Eater","floor":51,"turns":10},{"damage":15,"enemies":"Shield and Spear","floor":55,"turns":8},{"damage":50,"enemies":"The Heart","floor":56,"turns":9}],"green_key_taken_log":10,"seed_played":"7185175621240051663","neow_bonus_log":{"cardsObtained":[],"cardsUpgraded":[],"cardsRemoved":[],"cardsTransformed":[],"relicsObtained":[],"maxHpGained":0,"goldGained":250,"damageTaken":0,"goldLost":0,"maxHpLost":7},"potions_obtained":[{"floor":3.0,"key":"Fire Potion"},{"floor":4.0,"key":"Explosive Potion"},{"floor":11.0,"key":"Explosive Potion"},{"floor":16.0,"key":"SkillPotion"},{"floor":21,"key":"Dexterity Potion"},{"floor":30,"key":"SpeedPotion"},{"floor":35,"key":"EssenceOfSteel"},{"floor":42,"key":"Weak Potion"},{"floor":48,"key":"SkillPotion"}],"is_trial":false,"path_per_floor":["M","?","M","M","$","R","E","?","T","E","M","R","E","M","R","B",null,"M","?","$","M","?","R","M","E","T","E","?","R","M","$","R","B",null,"M","M","?","M","$","R","E","M","T","E","M","R","?","E","R","B","B",null,"R","$","E","B",null],"character_chosen":"IRONCLAD","basemod:card_modifiers":[null,null,null,null,null,null,null,null,null,null,null,null,null,null,null,null,null,null,null,null,null,null,null,null,null,null,null,null,null],"items_purchased":["Shockwave","HornCleat","Inflame","Feel No Pain","Medical Kit","PowerPotion","DistilledChaos","Shrug It Off"],"campfire_rested":2,"item_purchase_floors":[5,5,20,31,39,54,54,54],"current_hp_per_floor":[68,45,36,40,40,40,46,46,46,49,49,49,57,64,64,61,66,68,68,68,68,68,68,68,58,58,56,56,56,40,40,40,23,57,62,67,67,68,68,68,41,18,18,14,22,42,42,21,21,35,21,56,68,68,59,24],"gold":136,"neow_bonus":"TWO_FIFTY_GOLD","is_prod":false,"is_daily":false,"rewards_skipped":[],"chose_seed":false,"campfire_upgraded":7,"win_rate":0,"floor_exit_playtime":[43,47,81,108,121,127,153,160,163,212,257,266,342,418,422,517,528,1319,1322,1382,1439,1465,1469,1542,1624,1638,1746,1758,1772,1808,1879,1899,2010,2042,2106,2209,2221,2308,2348,2389,2527,2636,2638,2747,2920,2923,2929,3113,3115,3310,3521,3532,3543,3597,3758,3953],"timestamp":1702201662,"blue_key_relic_skipped_log":{"floor":43,"relicID":"Pear"},"path_taken":["M","?","M","M","$","R","E","?","T","E","M","R","E","M","R","BOSS","M","?","$","?","?","R","M","E","T","E","?","R","M","$","R","BOSS","M","M","?","M","$","R","E","M","T","E","?","R","?","E","R","BOSS","BOSS","R","$","E","BOSS"],"build_version":"2022-12-18","purchased_purges":2,"victory":true,"max_hp_per_floor":[68,68,68,68,68,68,68,68,68,68,68,68,68,68,68,68,68,68,68,68,68,68,68,68,68,68,68,68,68,68,68,68,68,68,68,68,68,68,68,68,68,68,68,68,68,68,68,68,68,68,68,68,68,68,68,68],"relic_stats":{"Blood Vial":37,"Dream Catcher":1,"counters":[28,171],"Golden Idol":227,"Sundial":[54],"Bottled Tornado":"Evolve","Ancient Tea Set":[18],"Medical Kit":[53],"obtain_stats":[{"Golden Idol":2,"Bottled Tornado":26,"Ancient Tea Set":7,"Medical Kit":39,"Burning Blood":0,"Blood Vial":9,"SlaversCollar":34,"CaptainsWheel":10,"Dream Catcher":48,"Anchor":55,"HornCleat":5,"Sundial":13,"Mark of Pain":17,"Bag of Marbles":44,"StrikeDummy":25,"Toy Ornithopter":27,"Red Skull":41},{"Golden Idol":1,"Bottled Tornado":13,"Ancient Tea Set":4,"Medical Kit":19,"Burning Blood":0,"Blood Vial":4,"SlaversCollar":16,"CaptainsWheel":5,"Dream Catcher":24,"Anchor":27,"HornCleat":3,"Sundial":7,"Mark of Pain":9,"Bag of Marbles":22,"StrikeDummy":13,"Toy Ornithopter":14,"Red Skull":20},{"Golden Idol":4,"Bottled Tornado":65,"Ancient Tea Set":16,"Medical Kit":96,"Burning Blood":0,"Blood Vial":16,"SlaversCollar":80,"CaptainsWheel":21,"Dream Catcher":136,"Anchor":162,"HornCleat":13,"Sundial":28,"Mark of Pain":42,"Bag of Marbles":117,"StrikeDummy":65,"Toy Ornithopter":71,"Red Skull":103}],"Burning Blood":152,"Toy Ornithopter":26},"card_choices":[{"not_picked":["Wild Strike","Body Slam"],"picked":"Feel No Pain","floor":1.0},{"not_picked":["Searing Blow","Clash"],"picked":"Pummel","floor":3.0},{"not_picked":["Thunderclap","Sword Boomerang"],"picked":"Bludgeon","floor":4.0},{"not_picked":["Iron Wave","Evolve"],"picked":"Intimidate","floor":7.0},{"not_picked":["Dropkick","Wild Strike"],"picked":"Evolve","floor":10.0},{"not_picked":["Twin Strike","Clothesline","Clash"],"picked":"SKIP","floor":11.0},{"not_picked":["Sentinel","Rage"],"picked":"Second Wind","floor":13.0},{"not_picked":["Pummel","Headbutt"],"picked":"Pommel Strike","floor":14.0},{"not_picked":["Impervious","Berserk"],"picked":"Corruption","floor":16.0},{"not_picked":["Clothesline","True Grit"],"picked":"Sentinel","floor":18},{"not_picked":["Perfected Strike","Warcry"],"picked":"Bloodletting","floor":21},{"not_picked":["Infernal Blade","Power Through","Headbutt","Ghostly Armor","Hemokinesis","Iron Wave","Bloodletting","Anger","Shrug It Off","Sever Soul","Disarm","Shockwave","Twin Strike","Wild Strike","True Grit","Armaments","Dropkick","Clash","Flex"],"picked":"Whirlwind","floor":22},{"not_picked":["Body Slam","Twin Strike"],"picked":"Wild Strike+1","floor":24},{"not_picked":["Sword Boomerang","Headbutt"],"picked":"Fiend Fire","floor":25},{"not_picked":["Twin Strike","Iron Wave+1","Searing Blow+1"],"picked":"SKIP","floor":27},{"not_picked":["Armaments+1","Havoc+1"],"picked":"Reckless Charge","floor":30},{"not_picked":["Bludgeon","Brutality"],"picked":"Demon Form","floor":33},{"not_picked":["Rage","Headbutt+1","Twin Strike+1"],"picked":"SKIP","floor":35},{"not_picked":["Combust","Flex","Clash"],"picked":"SKIP","floor":36},{"not_picked":["Infernal Blade","Body Slam"],"picked":"Shrug It Off","floor":38},{"not_picked":["Iron Wave","Whirlwind","Carnage"],"picked":"SKIP","floor":41},{"not_picked":["Twin Strike","Seeing Red","Entrench+1"],"picked":"SKIP","floor":42},{"not_picked":["Havoc","Disarm"],"picked":"Impervious","floor":44},{"not_picked":["Rage+1","Dual Wield","Headbutt+1"],"picked":"SKIP","floor":45},{"not_picked":["Twin Strike","Heavy Blade+1"],"picked":"Shrug It Off","floor":48},{"not_picked":["Headbutt+1","Clothesline","Intimidate"],"picked":"SKIP","floor":55}],"player_experience":2376261,"relics_obtained":[{"floor":7.0,"key":"Ancient Tea Set"},{"floor":9.0,"key":"Blood Vial"},{"floor":10.0,"key":"CaptainsWheel"},{"floor":13.0,"key":"Sundial"},{"floor":25,"key":"StrikeDummy"},{"floor":26,"key":"Bottled Tornado"},{"floor":27,"key":"Toy Ornithopter"},{"floor":41,"key":"Red Skull"},{"floor":44,"key":"Bag of Marbles"},{"floor":48,"key":"Dream Catcher"},{"floor":55,"key":"Anchor"}],"event_choices":[{"damage_healed":0.0,"max_hp_gain":0.0,"max_hp_loss":0.0,"gold_gain":0.0,"event_name":"Golden Idol","player_choice":"Take Damage","floor":2.0,"gold_loss":0.0,"damage_taken":23.0,"relics_obtained":["Golden Idol"]},{"damage_healed":0.0,"max_hp_gain":0.0,"max_hp_loss":0.0,"gold_gain":0.0,"event_name":"Upgrade Shrine","player_choice":"Upgraded","floor":8.0,"gold_loss":0.0,"damage_taken":0.0,"cards_upgraded":["Shockwave"]},{"damage_healed":0,"gold_gain":0,"cards_transformed":["Strike_R"],"player_choice":"Transformed","damage_taken":0,"max_hp_gain":0,"max_hp_loss":0,"event_name":"Transmorgrifier","floor":19,"gold_loss":0,"cards_obtained":["Pummel"]},{"damage_healed":0,"gold_gain":0,"player_choice":"Read","damage_taken":0,"max_hp_gain":0,"max_hp_loss":0,"event_name":"The Library","floor":22,"gold_loss":0,"cards_obtained":["Whirlwind"]},{"cards_removed":["Strike_R"],"damage_healed":0,"gold_gain":0,"player_choice":"Gave Gold","damage_taken":0,"max_hp_gain":0,"max_hp_loss":0,"event_name":"Beggar","floor":28,"gold_loss":75},{"cards_removed":["Strike_R"],"damage_healed":0,"gold_gain":0,"player_choice":"Purged","damage_taken":0,"max_hp_gain":0,"max_hp_loss":0,"event_name":"Purifier","floor":37,"gold_loss":0},{"damage_healed":0,"gold_gain":50,"player_choice":"Pray","damage_taken":0,"max_hp_gain":0,"max_hp_loss":0,"event_name":"Golden Shrine","floor":47,"gold_loss":0}],"is_beta":false,"boss_relics":[{"not_picked":["Tiny House","SacredBark"],"picked":"Mark of Pain"},{"not_picked":["Black Star","Runic Cube"],"picked":"SlaversCollar"}],"items_purged_floors":[5,20],"is_endless":false,"potions_floor_spawned":[3,4,11,16,21,30,35,42,48],"ascension_level":20,"potion_discard_per_floor":[[],[],[],[],[],[],[],[],[],[],[],[],[],[],[],[],[],[],[],[],[],[],[],[],[],[],[],[],[],[],[],[],[],[],[],[],[],[],[],[],[],[],[],[],[],[],[],[],[],[],[],[],[],[],[],[],[]]}