{"neow_bonuses_skipped_log":["TRANSFORM_CARD","HUNDRED_GOLD","BOSS_RELIC"],"potions_obtained_entropic_brew":[[],[],[],[],[],[],[],[],[],[],[],[],[],[],[],[],[],[],[],[],[],[],[],[],[],[],[],[],[],[],[],[],[],[],[],[],[],[],[],[],[],[],[],[],[],[],[],[],[],[],[],[],[],[],[],["SmokeBomb","DuplicationPotion","BloodPotion"],[]],"neow_costs_skipped_log":["NONE","NONE","NONE"],"gold_per_floor":[365,380,393,412,88,122,122,149,229,229,257,257,292,305,305,391,391,412,50,73,123,151,180,197,237,249,261,294,327,17,26,26,106,106,126,149,149,195,195,195,195,211,211,252,99,137,150,185,185,185,185,185,185,18,54,54],"floor_reached":57,"playtime":2452,"items_purged":["Strike_R","Strike_R","Strike_R"],"score":2845,"play_id":"54cb0f3e-e842-419b-b6e1-8d5b4af43020","local_time":"20240605190344","score_breakdown":["Floors Climbed (57): 285","Enemies Slain (15): 30","Exordium Elites Killed (4): 40","City Elites Killed (2): 40","Beyond Elites Killed (3): 90","Bosses Slain (5): 750","Light Speed: 50","Money Money (1350): 25","Overkill: 25","Ascension (20): 1260","Heartbreaker: 250"],"is_ascension_mode":true,"potions_obtained_alchemize":[[],[],[],[],[],[],[],[],[],[],[],[],[],[],[],[],[],[],[],[],[],[],[],[],[],[],[],[],[],[],[],[],[],[],[],[],[],[],[],[],[],[],[],[],[],[],[],[],[],[],[],[],[],[],[],[],[]],"campfire_choices":[{"floor":7,"key":"REST"},{"data":"Pommel Strike","floor":10,"key":"SMITH"},{"data":"Cleave","floor":12,"key":"SMITH"},{"data":"Disarm","floor":15,"key":"SMITH"},{"data":"Limit Break","floor":27,"key":"SMITH"},{"data":"Bloodletting","floor":32,"key":"SMITH"},{"data":"Shockwave","floor":40,"key":"SMITH"},{"floor":49,"key":"RECALL"},{"data":"Disarm","floor":53,"key":"SMITH"}],"lesson_learned_per_floor":[[],[],[],[],[],[],[],[],[],[],[],[],[],[],[],[],[],[],[],[],[],[],[],[],[],[],[],[],[],[],[],[],[],[],[],[],[],[],[],[],[],[],[],[],[],[],[],[],[],[],[],[],[],[],[],[],[]],"neow_cost":"TEN_PERCENT_HP_LOSS","improvable_cards":{},"seed_source_timestamp":1703960919645100,"shop_contents":[{"floor":5,"relics":["Nunchaku","Akabeko"],"cards":["Wild Strike","Heavy Blade","Dual Wield","Evolve","Bandage Up","Violence"],"potions":["Swift Potion","EssenceOfSteel","DuplicationPotion"]},{"floor":19,"relics":["Vajra","Cauldron"],"cards":["Cleave","Pommel Strike","True Grit","Intimidate","Inflame","Enlightenment","Thinking Ahead"],"potions":["Block Potion","AttackPotion","DistilledChaos"]},{"floor":30,"relics":["Tiny Chest","Oddly Smooth Stone","TheAbacus"],"cards":["Anger","Clash","Corruption","Dark Shackles","Thinking Ahead"],"potions":["DistilledChaos","SkillPotion","FearPotion"]},{"floor":45,"relics":["Strawberry","Blood Vial"],"cards":["Iron Wave","Heavy Blade","Armaments","Disarm","Berserk","Dramatic Entrance","Metamorphosis"],"potions":["SteroidPotion","BloodPotion","Swift Potion"]},{"floor":54,"relics":["Kunai","Bird Faced Urn","Chemical X"],"cards":["Heavy Blade","Perfected Strike","Entrench","Flex","Fire Breathing","PanicButton","Secret Technique"],"potions":["LiquidMemories"]}],"circlet_count":0,"master_deck":["AscendersBane","Strike_R","Strike_R","Defend_R","Defend_R","Defend_R+1","Defend_R","Bash","Pommel Strike+1","Cleave+1","Perfected Strike","Second Wind","Intimidate+1","Twin Strike","Disarm+1","Reaper","Sentinel","Heavy Blade","Battle Trance","Limit Break+1","Pommel Strike+1","Disarm+1","Shockwave+1","Impervious","Bloodletting+1","Limit Break","Uppercut+1","Evolve+1","Reaper","Offering","Sentinel"],"potion_use_per_floor":[[],[],[],[],[],[],[],[],[],[],["PowerPotion"],[],[],[],[],["PowerPotion"],[],[],[],[],[],[],["SpeedPotion","DistilledChaos"],[],[],[],[],["Fire Potion"],[],[],[],[],[],[],[],[],[],[],[],[],[],[],[],[],[],[],[],[],[],["Block Potion"],[],[],[],["Fruit Juice"],[],["Weak Potion","Swift Potion","EntropicBrew","BloodPotion","DuplicationPotion","FairyPotion"],[]],"relics":["Burning Blood","Brimstone","War Paint","Calipers","Paper Frog","Red Skull","CeramicFish","Snecko Eye","Question Card","Potion Belt","MawBank","Torii","SlaversCollar","Pocketwatch","Ice Cream","CaptainsWheel","DollysMirror","Omamori","Dream Catcher","Bronze Scales"],"potions_floor_usage":[11,16,23,23,28,50,54,56,56,56,56,56],"damage_taken":[{"damage":2,"enemies":"Cultist","floor":1,"turns":4},{"damage":3,"enemies":"Small Slimes","floor":2,"turns":3},{"damage":1,"enemies":"2 Louse","floor":3,"turns":3},{"damage":18,"enemies":"Large Slime","floor":4,"turns":5},{"damage":48,"enemies":"3 Sentries","floor":6,"turns":6},{"damage":7,"enemies":"Gremlin Nob","floor":8,"turns":3},{"damage":9,"enemies":"Lagavulin","floor":11,"turns":4},{"damage":8,"enemies":"Gremlin Nob","floor":13,"turns":3},{"damage":0,"enemies":"Looter","floor":14,"turns":3},{"damage":11,"enemies":"The Guardian","floor":16,"turns":6},{"damage":27,"enemies":"Shell Parasite","floor":18,"turns":4},{"damage":13,"enemies":"Spheric Guardian","floor":20,"turns":3},{"damage":6,"enemies":"Centurion and Healer","floor":22,"turns":6},{"damage":7,"enemies":"Gremlin Leader","floor":23,"turns":5},{"damage":2,"enemies":"Cultist and Chosen","floor":24,"turns":3},{"damage":10,"enemies":"Book of Stabbing","floor":25,"turns":3},{"damage":0,"enemies":"Snake Plant","floor":28,"turns":2},{"damage":0,"enemies":"Snecko","floor":29,"turns":2},{"damage":29,"enemies":"Collector","floor":33,"turns":7},{"damage":12,"enemies":"Orb Walker","floor":35,"turns":2},{"damage":30,"enemies":"3 Darklings","floor":36,"turns":5},{"damage":45,"enemies":"2 Orb Walkers","floor":38,"turns":4},{"damage":0,"enemies":"Spire Growth","floor":42,"turns":3},{"damage":39,"enemies":"Reptomancer","floor":44,"turns":4},{"damage":4,"enemies":"Giant Head","floor":46,"turns":4},{"damage":8,"enemies":"Writhing Mass","floor":47,"turns":4},{"damage":36,"enemies":"Nemesis","floor":48,"turns":5},{"damage":76,"enemies":"Awakened One","floor":50,"turns":8},{"damage":54,"enemies":"Time Eater","floor":51,"turns":5},{"damage":45,"enemies":"Shield and Spear","floor":55,"turns":5},{"damage":102,"enemies":"The Heart","floor":56,"turns":6}],"green_key_taken_log":44,"seed_played":"-974208509917082174","neow_bonus_log":{"cardsObtained":[],"cardsUpgraded":[],"cardsRemoved":[],"cardsTransformed":[],"relicsObtained":[],"maxHpGained":0,"goldGained":250,"damageTaken":0,"goldLost":0,"maxHpLost":7},"potions_obtained":[{"floor":1,"key":"Weak Potion"},{"floor":4,"key":"PowerPotion"},{"floor":8,"key":"DistilledChaos"},{"floor":13,"key":"PowerPotion"},{"floor":20,"key":"SpeedPotion"},{"floor":24,"key":"Fire Potion"},{"floor":25,"key":"Fruit Juice"},{"floor":36,"key":"Weak Potion"},{"floor":44,"key":"EntropicBrew"},{"floor":48,"key":"Block Potion"}],"is_trial":false,"path_per_floor":["M","M","M","M","$","E","R","E","T","R","E","R","E","M","R","B",null,"M","$","M","?","M","E","M","E","T","R","M","M","$","?","R","B",null,"M","M","?","?","?","R","T","M","T","E","$","E","M","E","R","B","B",null,"R","$","E","B",null],"character_chosen":"IRONCLAD","basemod:card_modifiers":[null,null,null,null,null,null,null,null,null,null,null,null,null,null,null,null,null,null,null,null,null,null,null,null,null,null,null,null,null,null,null],"items_purchased":["Brimstone","Second Wind","Question Card","Shockwave","Impervious","DollysMirror","FairyPotion","Swift Potion"],"campfire_rested":1,"item_purchase_floors":[5,5,19,30,30,45,54,54],"current_hp_per_floor":[68,68,68,56,56,14,34,33,33,33,30,30,28,34,34,29,58,45,45,51,51,67,66,68,64,64,64,68,68,68,68,68,68,68,62,67,67,28,28,28,28,54,54,32,32,62,65,56,56,65,54,62,62,67,70,27],"gold":54,"neow_bonus":"TWO_FIFTY_GOLD","is_prod":false,"is_daily":false,"rewards_skipped":[{"floor":55,"relics":[],"potions":["Swift Potion"]}],"chose_seed":false,"campfire_upgraded":7,"win_rate":0,"floor_exit_playtime":[44,72,102,155,183,245,248,282,284,291,331,340,375,405,413,470,496,548,569,611,631,725,796,1116,1154,1160,1166,1209,1250,1269,1307,1313,1420,1437,1482,1552,1556,1637,1641,1648,1653,1685,1688,1782,1796,1860,1919,2000,2003,2145,2221,2232,2242,2260,2339,2452],"timestamp":1717628624,"blue_key_relic_skipped_log":{"floor":43,"relicID":"Bottled Lightning"},"path_taken":["M","M","?","M","$","E","R","E","T","R","E","R","E","M","R","BOSS","M","$","M","?","M","E","?","E","T","R","M","M","$","?","R","BOSS","M","M","?","?","?","R","?","M","T","E","$","E","M","E","R","BOSS","BOSS","R","$","E","BOSS"],"build_version":"2022-12-18","purchased_purges":3,"victory":true,"max_hp_per_floor":[68,68,68,68,68,68,68,68,68,68,68,68,68,68,68,68,68,68,68,68,68,68,68,68,68,68,68,68,68,68,68,68,68,68,68,68,68,68,65,65,65,65,65,65,65,65,65,65,65,65,65,65,65,70,70,70],"relic_stats":{"Ice Cream":[29],"Calipers":[55],"Torii":37,"counters":[31,130],"CeramicFish":153,"Omamori":0,"War Paint":["Intimidate","Defend_R"],"Question Card":17,"MawBank":60,"Burning Blood":147,"Dream Catcher":0,"Bronze Scales":[51],"Snecko Eye":[180,188,165,212,-294],"obtain_stats":[{"Potion Belt":23,"Ice Cream":41,"Calipers":8,"Torii":26,"CeramicFish":13,"Omamori":46,"War Paint":6,"Question Card":19,"MawBank":25,"Burning Blood":0,"SlaversCollar":34,"CaptainsWheel":44,"Dream Catcher":48,"Brimstone":5,"DollysMirror":45,"Bronze Scales":55,"Snecko Eye":17,"Red Skull":11,"Paper Frog":9,"Pocketwatch":38},{"Potion Belt":14,"Ice Cream":22,"Calipers":6,"Torii":16,"CeramicFish":8,"Omamori":25,"War Paint":5,"Question Card":11,"MawBank":16,"Burning Blood":0,"SlaversCollar":19,"CaptainsWheel":24,"Dream Catcher":27,"Brimstone":4,"DollysMirror":24,"Bronze Scales":30,"Snecko Eye":10,"Red Skull":7,"Paper Frog":6,"Pocketwatch":22},{"Potion Belt":58,"Ice Cream":86,"Calipers":24,"Torii":64,"CeramicFish":31,"Omamori":97,"War Paint":21,"Question Card":44,"MawBank":64,"Burning Blood":0,"SlaversCollar":75,"CaptainsWheel":93,"Dream Catcher":106,"Brimstone":15,"DollysMirror":93,"Bronze Scales":124,"Snecko Eye":40,"Red Skull":28,"Paper Frog":24,"Pocketwatch":86}],"Pocketwatch":[39]},"card_choices":[{"not_picked":["Feel No Pain","Heavy Blade"],"picked":"Pommel Strike","floor":1},{"not_picked":["Rage","Thunderclap","Warcry"],"picked":"SKIP","floor":2},{"not_picked":["Thunderclap","Dual Wield"],"picked":"Cleave","floor":3},{"not_picked":["Cleave","Flex"],"picked":"Perfected Strike","floor":4},{"not_picked":["Combust","Armaments"],"picked":"Intimidate","floor":6},{"not_picked":["Dropkick","Flame Barrier"],"picked":"Twin Strike","floor":8},{"not_picked":["Carnage","Armaments","Cleave"],"picked":"SKIP","floor":11},{"not_picked":["Spot Weakness","Corruption"],"picked":"Disarm","floor":13},{"not_picked":["Cleave","Warcry","Sever Soul"],"picked":"SKIP","floor":14},{"not_picked":["Immolate","Bludgeon"],"picked":"Reaper","floor":16},{"not_picked":["Metallicize+1","Rage"],"picked":"Sentinel","floor":18},{"not_picked":["Anger","Searing Blow","Havoc"],"picked":"Heavy Blade","floor":20},{"not_picked":["Clash","Heavy Blade","Pommel Strike"],"picked":"Battle Trance","floor":22},{"not_picked":["Combust","Body Slam+1","Sever Soul","Wild Strike"],"picked":"SKIP","floor":23},{"not_picked":["Havoc","Wild Strike+1","True Grit","Body Slam"],"picked":"SKIP","floor":24},{"not_picked":["Headbutt","Bludgeon","Fire Breathing"],"picked":"Limit Break","floor":25},{"not_picked":["Flex","Headbutt","Dark Embrace"],"picked":"Pommel Strike+1","floor":28},{"not_picked":["Second Wind+1","Heavy Blade","Intimidate"],"picked":"Disarm","floor":29},{"not_picked":["Blood for Blood","Wild Strike","Reckless Charge","Seeing Red","Sever Soul","Sword Boomerang","Hemokinesis","Rampage","Anger","Headbutt","Entrench","Sentinel","Inflame","Disarm","Iron Wave","Pummel","Second Wind","True Grit","Whirlwind"],"picked":"Bloodletting","floor":31},{"not_picked":["Immolate","Feed","Brutality"],"picked":"Limit Break","floor":33},{"not_picked":["Headbutt","True Grit","Disarm","Havoc"],"picked":"SKIP","floor":35},{"not_picked":["Cleave","Headbutt","Ghostly Armor"],"picked":"Uppercut+1","floor":36},{"not_picked":["Hemokinesis","Body Slam","Anger","Spot Weakness+1"],"picked":"SKIP","floor":38},{"not_picked":["Hemokinesis","Pommel Strike","Cleave+1","Anger"],"picked":"SKIP","floor":42},{"not_picked":["Clothesline","Battle Trance","Iron Wave"],"picked":"Evolve+1","floor":44},{"not_picked":["Body Slam","Iron Wave","Bloodletting+1"],"picked":"Offering","floor":46},{"not_picked":["Havoc+1","Seeing Red","Ghostly Armor","Clash+1"],"picked":"SKIP","floor":47},{"not_picked":["Fire Breathing","Inflame","Flex+1","Berserk"],"picked":"SKIP","floor":48},{"not_picked":["Anger","Clothesline","Warcry+1"],"picked":"Sentinel","floor":55}],"player_experience":2417875,"relics_obtained":[{"floor":6,"key":"War Paint"},{"floor":8,"key":"Calipers"},{"floor":9,"key":"Paper Frog"},{"floor":11,"key":"Red Skull"},{"floor":13,"key":"CeramicFish"},{"floor":23,"key":"Potion Belt"},{"floor":25,"key":"MawBank"},{"floor":26,"key":"Torii"},{"floor":38,"key":"Pocketwatch"},{"floor":41,"key":"Ice Cream"},{"floor":44,"key":"CaptainsWheel"},{"floor":46,"key":"Omamori"},{"floor":48,"key":"Dream Catcher"},{"floor":55,"key":"Bronze Scales"}],"event_choices":[{"damage_healed":0,"gold_gain":50,"player_choice":"Pray","damage_taken":0,"max_hp_gain":0,"max_hp_loss":0,"event_name":"Golden Shrine","floor":21,"gold_loss":0},{"damage_healed":0,"gold_gain":0,"player_choice":"Read","damage_taken":0,"max_hp_gain":0,"max_hp_loss":0,"event_name":"The Library","floor":31,"gold_loss":0,"cards_obtained":["Bloodletting"]},{"damage_healed":0,"gold_gain":0,"player_choice":"Ignored","damage_taken":0,"max_hp_gain":0,"max_hp_loss":0,"event_name":"Tomb of Lord Red Mask","floor":37,"gold_loss":0},{"damage_healed":0,"gold_gain":0,"player_choice":"Fight","damage_taken":0,"max_hp_gain":0,"max_hp_loss":0,"event_name":"Mysterious Sphere","floor":38,"gold_loss":0},{"damage_healed":0,"gold_gain":0,"player_choice":"Max HP","damage_taken":0,"max_hp_gain":0,"max_hp_loss":3,"event_name":"Winding Halls","floor":39,"gold_loss":0}],"is_beta":false,"boss_relics":[{"not_picked":["Black Blood","Pandora\u0027s Box"],"picked":"Snecko Eye"},{"not_picked":["Tiny House","Astrolabe"],"picked":"SlaversCollar"}],"items_purged_floors":[5,19,30],"is_endless":false,"potions_floor_spawned":[1,4,8,13,20,24,25,36,44,48,55],"ascension_level":20,"potion_discard_per_floor":[[],[],[],[],[],[],[],["Weak Potion"],[],[],[],[],[],[],[],[],[],[],[],[],[],[],[],[],[],[],[],[],[],[],[],[],[],[],[],[],[],[],[],[],[],[],[],[],[],[],[],[],[],[],[],[],[],[],[],[],[]]}