{"neow_bonuses_skipped_log":["THREE_CARDS","THREE_RARE_CARDS","BOSS_RELIC"],"potions_obtained_entropic_brew":[[],[],[],[],[],[],[],[],[],[],[],[],[],[],[],[],[],[],[],[],[],[],[],[],[],[],[],[],[],[],[],[],[]],"neow_costs_skipped_log":["NONE","PERCENT_DAMAGE","NONE"],"gold_per_floor":[111,186,54,54,67,67,402,422,422,454,466,494,494,512,512,584,584,601,16,36,36,47,47,57,90,90,90,109,141,141,168,168,168],"floor_reached":33,"playtime":1590,"items_purged":["Strike_R","Strike_R"],"score":750,"play_id":"2fc1e604-53a3-416e-8e73-59678d2f51fd","local_time":"20240605181640","score_breakdown":["Floors Climbed (33): 165","Enemies Slain (10): 20","Exordium Elites Killed (3): 30","City Elites Killed (3): 60","Bosses Slain (1): 50","Champion (2): 50","Ascension (20): 375"],"is_ascension_mode":true,"potions_obtained_alchemize":[[],[],[],[],[],[],[],[],[],[],[],[],[],[],[],[],[],[],[],[],[],[],[],[],[],[],[],[],[],[],[],[],[]],"campfire_choices":[{"data":"Flex","floor":6.0,"key":"SMITH"},{"data":"Pommel Strike","floor":15.0,"key":"SMITH"},{"data":"Dark Embrace","floor":23,"key":"SMITH"},{"floor":30,"key":"REST"},{"data":"Offering","floor":32,"key":"SMITH"}],"lesson_learned_per_floor":[[],[],[],[],[],[],[],[],[],[],[],[],[],[],[],[],[],[],[],[],[],[],[],[],[],[],[],[],[],[],[],[],[]],"neow_cost":"NONE","improvable_cards":{},"seed_source_timestamp":1702066521721600,"shop_contents":[{"floor":3,"relics":["Singing Bowl","Self Forming Clay","Strange Spoon"],"cards":["Twin Strike","Warcry","Flex","Metallicize","Dark Shackles","Transmutation"],"potions":["LiquidBronze","Fire Potion","Block Potion"]},{"floor":19,"relics":["Peace Pipe"],"cards":["Thunderclap","Clash","Flex","Fire Breathing","Bandage Up","Mayhem"],"potions":["DistilledChaos","SteroidPotion","Explosive Potion"]}],"circlet_count":0,"master_deck":["AscendersBane","Defend_R","Defend_R","Defend_R","Defend_R","Bash","Anger","Anger","Flex+1","Clothesline","Shrug It Off","Battle Trance","Dark Embrace+1","Pommel Strike+1","Offering+1","True Grit+1","Heavy Blade+1","Exhume+1","Flame Barrier+1","Disarm","Shrug It Off","Feel No Pain","Bloodletting","Pommel Strike+1","Entrench+1","Second Wind+1"],"special_seed":0,"potion_use_per_floor":[[],[],[],[],[],[],[],[],[],[],[],[],[],["SkillPotion"],[],["Ancient Potion"],[],[],[],["LiquidBronze"],[],[],[],["Regen Potion"],["GamblersBrew"],[],[],[],[],[],[],[],["CultistPotion","ElixirPotion"]],"relics":["Burning Blood","NeowsBlessing","Old Coin","WingedGreaves","Turnip","Happy Flower","Astrolabe","Sling","Gremlin Horn","Enchiridion","Shuriken","Mummified Hand","Smiling Mask","Toxic Egg 2"],"potions_floor_usage":[20,24,25,33,33],"damage_taken":[{"damage":0.0,"enemies":"2 Louse","floor":1.0,"turns":1.0},{"damage":0.0,"enemies":"Small Slimes","floor":5.0,"turns":1.0},{"damage":0.0,"enemies":"Gremlin Nob","floor":7.0,"turns":1.0},{"damage":4.0,"enemies":"Jaw Worm","floor":8.0,"turns":2.0},{"damage":35.0,"enemies":"3 Sentries","floor":10.0,"turns":8.0},{"damage":4.0,"enemies":"2 Fungi Beasts","floor":11.0,"turns":4.0},{"damage":6.0,"enemies":"Gremlin Nob","floor":12.0,"turns":3.0},{"damage":6.0,"enemies":"Gremlin Gang","floor":14.0,"turns":5.0},{"damage":26.0,"enemies":"Hexaghost","floor":16.0,"turns":7.0},{"damage":14.0,"enemies":"Spheric Guardian","floor":18.0,"turns":4.0},{"damage":0,"enemies":"3 Byrds","floor":20,"turns":4},{"damage":5,"enemies":"Snake Plant","floor":22,"turns":6},{"damage":13,"enemies":"3 Cultists","floor":24,"turns":5},{"damage":6,"enemies":"Gremlin Leader","floor":25,"turns":4},{"damage":6,"enemies":"Centurion and Healer","floor":28,"turns":3},{"damage":19,"enemies":"Book of Stabbing","floor":29,"turns":4},{"damage":12,"enemies":"Slavers","floor":31,"turns":7},{"damage":57,"enemies":"Automaton","floor":33,"turns":8}],"green_key_taken_log":7,"seed_played":"6336871363995560753","neow_bonus_log":{"cardsObtained":[],"cardsUpgraded":[],"cardsRemoved":[],"cardsTransformed":[],"relicsObtained":["NeowsBlessing"],"maxHpGained":0,"goldGained":0,"damageTaken":0,"goldLost":0,"maxHpLost":0},"potions_obtained":[{"floor":5.0,"key":"Weak Potion"},{"floor":10.0,"key":"Ancient Potion"},{"floor":11.0,"key":"SkillPotion"},{"floor":14.0,"key":"GamblersBrew"},{"floor":16.0,"key":"LiquidBronze"},{"floor":22,"key":"Regen Potion"},{"floor":24,"key":"ElixirPotion"},{"floor":25,"key":"CultistPotion"}],"is_trial":false,"path_per_floor":["M","?","$","?","M","R","E","M","T","E","M","E","?","M","R","B",null,"M","$","M","?","M","R","M","E","T","?","M","E","R","E","R","B"],"character_chosen":"IRONCLAD","basemod:card_modifiers":[null,null,null,null,null,null,null,null,null,null,null,null,null,null,null,null,null,null,null,null,null,null,null,null,null,null],"items_purchased":["Anger","Disarm","Sling","Gremlin Horn"],"campfire_rested":1,"item_purchase_floors":[3,19,19,19],"current_hp_per_floor":[74,63,63,63,69,69,75,75,75,46,48,48,48,48,48,28,63,55,55,61,40,41,41,48,48,48,48,48,35,57,51,51,0],"gold":168,"neow_bonus":"THREE_ENEMY_KILL","is_prod":false,"is_daily":false,"rewards_skipped":[{"floor":13,"relics":[],"potions":["Regen Potion","SneckoOil"]}],"chose_seed":false,"campfire_upgraded":4,"win_rate":0,"floor_exit_playtime":[29,34,44,48,63,68,78,101,104,176,224,271,274,350,358,423,446,517,541,625,633,727,739,854,1093,1096,1125,1182,1261,1267,1389,1406],"timestamp":1717625800,"path_taken":["M","?","$","?","?","R","E","M","T","E","M","E","?","?","R","BOSS","M","$","M","?","M","R","M","E","T","?","M","E","R","E","R","BOSS"],"build_version":"2022-12-18","purchased_purges":2,"victory":false,"max_hp_per_floor":[75,75,75,75,75,75,75,75,75,75,75,75,75,75,75,75,75,75,75,75,75,75,75,75,75,75,75,75,75,75,75,75,75],"relic_stats":{"Happy Flower":[19],"Gremlin Horn":[11,12],"counters":[18,77],"Shuriken":[12],"Mummified Hand":[14],"Astrolabe":["True Grit","Heavy Blade","Exhume"],"WingedGreaves":2,"Turnip":[11],"Smiling Mask":0,"obtain_stats":[{"NeowsBlessing":0,"Happy Flower":12,"Gremlin Horn":19,"Astrolabe":17,"Enchiridion":21,"Sling":19,"Smiling Mask":29,"Burning Blood":0,"Old Coin":7,"Shuriken":25,"Mummified Hand":26,"WingedGreaves":9,"Turnip":10,"Toxic Egg 2":31},{"NeowsBlessing":0,"Happy Flower":7,"Gremlin Horn":10,"Astrolabe":9,"Enchiridion":11,"Sling":10,"Smiling Mask":16,"Burning Blood":0,"Old Coin":3,"Shuriken":14,"Mummified Hand":14,"WingedGreaves":4,"Turnip":5,"Toxic Egg 2":17},{"NeowsBlessing":0,"Happy Flower":20,"Gremlin Horn":36,"Astrolabe":32,"Enchiridion":40,"Sling":36,"Smiling Mask":62,"Burning Blood":0,"Old Coin":3,"Shuriken":55,"Mummified Hand":55,"WingedGreaves":5,"Turnip":13,"Toxic Egg 2":69}],"Burning Blood":100},"card_choices":[{"not_picked":["Flex","Heavy Blade"],"picked":"Anger","floor":1.0},{"not_picked":["Thunderclap","Dropkick"],"picked":"Flex","floor":5.0},{"not_picked":["Clash","Juggernaut"],"picked":"Clothesline","floor":7.0},{"not_picked":["Clash","Wild Strike","Seeing Red"],"picked":"SKIP","floor":8.0},{"not_picked":["Thunderclap","Warcry"],"picked":"Shrug It Off","floor":10.0},{"not_picked":["Feel No Pain","True Grit"],"picked":"Battle Trance","floor":11.0},{"not_picked":["Headbutt","Sword Boomerang"],"picked":"Dark Embrace","floor":12.0},{"not_picked":["Body Slam","Sword Boomerang"],"picked":"Pommel Strike","floor":14.0},{"not_picked":["Exhume","Brutality"],"picked":"Offering","floor":16.0},{"not_picked":["Headbutt","Shrug It Off"],"picked":"Flame Barrier+1","floor":18.0},{"not_picked":["Anger","Cleave"],"picked":"Shrug It Off","floor":20},{"not_picked":["Second Wind","Iron Wave"],"picked":"Feel No Pain","floor":22},{"not_picked":["Armaments","Cleave"],"picked":"Bloodletting","floor":24},{"not_picked":["Sword Boomerang","Carnage"],"picked":"Pommel Strike","floor":25},{"not_picked":["Havoc","Second Wind"],"picked":"Entrench+1","floor":28},{"not_picked":["Flex","Hemokinesis","Second Wind"],"picked":"SKIP","floor":29},{"not_picked":["Headbutt","Cleave"],"picked":"Second Wind+1","floor":31}],"player_experience":2416025,"relics_obtained":[{"floor":7.0,"key":"Old Coin"},{"floor":9.0,"key":"WingedGreaves"},{"floor":10.0,"key":"Turnip"},{"floor":12.0,"key":"Happy Flower"},{"floor":21,"key":"Enchiridion"},{"floor":25,"key":"Shuriken"},{"floor":26,"key":"Mummified Hand"},{"floor":29,"key":"Smiling Mask"},{"floor":31,"key":"Toxic Egg 2"}],"event_choices":[{"damage_healed":0.0,"max_hp_gain":0.0,"max_hp_loss":0.0,"gold_gain":75.0,"event_name":"World of Goop","player_choice":"Gather Gold","floor":2.0,"gold_loss":0.0,"damage_taken":11.0},{"damage_healed":0.0,"max_hp_gain":0.0,"max_hp_loss":0.0,"gold_gain":0.0,"event_name":"Liars Game","player_choice":"Ignored","floor":4.0,"gold_loss":0.0,"damage_taken":0.0},{"damage_healed":0.0,"max_hp_gain":0.0,"max_hp_loss":0.0,"gold_gain":0.0,"event_name":"Lab","player_choice":"Got Potions","floor":13.0,"gold_loss":0.0,"damage_taken":0.0},{"damage_healed":0,"gold_gain":0,"player_choice":"Obtained Book","damage_taken":21,"max_hp_gain":0,"max_hp_loss":0,"event_name":"Cursed Tome","floor":21,"gold_loss":0},{"damage_healed":0,"gold_gain":0,"player_choice":"Forge","damage_taken":0,"max_hp_gain":0,"max_hp_loss":0,"event_name":"Accursed Blacksmith","floor":27,"gold_loss":0,"cards_upgraded":["Pommel Strike"]}],"is_beta":false,"boss_relics":[{"not_picked":["Black Star","Runic Cube"],"picked":"Astrolabe"}],"items_purged_floors":[3,19],"is_endless":false,"potions_floor_spawned":[5,10,11,14,16,22,24,25],"killed_by":"Automaton","ascension_level":20,"potion_discard_per_floor":[[],[],[],[],[],[],[],[],[],[],["Weak Potion"],[],[],[],[],[],[],[],[],[],[],[],[],[],[],[],[],[],[],[],[],[],[]]}