{"neow_bonuses_skipped_log":["THREE_CARDS","THREE_SMALL_POTIONS","BOSS_RELIC"],"potions_obtained_entropic_brew":[[],[],[],[],[],[],[],[],[],[],[],[],[],[],[],[]],"neow_costs_skipped_log":["NONE","NONE","NONE"],"gold_per_floor":[361,361,377,0,20,20,61,61,88,116,116,152,202,229,229,229],"floor_reached":16,"playtime":600,"items_purged":["Strike_R"],"score":220,"play_id":"2f5f4685-b9c3-4d2b-8db3-4d6638c876a9","local_time":"20240531080310","score_breakdown":["Floors Climbed (16): 80","Enemies Slain (5): 10","Exordium Elites Killed (2): 20","Bosses Slain (0): 0","Ascension (20): 110"],"is_ascension_mode":true,"potions_obtained_alchemize":[[],[],[],[],[],[],[],[],[],[],[],[],[],[],[],[]],"campfire_choices":[{"data":"Twin Strike","floor":6,"key":"SMITH"},{"data":"Iron Wave","floor":8,"key":"SMITH"},{"data":"Sword Boomerang","floor":11,"key":"SMITH"},{"data":"Pommel Strike","floor":15,"key":"SMITH"}],"lesson_learned_per_floor":[[],[],[],[],[],[],[],[],[],[],[],[],[],[],[],[]],"neow_cost":"PERCENT_DAMAGE","improvable_cards":{},"seed_source_timestamp":1234270091009100,"shop_contents":[{"floor":4,"relics":["StoneCalendar","Centennial Puzzle"],"cards":["Cleave","Shrug It Off","True Grit","Mind Blast","Mayhem"],"potions":["SteroidPotion","Dexterity Potion","SpeedPotion"]}],"circlet_count":0,"master_deck":["AscendersBane","Strike_R","Strike_R","Strike_R","Strike_R","Defend_R","Defend_R","Defend_R","Defend_R","Bash","Inflame","Iron Wave+1","Twin Strike+1","Dark Embrace","Feel No Pain","Sword Boomerang+1","Burning Pact","Headbutt","Pommel Strike+1"],"potion_use_per_floor":[[],[],[],[],[],[],["ColorlessPotion"],[],[],[],[],["Fire Potion"],[],[],[],["BloodPotion"]],"relics":["Burning Blood","Sling","CeramicFish","Regal Pillow","Kunai"],"potions_floor_usage":[7,12,16],"damage_taken":[{"damage":4,"enemies":"Jaw Worm","floor":1,"turns":5},{"damage":7,"enemies":"Cultist","floor":3,"turns":4},{"damage":1,"enemies":"2 Louse","floor":5,"turns":4},{"damage":17,"enemies":"Lagavulin","floor":7,"turns":5},{"damage":11,"enemies":"Looter","floor":10,"turns":3},{"damage":11,"enemies":"Gremlin Nob","floor":12,"turns":3},{"damage":20,"enemies":"3 Louse","floor":14,"turns":3},{"damage":30,"enemies":"Hexaghost","floor":16,"turns":7}],"seed_played":"-2760204835500094170","neow_bonus_log":{"cardsObtained":[],"cardsUpgraded":[],"cardsRemoved":[],"cardsTransformed":[],"relicsObtained":[],"maxHpGained":0,"goldGained":250,"damageTaken":18,"goldLost":0,"maxHpLost":0},"potions_obtained":[{"floor":1,"key":"Fire Potion"},{"floor":3,"key":"ColorlessPotion"},{"floor":7,"key":"BloodPotion"}],"is_trial":false,"path_per_floor":["M","?","M","$","M","R","E","R","T","M","R","E","?","M","R","B"],"character_chosen":"IRONCLAD","basemod:card_modifiers":[null,null,null,null,null,null,null,null,null,null,null,null,null,null,null,null,null,null,null],"items_purchased":["Sling","Twin Strike","Dark Embrace"],"campfire_rested":0,"item_purchase_floors":[4,4,4],"current_hp_per_floor":[52,57,56,56,61,61,50,50,50,45,45,40,40,26,26,12],"gold":229,"neow_bonus":"TWO_FIFTY_GOLD","is_prod":false,"is_daily":false,"rewards_skipped":[],"chose_seed":false,"campfire_upgraded":4,"win_rate":0,"floor_exit_playtime":[82,86,121,197,243,252,312,329,333,392,407,451,454,503,513],"timestamp":1717156990,"path_taken":["M","?","M","$","M","R","E","R","T","M","R","E","?","M","R","BOSS"],"build_version":"2022-12-18","purchased_purges":1,"victory":false,"max_hp_per_floor":[75,80,80,80,80,80,80,80,80,80,80,80,80,80,80,80],"relic_stats":{"Regal Pillow":0,"counters":[8,34],"CeramicFish":36,"Kunai":[1],"obtain_stats":[{"Regal Pillow":9,"CeramicFish":7,"Kunai":12,"Sling":4,"Burning Blood":0},{"Regal Pillow":4,"CeramicFish":4,"Kunai":6,"Sling":2,"Burning Blood":0},{"Regal Pillow":18,"CeramicFish":18,"Kunai":24,"Sling":9,"Burning Blood":0}],"Burning Blood":42},"card_choices":[{"not_picked":["Body Slam","Seeing Red"],"picked":"Inflame","floor":1},{"not_picked":["Wild Strike","Warcry"],"picked":"Iron Wave","floor":3},{"not_picked":["Dual Wield","Havoc"],"picked":"Feel No Pain","floor":5},{"not_picked":["Double Tap","Fire Breathing"],"picked":"Sword Boomerang","floor":7},{"not_picked":["Sword Boomerang","Rupture"],"picked":"Burning Pact","floor":10},{"not_picked":["Cleave","Dual Wield"],"picked":"Headbutt","floor":12},{"not_picked":["Feel No Pain","Armaments"],"picked":"Pommel Strike","floor":14}],"player_experience":2408770,"relics_obtained":[{"floor":7,"key":"CeramicFish"},{"floor":9,"key":"Regal Pillow"},{"floor":12,"key":"Kunai"}],"event_choices":[{"damage_healed":0,"gold_gain":0,"player_choice":"Donut","damage_taken":0,"max_hp_gain":5,"max_hp_loss":0,"event_name":"Big Fish","floor":2,"gold_loss":0},{"damage_healed":0,"gold_gain":50,"player_choice":"Pray","damage_taken":0,"max_hp_gain":0,"max_hp_loss":0,"event_name":"Golden Shrine","floor":13,"gold_loss":0}],"is_beta":false,"boss_relics":[],"items_purged_floors":[4],"is_endless":false,"potions_floor_spawned":[1,3,7],"killed_by":"Hexaghost","ascension_level":20,"potion_discard_per_floor":[[],[],[],[],[],[],[],[],[],[],[],[],[],[],[],[]]}