{"neow_bonuses_skipped_log":["TEN_PERCENT_HP_BONUS","TWENTY_PERCENT_HP_BONUS","BOSS_RELIC"],"neow_costs_skipped_log":["NONE","CURSE","NONE"],"potions_obtained_entropic_brew":[[],[],[],[],[],[],[],[],[],[],[],[],[],[],[],[],[],[],[],[],[],[],[],[],[],[],[],[],[],[],[],[],[]],"gold_per_floor":[112,132,144,80,99,99,130,141,141,155,168,168,168,200,200,275,275,290,290,308,190,190,215,215,245,245,274,274,302,320,330,330,330],"floor_reached":33,"playtime":1176,"items_purged":["Strike_R"],"score":724,"play_id":"a1944414-ad63-49fe-80cb-cee203e963ce","local_time":"20240531012057","score_breakdown":["Floors Climbed (33): 165","Enemies Slain (11): 22","Exordium Elites Killed (2): 20","City Elites Killed (4): 80","Bosses Slain (1): 50","Champion (1): 25","Ascension (20): 362"],"is_ascension_mode":true,"potions_obtained_alchemize":[[],[],[],[],[],[],[],[],[],[],[],[],[],[],[],[],[],[],[],[],[],[],[],[],[],[],[],[],[],[],[],[],[]],"campfire_choices":[{"data":"Flex","floor":6,"key":"SMITH"},{"data":"Pommel Strike","floor":13,"key":"SMITH"},{"data":"Offering","floor":15,"key":"SMITH"},{"floor":24,"key":"REST"},{"data":"Corruption","floor":28,"key":"SMITH"},{"floor":32,"key":"REST"}],"lesson_learned_per_floor":[[],[],[],[],[],[],[],[],[],[],[],[],[],[],[],[],[],[],[],[],[],[],[],[],[],[],[],[],[],[],[],[],[]],"neow_cost":"NONE","improvable_cards":{},"seed_source_timestamp":1209560998289600,"shop_contents":[{"floor":21,"relics":["Bronze Scales","White Beast Statue","Frozen Eye"],"cards":["Sever Soul","Searing Blow","Rage","Havoc","Blind","Secret Technique"],"potions":["BloodPotion","Strength Potion","LiquidBronze"]}],"circlet_count":0,"master_deck":["AscendersBane","Strike_R","Strike_R","Strike_R","Defend_R","Defend_R","Defend_R","Defend_R","Bash","Flex+1","Sword Boomerang","Inflame","Pommel Strike+1","Offering+1","Anger","Battle Trance","Cleave","Limit Break","Warcry+1","Feel No Pain","Corruption+1","Intimidate","Bloodletting","Shrug It Off+1","Shrug It Off"],"potion_use_per_floor":[[],[],[],[],[],[],["DuplicationPotion"],[],[],[],[],[],[],["SteroidPotion"],[],["SpeedPotion"],[],[],[],[],[],[],["AttackPotion"],[],[],[],[],[],[],[],["Block Potion"],[],["BlessingOfTheForge"]],"relics":["Burning Blood","Red Skull","Self Forming Clay","CaptainsWheel","StoneCalendar","Black Star","MutagenicStrength","Pen Nib","Bag of Preparation","Ornamental Fan","PreservedInsect","Bag of Marbles","Question Card","Regal Pillow","Art of War","Lantern"],"potions_floor_usage":[7,14,16,23,31,33],"damage_taken":[{"damage":4,"enemies":"Small Slimes","floor":1,"turns":4},{"damage":6,"enemies":"Cultist","floor":2,"turns":3},{"damage":0,"enemies":"2 Louse","floor":3,"turns":2},{"damage":9,"enemies":"Exordium Wildlife","floor":5,"turns":3},{"damage":26,"enemies":"3 Sentries","floor":7,"turns":6},{"damage":7,"enemies":"3 Louse","floor":8,"turns":3},{"damage":9,"enemies":"Blue Slaver","floor":10,"turns":2},{"damage":6,"enemies":"Large Slime","floor":11,"turns":1},{"damage":0,"enemies":"Lagavulin","floor":14,"turns":4},{"damage":27,"enemies":"Hexaghost","floor":16,"turns":6},{"damage":12,"enemies":"2 Thieves","floor":18,"turns":3},{"damage":22,"enemies":"Shell Parasite","floor":20,"turns":2},{"damage":37,"enemies":"Gremlin Leader","floor":23,"turns":3},{"damage":17,"enemies":"Book of Stabbing","floor":25,"turns":2},{"damage":8,"enemies":"Gremlin Leader","floor":27,"turns":4},{"damage":3,"enemies":"Slavers","floor":29,"turns":4},{"damage":0,"enemies":"Centurion and Healer","floor":30,"turns":1},{"damage":17,"enemies":"Shelled Parasite and Fungi","floor":31,"turns":3},{"damage":74,"enemies":"Automaton","floor":33,"turns":6}],"green_key_taken_log":29,"seed_played":"-2558029581317946891","neow_bonus_log":{"cardsObtained":["Flex"],"cardsUpgraded":[],"cardsRemoved":[],"cardsTransformed":["Strike_R"],"relicsObtained":[],"maxHpGained":0,"goldGained":0,"damageTaken":0,"goldLost":0,"maxHpLost":0},"potions_obtained":[{"floor":2,"key":"SpeedPotion"},{"floor":3,"key":"DuplicationPotion"},{"floor":8,"key":"SteroidPotion"},{"floor":14,"key":"AttackPotion"},{"floor":16,"key":"Energy Potion"},{"floor":25,"key":"Block Potion"},{"floor":31,"key":"BlessingOfTheForge"}],"is_trial":false,"path_per_floor":["M","M","M","?","M","R","E","M","T","M","M","?","R","E","R","B",null,"M","?","M","$","?","E","R","E","T","E","R","E","M","M","R","B"],"character_chosen":"IRONCLAD","basemod:card_modifiers":[null,null,null,null,null,null,null,null,null,null,null,null,null,null,null,null,null,null,null,null,null,null,null,null,null],"items_purchased":["Feel No Pain"],"campfire_rested":2,"item_purchase_floors":[21],"current_hp_per_floor":[70,70,75,75,72,72,52,51,51,48,48,48,48,54,54,33,65,59,59,43,43,43,12,34,23,23,21,21,24,30,19,56,0],"gold":330,"neow_bonus":"TRANSFORM_CARD","is_prod":false,"is_daily":false,"rewards_skipped":[{"floor":29,"relics":[],"potions":["Dexterity Potion"]},{"floor":30,"relics":[],"potions":["Weak Potion"]}],"chose_seed":false,"campfire_upgraded":4,"win_rate":0,"floor_exit_playtime":[56,96,118,132,160,168,245,296,299,341,358,361,371,427,444,513,525,570,579,613,631,638,730,733,782,784,852,868,947,971,1032,1038],"timestamp":1717132857,"path_taken":["M","M","M","?","M","R","E","M","T","M","?","?","R","E","R","BOSS","M","?","M","$","?","E","R","E","T","E","R","E","M","M","R","BOSS"],"build_version":"2022-12-18","purchased_purges":1,"victory":false,"max_hp_per_floor":[75,75,75,75,75,75,75,75,75,75,75,75,75,75,75,75,75,75,75,75,75,75,75,75,75,75,75,75,75,75,75,75,75],"relic_stats":{"Regal Pillow":15,"counters":[19,62],"Self Forming Clay":[81],"StoneCalendar":[0],"Pen Nib":[4],"PreservedInsect":86,"Bag of Preparation":[12],"Question Card":3,"Burning Blood":107,"Ornamental Fan":[16],"Black Star":4,"Art of War":[0],"obtain_stats":[{"Regal Pillow":27,"Lantern":29,"Self Forming Clay":7,"StoneCalendar":14,"Pen Nib":23,"PreservedInsect":25,"Bag of Preparation":23,"Question Card":27,"Burning Blood":0,"CaptainsWheel":9,"Ornamental Fan":25,"MutagenicStrength":22,"Black Star":17,"Bag of Marbles":26,"Art of War":29,"Red Skull":4},{"Regal Pillow":15,"Lantern":16,"Self Forming Clay":5,"StoneCalendar":9,"Pen Nib":13,"PreservedInsect":14,"Bag of Preparation":13,"Question Card":15,"Burning Blood":0,"CaptainsWheel":6,"Ornamental Fan":14,"MutagenicStrength":12,"Black Star":10,"Bag of Marbles":14,"Art of War":16,"Red Skull":3},{"Regal Pillow":48,"Lantern":52,"Self Forming Clay":18,"StoneCalendar":28,"Pen Nib":42,"PreservedInsect":44,"Bag of Preparation":42,"Question Card":48,"Burning Blood":0,"CaptainsWheel":21,"Ornamental Fan":44,"MutagenicStrength":39,"Black Star":34,"Bag of Marbles":44,"Art of War":52,"Red Skull":9}]},"card_choices":[{"not_picked":["Shrug It Off","Body Slam"],"picked":"Sword Boomerang","floor":1},{"not_picked":["Feel No Pain","Metallicize"],"picked":"Inflame","floor":2},{"not_picked":["Flex","Sword Boomerang"],"picked":"Pommel Strike","floor":3},{"not_picked":["Sword Boomerang","Battle Trance"],"picked":"Offering","floor":5},{"not_picked":["Intimidate","Evolve"],"picked":"Anger","floor":7},{"not_picked":["Perfected Strike","Hemokinesis","Dual Wield"],"picked":"SKIP","floor":8},{"not_picked":["Dual Wield","Heavy Blade","Twin Strike"],"picked":"SKIP","floor":10},{"not_picked":["Fire Breathing","Heavy Blade"],"picked":"Battle Trance","floor":11},{"not_picked":["Sever Soul","Thunderclap"],"picked":"Cleave","floor":14},{"not_picked":["Immolate","Offering"],"picked":"Limit Break","floor":16},{"not_picked":["Warcry","Entrench","Wild Strike"],"picked":"SKIP","floor":18},{"not_picked":["Headbutt","Uppercut"],"picked":"Warcry+1","floor":20},{"not_picked":["Feel No Pain","Anger","Wild Strike"],"picked":"SKIP","floor":23},{"not_picked":["Entrench","Havoc+1"],"picked":"Corruption","floor":25},{"not_picked":["Infernal Blade","Flex"],"picked":"Intimidate","floor":27},{"not_picked":["Reckless Charge","Rupture","Combust"],"picked":"Bloodletting","floor":29},{"not_picked":["Iron Wave","True Grit","Headbutt"],"picked":"Shrug It Off+1","floor":30},{"not_picked":["Sword Boomerang","Uppercut+1","Body Slam"],"picked":"Shrug It Off","floor":31}],"player_experience":2405607,"relics_obtained":[{"floor":7,"key":"Self Forming Clay"},{"floor":9,"key":"CaptainsWheel"},{"floor":14,"key":"StoneCalendar"},{"floor":23,"key":"Pen Nib"},{"floor":23,"key":"Bag of Preparation"},{"floor":25,"key":"Ornamental Fan"},{"floor":25,"key":"PreservedInsect"},{"floor":26,"key":"Bag of Marbles"},{"floor":27,"key":"Question Card"},{"floor":27,"key":"Regal Pillow"},{"floor":29,"key":"Art of War"},{"floor":29,"key":"Lantern"}],"event_choices":[{"damage_healed":0,"gold_gain":0,"player_choice":"Paid Gold","damage_taken":0,"relics_obtained":["Red Skull"],"max_hp_gain":0,"max_hp_loss":0,"event_name":"WeMeetAgain","floor":4,"gold_loss":64},{"damage_healed":0,"gold_gain":0,"player_choice":"Ignored","damage_taken":0,"max_hp_gain":0,"max_hp_loss":0,"event_name":"Liars Game","floor":12,"gold_loss":0},{"damage_healed":0,"gold_gain":0,"player_choice":"Ignored","damage_taken":0,"max_hp_gain":0,"max_hp_loss":0,"event_name":"Cursed Tome","floor":19,"gold_loss":0},{"damage_healed":0,"gold_gain":0,"player_choice":"Inject Mutagens","damage_taken":0,"relics_obtained":["MutagenicStrength"],"max_hp_gain":0,"max_hp_loss":0,"event_name":"Drug Dealer","floor":22,"gold_loss":0}],"is_beta":false,"boss_relics":[{"not_picked":["SacredBark","Busted Crown"],"picked":"Black Star"}],"items_purged_floors":[21],"is_endless":false,"potions_floor_spawned":[2,3,8,14,16,25,29,30,31],"killed_by":"Automaton","ascension_level":20,"potion_discard_per_floor":[[],[],[],[],[],[],[],[],[],[],[],[],[],[],[],[],[],[],[],[],[],[],[],[],[],[],[],[],[],[],[],[],[]]}