{"neow_bonuses_skipped_log":["THREE_SMALL_POTIONS","ONE_RARE_RELIC","BOSS_RELIC"],"neow_costs_skipped_log":["NONE","CURSE","NONE"],"potions_obtained_entropic_brew":[[],[],[],[],[],[]],"gold_per_floor":[118,131,143,143,9,9],"floor_reached":6,"playtime":803,"items_purged":[],"score":72,"play_id":"ab197874-67e8-4e0e-9f6e-c71a49c83c17","local_time":"20240531185332","score_breakdown":["Floors Climbed (6): 30","Enemies Slain (3): 6","Exordium Elites Killed (0): 0","Bosses Slain (0): 0","Ascension (20): 36"],"is_ascension_mode":true,"potions_obtained_alchemize":[[],[],[],[],[],[]],"campfire_choices":[],"lesson_learned_per_floor":[[],[],[],[],[],[]],"neow_cost":"NONE","improvable_cards":{},"seed_source_timestamp":1273090125869500,"shop_contents":[{"floor":5,"relics":["Pocketwatch","Dream Catcher","Lee\u0027s Waffle"],"cards":["Pummel","Flex","Warcry","Rupture","Dark Shackles","Transmutation"],"potions":["LiquidMemories","Regen Potion"]}],"circlet_count":0,"master_deck":["AscendersBane","Strike_R","Strike_R","Strike_R","Strike_R","Strike_R","Defend_R","Defend_R","Defend_R","Defend_R","Bash","Fiend Fire","Pommel Strike","True Grit","Sword Boomerang","Blood for Blood"],"potion_use_per_floor":[[],[],[],[],[],["Fire Potion"]],"relics":["Burning Blood"],"potions_floor_usage":[6],"damage_taken":[{"damage":7,"enemies":"Jaw Worm","floor":1,"turns":3},{"damage":17,"enemies":"Small Slimes","floor":2,"turns":5},{"damage":1,"enemies":"Cultist","floor":3,"turns":3},{"damage":60,"enemies":"Lagavulin","floor":6,"turns":8}],"seed_played":"-1654251544977868170","neow_bonus_log":{"cardsObtained":["Fiend Fire"],"cardsUpgraded":[],"cardsRemoved":[],"cardsTransformed":[],"relicsObtained":[],"maxHpGained":0,"goldGained":0,"damageTaken":0,"goldLost":0,"maxHpLost":0},"potions_obtained":[],"is_trial":false,"path_per_floor":["M","M","M","?","$","E"],"character_chosen":"IRONCLAD","basemod:card_modifiers":[null,null,null,null,null,null,null,null,null,null,null,null,null,null,null,null],"items_purchased":["Blood for Blood","Fire Potion"],"campfire_rested":0,"item_purchase_floors":[5,5],"current_hp_per_floor":[67,56,61,43,43,0],"gold":9,"neow_bonus":"ONE_RANDOM_RARE_CARD","is_prod":false,"is_daily":false,"rewards_skipped":[],"chose_seed":false,"campfire_upgraded":0,"win_rate":0,"floor_exit_playtime":[88,160,188,194,209],"timestamp":1717196012,"path_taken":["M","M","M","?","$","E"],"build_version":"2022-12-18","purchased_purges":0,"victory":false,"max_hp_per_floor":[75,75,75,75,75,75],"relic_stats":{"counters":[4,19],"obtain_stats":[{"Burning Blood":0},{"Burning Blood":0},{"Burning Blood":0}],"Burning Blood":18},"card_choices":[{"not_picked":["Heavy Blade","Iron Wave"],"picked":"Pommel Strike","floor":1},{"not_picked":["Heavy Blade","Seeing Red"],"picked":"True Grit","floor":2},{"not_picked":["Evolve","Pummel"],"picked":"Sword Boomerang","floor":3}],"player_experience":2414728,"relics_obtained":[],"event_choices":[{"damage_healed":0,"gold_gain":0,"player_choice":"Fled","damage_taken":18,"max_hp_gain":0,"max_hp_loss":0,"event_name":"Scrap Ooze","floor":4,"gold_loss":0}],"is_beta":false,"boss_relics":[],"items_purged_floors":[],"is_endless":false,"potions_floor_spawned":[],"killed_by":"Lagavulin","ascension_level":20,"potion_discard_per_floor":[[],[],[],[],[],[]]}