{"neow_bonuses_skipped_log":["TRANSFORM_CARD","THREE_ENEMY_KILL","BOSS_RELIC"],"neow_costs_skipped_log":["NONE","NONE","NONE"],"potions_obtained_entropic_brew":[[],[],[],[],[],[],[],[],[],[],[],[],[],[],[],[],[],[],[],[],[],[],[],[],[],[],[],[],[],[],[],[],[]],"gold_per_floor":[18,18,36,61,79,115,115,115,141,154,179,199,199,230,230,328,328,341,160,176,197,212,212,255,255,303,303,346,94,110,134,134,134],"floor_reached":33,"playtime":1656,"items_purged":["Strike_R"],"score":651,"play_id":"3adf073a-1d8c-406a-ba9a-89a02e801a12","local_time":"20240531015158","score_breakdown":["Floors Climbed (33): 165","Enemies Slain (13): 26","Exordium Elites Killed (2): 20","City Elites Killed (2): 40","Bosses Slain (1): 50","Poopy: -1","Stuffed: 50","Ascension (20): 301"],"is_ascension_mode":true,"potions_obtained_alchemize":[[],[],[],[],[],[],[],[],[],[],[],[],[],[],[],[],[],[],[],[],[],[],[],[],[],[],[],[],[],[],[],[],[]],"campfire_choices":[{"data":"Feed","floor":7.0,"key":"SMITH"},{"data":"Armaments","floor":13.0,"key":"SMITH"},{"data":"Pommel Strike","floor":15.0,"key":"SMITH"},{"floor":23.0,"key":"REST"},{"data":"Berserk","floor":25.0,"key":"SMITH"},{"floor":32,"key":"REST"}],"lesson_learned_per_floor":[[],[],[],[],[],[],[],[],[],[],[],[],[],[],[],[],[],[],[],[],[],[],[],[],[],[],[],[],[],[],[],[],[]],"neow_cost":"NO_GOLD","improvable_cards":{},"seed_source_timestamp":1210932837825800,"shop_contents":[{"floor":19,"relics":["CeramicFish","Frozen Egg 2","Chemical X"],"cards":["Reaper","Hemokinesis","Warcry","Havoc","Evolve","Thinking Ahead"],"potions":["SkillPotion","AttackPotion","SpeedPotion"]},{"floor":29,"relics":["Happy Flower","Pantograph"],"cards":["Feed","Body Slam","Flex","Fire Breathing","Trip","Apotheosis"],"potions":["BlessingOfTheForge","Energy Potion","PowerPotion"]}],"circlet_count":0,"master_deck":["AscendersBane","Strike_R","Strike_R","Strike_R","Strike_R","Defend_R+1","Defend_R","Defend_R","Defend_R+1","Bash","Feed+1","Hemokinesis","Pommel Strike+1","Ghostly Armor","Flame Barrier","Feed+1","Rampage+1","Armaments+1","Feel No Pain","Immolate","Flash of Steel","Pommel Strike","Berserk+1","Shrug It Off","Power Through","Burning Pact","Evolve+1"],"special_seed":0,"potion_use_per_floor":[[],[],[],[],[],["ColorlessPotion","Weak Potion"],[],[],[],[],[],[],[],[],[],["GamblersBrew","FearPotion"],[],[],[],[],[],[],[],["FearPotion"],[],[],[],[],[],["Regen Potion"],["DuplicationPotion"],[],[]],"relics":["Burning Blood","Golden Idol","Pen Nib","PreservedInsect","Whetstone","Cursed Key","Oddly Smooth Stone","Spirit Poop","War Paint","Toolbox"],"potions_floor_usage":[30,31],"damage_taken":[{"damage":7.0,"enemies":"Small Slimes","floor":1.0,"turns":4.0},{"damage":7.0,"enemies":"Cultist","floor":3.0,"turns":4.0},{"damage":3.0,"enemies":"2 Louse","floor":4.0,"turns":6.0},{"damage":11.0,"enemies":"Red Slaver","floor":5.0,"turns":5.0},{"damage":28.0,"enemies":"Gremlin Nob","floor":6.0,"turns":4.0},{"damage":2.0,"enemies":"3 Louse","floor":10.0,"turns":5.0},{"damage":4.0,"enemies":"2 Fungi Beasts","floor":11.0,"turns":3.0},{"damage":10.0,"enemies":"Large Slime","floor":12.0,"turns":6.0},{"damage":17.0,"enemies":"3 Sentries","floor":14.0,"turns":9.0},{"damage":32.0,"enemies":"The Guardian","floor":16.0,"turns":13.0},{"damage":8.0,"enemies":"2 Thieves","floor":18.0,"turns":2.0},{"damage":37.0,"enemies":"Shell Parasite","floor":20.0,"turns":8.0},{"damage":18.0,"enemies":"Snake Plant","floor":21.0,"turns":3.0},{"damage":33.0,"enemies":"Centurion and Healer","floor":22.0,"turns":6.0},{"damage":31.0,"enemies":"Book of Stabbing","floor":24.0,"turns":4.0},{"damage":18,"enemies":"Gremlin Leader","floor":28,"turns":5},{"damage":41,"enemies":"Cultist and Chosen","floor":30,"turns":7},{"damage":5,"enemies":"Snake Plant","floor":31,"turns":4},{"damage":83,"enemies":"Champ","floor":33,"turns":17}],"seed_played":"-8235881714840522069","neow_bonus_log":{"cardsObtained":[],"cardsUpgraded":[],"cardsRemoved":[],"cardsTransformed":[],"relicsObtained":[],"maxHpGained":0,"goldGained":0,"damageTaken":0,"goldLost":99,"maxHpLost":0},"potions_obtained":[{"floor":3.0,"key":"ColorlessPotion"},{"floor":4.0,"key":"Dexterity Potion"},{"floor":5.0,"key":"Weak Potion"},{"floor":8.0,"key":"GamblersBrew"},{"floor":8.0,"key":"FearPotion"},{"floor":16.0,"key":"FearPotion"},{"floor":21.0,"key":"SpeedPotion"},{"floor":22.0,"key":"DuplicationPotion"},{"floor":28,"key":"Regen Potion"}],"is_trial":false,"path_per_floor":["M","?","M","M","M","E","R","?","T","M","M","M","R","E","R","B",null,"M","$","M","M","M","R","E","R","T","?","E","$","M","M","R","B"],"character_chosen":"IRONCLAD","basemod:card_modifiers":[null,null,null,null,null,null,null,null,null,null,null,null,null,null,null,null,null,null,null,null,null,null,null,null,null,null,null],"items_purchased":["Flash of Steel","Burning Pact","Toolbox"],"campfire_rested":2,"item_purchase_floors":[19,29,29],"current_hp_per_floor":[70,43,45,51,49,30,30,30,30,41,50,46,46,39,39,13,84,86,86,59,51,32,70,49,49,49,49,41,41,25,26,68,0],"gold":134,"neow_bonus":"THREE_RARE_CARDS","is_prod":false,"is_daily":false,"rewards_skipped":[{"floor":11,"relics":[],"potions":["SkillPotion"]},{"floor":14,"relics":[],"potions":["Explosive Potion"]}],"chose_seed":false,"campfire_upgraded":4,"win_rate":0,"floor_exit_playtime":[55,60,99,154,201,268,278,282,284,352,384,446,452,572,579,718,734,757,788,879,914,990,995,1062,1072,1079,1090,1193,1207,1308,1385,1387],"timestamp":1717134718,"blue_key_relic_skipped_log":{"floor":26,"relicID":"Potion Belt"},"path_taken":["M","?","M","M","M","E","R","?","T","M","M","M","R","E","R","BOSS","M","?","M","M","M","R","E","R","T","?","E","$","?","M","R","BOSS"],"build_version":"2022-12-18","purchased_purges":1,"victory":false,"max_hp_per_floor":[78,78,81,84,87,90,90,90,90,97,104,104,104,108,108,108,108,112,112,116,120,128,128,132,132,132,132,136,136,140,140,140,140],"relic_stats":{"counters":[19,115],"Golden Idol":97,"Pen Nib":[16],"PreservedInsect":123,"Whetstone":["Feed","Rampage"],"War Paint":["Defend_R","Defend_R"],"Cursed Key":1,"obtain_stats":[{"Golden Idol":2,"Oddly Smooth Stone":24,"Spirit Poop":27,"Toolbox":29,"Pen Nib":6,"PreservedInsect":9,"Whetstone":14,"War Paint":28,"Cursed Key":17,"Burning Blood":0},{"Golden Idol":1,"Oddly Smooth Stone":15,"Spirit Poop":15,"Toolbox":16,"Pen Nib":5,"PreservedInsect":5,"Whetstone":9,"War Paint":16,"Cursed Key":10,"Burning Blood":0},{"Golden Idol":4,"Oddly Smooth Stone":82,"Spirit Poop":82,"Toolbox":87,"Pen Nib":23,"PreservedInsect":23,"Whetstone":46,"War Paint":87,"Cursed Key":59,"Burning Blood":0}],"Burning Blood":108},"card_choices":[{"not_picked":["Juggernaut","Impervious"],"picked":"Feed","floor":0.0},{"not_picked":["Armaments","Thunderclap"],"picked":"Hemokinesis","floor":1.0},{"not_picked":["Warcry","Perfected Strike"],"picked":"Pommel Strike","floor":3.0},{"not_picked":["Blood for Blood","Metallicize"],"picked":"Ghostly Armor","floor":4.0},{"not_picked":["Fire Breathing","Dual Wield"],"picked":"Flame Barrier","floor":5.0},{"not_picked":["Clash","Twin Strike"],"picked":"Feed","floor":6.0},{"not_picked":["Shrug It Off","Dropkick"],"picked":"Rampage","floor":10.0},{"not_picked":["Entrench","Havoc","Body Slam"],"picked":"SKIP","floor":11.0},{"not_picked":["Bloodletting","Uppercut"],"picked":"Armaments","floor":12.0},{"not_picked":["Flex","Fire Breathing"],"picked":"Feel No Pain","floor":14.0},{"not_picked":["Reaper","Juggernaut"],"picked":"Immolate","floor":16.0},{"not_picked":["Heavy Blade","Wild Strike","Flex"],"picked":"SKIP","floor":18.0},{"not_picked":["Anger","Sever Soul"],"picked":"Pommel Strike","floor":20.0},{"not_picked":["Twin Strike","Anger"],"picked":"Berserk","floor":21.0},{"not_picked":["Ghostly Armor","Carnage"],"picked":"Shrug It Off","floor":22.0},{"not_picked":["Pommel Strike","Sentinel","Sword Boomerang"],"picked":"SKIP","floor":24.0},{"not_picked":["Rupture","Clothesline"],"picked":"Power Through","floor":28},{"not_picked":["Wild Strike","Sever Soul"],"picked":"Evolve+1","floor":30},{"not_picked":["Flex","Reckless Charge","Heavy Blade"],"picked":"SKIP","floor":31}],"player_experience":2406783,"relics_obtained":[{"floor":6.0,"key":"Pen Nib"},{"floor":9.0,"key":"PreservedInsect"},{"floor":14.0,"key":"Whetstone"},{"floor":24.0,"key":"Oddly Smooth Stone"},{"floor":28,"key":"War Paint"}],"event_choices":[{"damage_healed":0.0,"max_hp_gain":0.0,"max_hp_loss":0.0,"gold_gain":0.0,"event_name":"Golden Idol","player_choice":"Take Damage","floor":2.0,"gold_loss":0.0,"damage_taken":27.0,"relics_obtained":["Golden Idol"]},{"damage_healed":0.0,"max_hp_gain":0.0,"max_hp_loss":0.0,"gold_gain":0.0,"event_name":"Lab","player_choice":"Got Potions","floor":8.0,"gold_loss":0.0,"damage_taken":0.0},{"cards_removed":["Shame"],"damage_healed":0,"gold_gain":0,"player_choice":"Offered Curse","damage_taken":0,"relics_obtained":["Spirit Poop"],"max_hp_gain":0,"max_hp_loss":0,"event_name":"Bonfire Elementals","floor":27,"gold_loss":0}],"is_beta":false,"boss_relics":[{"not_picked":["SacredBark","Empty Cage"],"picked":"Cursed Key"}],"items_purged_floors":[19],"is_endless":false,"potions_floor_spawned":[3,4,5,11,14,16,21,22,28],"killed_by":"Champ","ascension_level":20,"potion_discard_per_floor":[[],[],[],[],["Dexterity Potion"],[],[],[],[],[],[],[],[],[],[],[],[],[],[],[],[],["SpeedPotion"],[],[],[],[],[],[],[],[],[],[],[]]}