{"neow_bonuses_skipped_log":["REMOVE_CARD","THREE_SMALL_POTIONS","BOSS_RELIC"],"neow_costs_skipped_log":["NONE","NONE","NONE"],"potions_obtained_entropic_brew":[[],[],[],[],[],[],[],[],[],[],[],[],[],[],[],[],[],[],[],[],[],[],[],[],[],[],[],[],[],[],[]],"gold_per_floor":[16,28,28,44,94,94,108,128,154,193,205,261,198,236,248,353,365,398,680,361,385,285,325,344,344,368,412,412,412,57,57],"floor_reached":31,"playtime":3200,"items_purged":["Strike_R","Defend_R"],"score":612,"play_id":"0cf4e128-ad46-4828-87ad-127d4c871f1a","local_time":"20240531183947","score_breakdown":["Floors Climbed (31): 155","Enemies Slain (8): 16","Exordium Elites Killed (2): 20","City Elites Killed (2): 40","Bosses Slain (1): 50","Champion (1): 25","Ascension (20): 306"],"is_ascension_mode":true,"potions_obtained_alchemize":[[],[],[],[],[],[],[],[],[],[],[],[],[],[],[],[],[],[],[],[],[],[],[],[],[],[],[],[],[],[],[]],"campfire_choices":[{"data":"Carnage","floor":6,"key":"SMITH"},{"data":"Armaments","floor":11,"key":"SMITH"},{"data":"Rage","floor":15,"key":"SMITH"},{"data":"Dark Embrace","floor":28,"key":"SMITH"}],"lesson_learned_per_floor":[[],[],[],[],[],[],[],[],[],[],[],[],[],[],[],[],[],[],[],[],[],[],[],[],[],[],[],[],[],[],[]],"neow_cost":"NO_GOLD","improvable_cards":{},"seed_source_timestamp":1269867154365900,"shop_contents":[{"floor":20,"relics":["TungstenRod","Strawberry"],"cards":["Carnage","Searing Blow","Warcry","Shrug It Off","Discovery","Magnetism"],"potions":["EssenceOfSteel","EssenceOfSteel","SkillPotion"]},{"floor":22,"relics":["Bottled Flame","Regal Pillow","Lee\u0027s Waffle"],"cards":["Fiend Fire","Cleave","Warcry","Armaments","Rupture","Trip","Chrysalis"],"potions":["EssenceOfSteel","AttackPotion","SmokeBomb"]},{"floor":30,"relics":["Tiny Chest","Frozen Eye"],"cards":["Sword Boomerang","Anger","Seeing Red","Disarm","Dramatic Entrance","Violence"],"potions":["FearPotion","Block Potion","FearPotion"]}],"circlet_count":0,"master_deck":["AscendersBane","Defend_R","Defend_R","Defend_R","Bash","Sword Boomerang","Rage+1","Twin Strike","Carnage+1","Power Through","Offering","Battle Trance","Armaments+1","Second Wind","Headbutt","Fiend Fire","Dark Embrace+1","Burning Pact","Evolve"],"potion_use_per_floor":[[],[],[],[],[],[],[],[],[],[],[],[],[],[],[],[],[],[],[],[],[],[],["LiquidBronze"],[],[],[],[],[],[],[],[]],"relics":["Burning Blood","Golden Idol","Pen Nib","MawBank","Akabeko","Odd Mushroom","Coffee Dripper","ClockworkSouvenir","Letter Opener","Bronze Scales","Incense Burner","Bottled Lightning"],"potions_floor_usage":[23],"damage_taken":[{"damage":6,"enemies":"Cultist","floor":1,"turns":4},{"damage":8,"enemies":"2 Louse","floor":2,"turns":3},{"damage":0,"enemies":"Small Slimes","floor":4,"turns":2},{"damage":2,"enemies":"2 Fungi Beasts","floor":7,"turns":3},{"damage":6,"enemies":"3 Louse","floor":8,"turns":3},{"damage":6,"enemies":"Gremlin Nob","floor":10,"turns":2},{"damage":21,"enemies":"3 Sentries","floor":12,"turns":5},{"damage":6,"enemies":"The Mushroom Lair","floor":14,"turns":3},{"damage":8,"enemies":"The Guardian","floor":16,"turns":12},{"damage":6,"enemies":"Chosen","floor":18,"turns":2},{"damage":6,"enemies":"2 Thieves","floor":21,"turns":1},{"damage":10,"enemies":"Book of Stabbing","floor":23,"turns":4},{"damage":4,"enemies":"Centurion and Healer","floor":24,"turns":5},{"damage":13,"enemies":"Slavers","floor":27,"turns":5},{"damage":29,"enemies":"Gremlin Leader","floor":31,"turns":2}],"seed_played":"3857821900558547226","neow_bonus_log":{"cardsObtained":["Sword Boomerang","Rage"],"cardsUpgraded":[],"cardsRemoved":[],"cardsTransformed":["Strike_R","Strike_R"],"relicsObtained":[],"maxHpGained":0,"goldGained":0,"damageTaken":0,"goldLost":99,"maxHpLost":0},"potions_obtained":[{"floor":7,"key":"ElixirPotion"},{"floor":8,"key":"LiquidBronze"},{"floor":14,"key":"SteroidPotion"},{"floor":24,"key":"SmokeBomb"},{"floor":27,"key":"SteroidPotion"}],"is_trial":false,"path_per_floor":["M","M","?","M","?","R","M","M","T","E","R","E","?","?","R","B",null,"M","?","$","M","$","E","M","?","T","E","R","?","$","E"],"character_chosen":"IRONCLAD","basemod:card_modifiers":[null,null,null,null,null,null,null,null,null,null,null,null,null,null,null,null,null,null,null],"items_purchased":["Dark Embrace","ClockworkSouvenir","Evolve","Bottled Lightning"],"campfire_rested":0,"item_purchase_floors":[20,20,30,30],"current_hp_per_floor":[68,66,66,68,68,68,68,68,68,68,68,53,53,53,53,51,64,64,37,37,37,37,33,35,35,35,28,28,28,28,0],"gold":57,"neow_bonus":"TRANSFORM_TWO_CARDS","is_prod":false,"is_daily":false,"rewards_skipped":[{"floor":10,"relics":[],"potions":["BlessingOfTheForge"]},{"floor":18,"relics":[],"potions":["LiquidBronze"]}],"chose_seed":false,"campfire_upgraded":4,"win_rate":0,"floor_exit_playtime":[74,113,117,143,156,161,220,268,270,312,322,392,420,473,483,658,678,708,719,744,795,872,1007,1112,1115,1120,1263,1273,1284,3114],"timestamp":1717195187,"path_taken":["M","M","?","M","?","R","M","?","T","E","R","E","?","?","R","BOSS","M","?","$","M","$","E","?","?","T","E","R","?","$","E"],"build_version":"2022-12-18","purchased_purges":2,"victory":false,"max_hp_per_floor":[75,75,68,68,68,68,68,68,68,68,68,68,68,68,68,68,68,68,68,68,68,68,68,68,68,68,68,68,68,68,68],"relic_stats":{"counters":[15,56],"Golden Idol":81,"Bronze Scales":[26],"Pen Nib":[6],"Letter Opener":[70],"Bottled Lightning":"Offering","MawBank":120,"obtain_stats":[{"Golden Idol":3,"Bronze Scales":26,"Pen Nib":9,"Coffee Dripper":17,"Incense Burner":27,"Letter Opener":23,"Bottled Lightning":30,"Odd Mushroom":14,"MawBank":10,"Burning Blood":0,"Akabeko":12,"ClockworkSouvenir":20},{"Golden Idol":2,"Bronze Scales":13,"Pen Nib":5,"Coffee Dripper":9,"Incense Burner":14,"Letter Opener":12,"Bottled Lightning":14,"Odd Mushroom":8,"MawBank":6,"Burning Blood":0,"Akabeko":7,"ClockworkSouvenir":10},{"Golden Idol":7,"Bronze Scales":49,"Pen Nib":15,"Coffee Dripper":37,"Incense Burner":54,"Letter Opener":44,"Bottled Lightning":54,"Odd Mushroom":25,"MawBank":17,"Burning Blood":0,"Akabeko":22,"ClockworkSouvenir":39}],"Burning Blood":76},"card_choices":[{"not_picked":["Anger","Warcry"],"picked":"Twin Strike","floor":1},{"not_picked":["Battle Trance","Twin Strike"],"picked":"Carnage","floor":2},{"not_picked":["True Grit","Shrug It Off"],"picked":"Power Through","floor":4},{"not_picked":["Thunderclap","Body Slam"],"picked":"Offering","floor":7},{"not_picked":["Body Slam","Thunderclap"],"picked":"Battle Trance","floor":8},{"not_picked":["Dropkick","Battle Trance"],"picked":"Armaments","floor":10},{"not_picked":["Metallicize","Infernal Blade"],"picked":"Second Wind","floor":12},{"not_picked":["Body Slam","Power Through"],"picked":"Headbutt","floor":14},{"not_picked":["Brutality","Reaper"],"picked":"Fiend Fire","floor":16},{"not_picked":["Flex","Perfected Strike","Dual Wield"],"picked":"SKIP","floor":18},{"not_picked":["Dual Wield","Headbutt","Twin Strike"],"picked":"SKIP","floor":21},{"not_picked":["Berserk","Havoc"],"picked":"Burning Pact","floor":23},{"not_picked":["Clothesline","Dropkick","Armaments"],"picked":"SKIP","floor":24},{"not_picked":["Metallicize","Hemokinesis","Warcry"],"picked":"SKIP","floor":27}],"player_experience":2411528,"relics_obtained":[{"floor":9,"key":"Pen Nib"},{"floor":10,"key":"MawBank"},{"floor":12,"key":"Akabeko"},{"floor":14,"key":"Odd Mushroom"},{"floor":23,"key":"Letter Opener"},{"floor":26,"key":"Bronze Scales"},{"floor":27,"key":"Incense Burner"}],"event_choices":[{"damage_healed":0,"gold_gain":0,"player_choice":"Lose Max HP","damage_taken":0,"relics_obtained":["Golden Idol"],"max_hp_gain":0,"max_hp_loss":7,"event_name":"Golden Idol","floor":3,"gold_loss":0},{"damage_healed":0,"gold_gain":50,"player_choice":"Pray","damage_taken":0,"max_hp_gain":0,"max_hp_loss":0,"event_name":"Golden Shrine","floor":5,"gold_loss":0},{"cards_removed":["Strike_R"],"damage_healed":0,"gold_gain":0,"player_choice":"Card Removal","damage_taken":0,"max_hp_gain":0,"max_hp_loss":0,"event_name":"The Cleric","floor":13,"gold_loss":75},{"damage_healed":0,"gold_gain":0,"player_choice":"Fought Mushrooms","damage_taken":0,"max_hp_gain":0,"max_hp_loss":0,"event_name":"Mushrooms","floor":14,"gold_loss":0},{"damage_healed":0,"gold_gain":270,"player_choice":"GOLD GOLD GOLD ","damage_taken":27,"max_hp_gain":0,"max_hp_loss":0,"event_name":"Knowing Skull","floor":19,"potions_obtained":[],"gold_loss":0,"cards_obtained":[]},{"damage_healed":0,"gold_gain":0,"player_choice":"Ignored","damage_taken":0,"max_hp_gain":0,"max_hp_loss":0,"event_name":"Ghosts","floor":25,"gold_loss":0},{"cards_removed":["Strike_R"],"damage_healed":0,"gold_gain":0,"player_choice":"Elegance","damage_taken":0,"max_hp_gain":0,"max_hp_loss":0,"event_name":"Back to Basics","floor":29,"gold_loss":0}],"is_beta":false,"boss_relics":[{"not_picked":["Black Star","SacredBark"],"picked":"Coffee Dripper"}],"items_purged_floors":[20,22],"is_endless":false,"potions_floor_spawned":[7,8,10,14,18,24,27],"killed_by":"Gremlin Leader","ascension_level":20,"potion_discard_per_floor":[[],[],[],[],[],[],[],[],[],[],[],[],[],["ElixirPotion"],[],[],[],[],[],[],[],[],[],[],[],[],["SmokeBomb"],[],[],[],[]]}