{"neow_bonuses_skipped_log":["THREE_SMALL_POTIONS","REMOVE_TWO","BOSS_RELIC"],"potions_obtained_entropic_brew":[[],[],[],[],[],[],[],[]],"neow_costs_skipped_log":["NONE","NO_GOLD","NONE"],"gold_per_floor":[114,134,152,152,227,263,263,263],"floor_reached":8,"playtime":260,"items_purged":[],"score":112,"play_id":"479eef11-a6f1-42c6-ab0e-30ea64716b9d","local_time":"20240605182108","score_breakdown":["Floors Climbed (8): 40","Enemies Slain (3): 6","Exordium Elites Killed (1): 10","Bosses Slain (0): 0","Ascension (20): 56"],"is_ascension_mode":true,"potions_obtained_alchemize":[[],[],[],[],[],[],[],[]],"campfire_choices":[{"floor":7,"key":"REST"}],"lesson_learned_per_floor":[[],[],[],[],[],[],[],[]],"neow_cost":"NONE","improvable_cards":{},"seed_source_timestamp":1703693299133600,"shop_contents":[],"circlet_count":0,"master_deck":["AscendersBane","Strike_R","Strike_R","Strike_R","Strike_R","Strike_R","Defend_R","Defend_R","Defend_R","Defend_R","Bash","Feed","Wild Strike","Second Wind","Twin Strike","Whirlwind"],"potion_use_per_floor":[[],[],[],[],[],["Strength Potion"],[],[]],"relics":["Burning Blood","Golden Idol","HornCleat"],"potions_floor_usage":[6],"damage_taken":[{"damage":11,"enemies":"Jaw Worm","floor":1,"turns":4},{"damage":5,"enemies":"2 Louse","floor":2,"turns":5},{"damage":2,"enemies":"Cultist","floor":3,"turns":4},{"damage":30,"enemies":"3 Sentries","floor":6,"turns":8},{"damage":44,"enemies":"Lagavulin","floor":8,"turns":6}],"seed_played":"5185088166830276083","neow_bonus_log":{"cardsObtained":["Feed"],"cardsUpgraded":[],"cardsRemoved":[],"cardsTransformed":[],"relicsObtained":[],"maxHpGained":0,"goldGained":0,"damageTaken":0,"goldLost":0,"maxHpLost":0},"potions_obtained":[{"floor":1,"key":"Strength Potion"},{"floor":2,"key":"ElixirPotion"}],"is_trial":false,"path_per_floor":["M","M","M","?","?","E","R","E"],"character_chosen":"IRONCLAD","basemod:card_modifiers":[null,null,null,null,null,null,null,null,null,null,null,null,null,null,null,null],"items_purchased":[],"campfire_rested":1,"item_purchase_floors":[],"current_hp_per_floor":[66,70,77,48,37,16,42,0],"gold":263,"neow_bonus":"ONE_RANDOM_RARE_CARD","is_prod":false,"is_daily":false,"rewards_skipped":[],"chose_seed":false,"campfire_upgraded":0,"win_rate":0,"floor_exit_playtime":[46,85,117,133,137,203,206],"timestamp":1717626068,"path_taken":["M","M","M","?","?","E","R","E"],"build_version":"2022-12-18","purchased_purges":0,"victory":false,"max_hp_per_floor":[78,81,84,84,84,87,87,87],"relic_stats":{"counters":[5,27],"Golden Idol":7,"obtain_stats":[{"HornCleat":6,"Golden Idol":4,"Burning Blood":0},{"HornCleat":4,"Golden Idol":3,"Burning Blood":0},{"HornCleat":21,"Golden Idol":13,"Burning Blood":0}],"Burning Blood":24},"card_choices":[{"not_picked":["Entrench","Shrug It Off"],"picked":"Wild Strike","floor":1},{"not_picked":["Fire Breathing","Armaments"],"picked":"Second Wind","floor":2},{"not_picked":["Rampage","Heavy Blade"],"picked":"Twin Strike","floor":3},{"not_picked":["Double Tap","Intimidate"],"picked":"Whirlwind","floor":6}],"player_experience":2417615,"relics_obtained":[{"floor":6,"key":"HornCleat"}],"event_choices":[{"damage_healed":0,"gold_gain":0,"player_choice":"Take Damage","damage_taken":29,"relics_obtained":["Golden Idol"],"max_hp_gain":0,"max_hp_loss":0,"event_name":"Golden Idol","floor":4,"gold_loss":0},{"damage_healed":0,"gold_gain":75,"player_choice":"Gather Gold","damage_taken":11,"max_hp_gain":0,"max_hp_loss":0,"event_name":"World of Goop","floor":5,"gold_loss":0}],"is_beta":false,"boss_relics":[],"items_purged_floors":[],"is_endless":false,"potions_floor_spawned":[1,2],"killed_by":"Lagavulin","ascension_level":20,"potion_discard_per_floor":[[],[],[],[],[],[],[],[]]}