{"neow_bonuses_skipped_log":["TEN_PERCENT_HP_BONUS","TWENTY_PERCENT_HP_BONUS","BOSS_RELIC"],"neow_costs_skipped_log":["NONE","CURSE","NONE"],"potions_obtained_entropic_brew":[[],[],[],[],[],[],[],[],[],[],[],[],[],[],[],[],[],[],[],[],[],[],[],[],[],[],[],[],[],[],[],[],[],[],[],[],[],[],[],[],[],[],[],[],[],[],[],[]],"gold_per_floor":[118,137,155,173,190,190,220,220,220,230,250,264,292,55,55,129,129,149,149,164,182,182,182,210,210,262,59,59,90,106,135,135,213,213,230,241,241,256,276,307,307,307,332,348,364,381,396,396],"floor_reached":48,"playtime":2158,"items_purged":["Havoc"],"score":1376,"play_id":"0d093afd-cb78-4a0f-ae25-a9484656fcab","local_time":"20240531174617","score_breakdown":["Floors Climbed (48): 240","Enemies Slain (19): 38","Exordium Elites Killed (2): 20","City Elites Killed (3): 60","Beyond Elites Killed (1): 30","Bosses Slain (2): 150","Champion (3): 75","Perfect (1): 50","Overkill: 25","Ascension (20): 688"],"is_ascension_mode":true,"potions_obtained_alchemize":[[],[],[],[],[],[],[],[],[],[],[],[],[],[],[],[],[],[],[],[],[],[],[],[],[],[],[],[],[],[],[],[],[],[],[],[],[],[],[],[],[],[],[],[],[],[],[],[]],"campfire_choices":[{"data":"Fiend Fire","floor":6.0,"key":"SMITH"},{"data":"Anger","floor":8.0,"key":"SMITH"},{"data":"Whirlwind","floor":15.0,"key":"SMITH"},{"data":"Offering","floor":23.0,"key":"SMITH"},{"data":"Burning Pact","floor":25.0,"key":"SMITH"},{"data":"Bloodletting","floor":32.0,"key":"SMITH"},{"floor":41.0,"key":"RECALL"}],"lesson_learned_per_floor":[[],[],[],[],[],[],[],[],[],[],[],[],[],[],[],[],[],[],[],[],[],[],[],[],[],[],[],[],[],[],[],[],[],[],[],[],[],[],[],[],[],[],[],[],[],[],[],[]],"neow_cost":"NONE","improvable_cards":{},"seed_source_timestamp":0,"shop_contents":[{"floor":14,"relics":["Paper Frog","Anchor"],"cards":["Sever Soul","Perfected Strike","Dual Wield","Rupture","Enlightenment","Thinking Ahead"],"potions":["CultistPotion","Strength Potion","Fire Potion"]},{"floor":27,"relics":["Orichalcum","Boot"],"cards":["Uppercut","Thunderclap","True Grit","Shrug It Off","Evolve","Flash of Steel","Violence"],"potions":["FearPotion","Block Potion","BlessingOfTheForge"]}],"circlet_count":0,"master_deck":["AscendersBane","Bash","Dramatic Entrance","Anger+1","Fiend Fire+1","Hemokinesis","Battle Trance+1","Shrug It Off","Feel No Pain","Whirlwind+1","Impervious","Offering+1","Headbutt","Bludgeon","Shrug It Off","Iron Wave","Flame Barrier","Burning Pact+1","Sentinel","Pummel","Bloodletting+1","Shrug It Off+1","Exhume","Offering","Heavy Blade","Power Through+1","Sever Soul","True Grit+1","Seeing Red"],"special_seed":0,"potion_use_per_floor":[[],[],[],[],[],[],["Strength Potion"],[],[],[],[],[],[],[],[],[],[],[],[],["Fruit Juice"],[],[],[],[],[],[],[],[],[],[],[],[],["Energy Potion"],[],[],[],[],[],[],[],[],[],[],[],[],[],[],[]],"relics":["Burning Blood","Kunai","Mercury Hourglass","Odd Mushroom","MawBank","Brimstone","Pandora\u0027s Box","Self Forming Clay","Pen Nib","Membership Card","InkBottle","Mummified Hand","Fusion Hammer","Lantern"],"potions_floor_usage":[],"damage_taken":[{"damage":1.0,"enemies":"Cultist","floor":1.0,"turns":3.0},{"damage":7.0,"enemies":"Jaw Worm","floor":2.0,"turns":2.0},{"damage":0.0,"enemies":"Small Slimes","floor":3.0,"turns":2.0},{"damage":13.0,"enemies":"Looter","floor":4.0,"turns":2.0},{"damage":6.0,"enemies":"Blue Slaver","floor":5.0,"turns":3.0},{"damage":12.0,"enemies":"3 Sentries","floor":7.0,"turns":4.0},{"damage":0.0,"enemies":"Gremlin Gang","floor":10.0,"turns":2.0},{"damage":9.0,"enemies":"The Mushroom Lair","floor":11.0,"turns":2.0},{"damage":0.0,"enemies":"3 Louse","floor":12.0,"turns":1.0},{"damage":26.0,"enemies":"Lagavulin","floor":13.0,"turns":6.0},{"damage":0.0,"enemies":"Slime Boss","floor":16.0,"turns":3.0},{"damage":6.0,"enemies":"Shell Parasite","floor":18.0,"turns":1.0},{"damage":1.0,"enemies":"Spheric Guardian","floor":20.0,"turns":3.0},{"damage":8.0,"enemies":"Snecko","floor":21.0,"turns":2.0},{"damage":6.0,"enemies":"Slavers","floor":24.0,"turns":2.0},{"damage":6.0,"enemies":"Book of Stabbing","floor":29.0,"turns":1.0},{"damage":6.0,"enemies":"Centurion and Healer","floor":30.0,"turns":2.0},{"damage":5.0,"enemies":"Gremlin Leader","floor":31.0,"turns":4.0},{"damage":19.0,"enemies":"Collector","floor":33.0,"turns":5.0},{"damage":0.0,"enemies":"3 Shapes","floor":35.0,"turns":3.0},{"damage":6.0,"enemies":"3 Darklings","floor":36.0,"turns":2.0},{"damage":6.0,"enemies":"4 Shapes","floor":38.0,"turns":3.0},{"damage":12.0,"enemies":"Maw","floor":39.0,"turns":4.0},{"damage":18.0,"enemies":"Giant Head","floor":40.0,"turns":4.0},{"damage":0.0,"enemies":"3 Darklings","floor":44.0,"turns":2.0},{"damage":12.0,"enemies":"Transient","floor":45.0,"turns":6.0},{"damage":13.0,"enemies":"Writhing Mass","floor":46.0,"turns":3.0},{"damage":36.0,"enemies":"Maw","floor":47.0,"turns":6.0},{"damage":0,"enemies":"Reptomancer","floor":48,"turns":1}],"green_key_taken_log":31,"seed_played":"5081560697691918667","neow_bonus_log":{"cardsObtained":[],"cardsUpgraded":[],"cardsRemoved":[],"cardsTransformed":[],"relicsObtained":[],"maxHpGained":0,"goldGained":0,"damageTaken":0,"goldLost":0,"maxHpLost":0},"potions_obtained":[{"floor":2.0,"key":"Strength Potion"},{"floor":5.0,"key":"LiquidMemories"},{"floor":7.0,"key":"Strength Potion"},{"floor":12.0,"key":"Fruit Juice"},{"floor":20.0,"key":"Energy Potion"},{"floor":21.0,"key":"HeartOfIron"},{"floor":33.0,"key":"SneckoOil"},{"floor":36.0,"key":"AttackPotion"},{"floor":46.0,"key":"GamblersBrew"}],"is_trial":false,"path_per_floor":["M","M","M","M","M","R","E","R","T","M","?","M","E","$","R","B",null,"M","?","M","M","?","R","E","R","T","$","?","E","M","E","R","B",null,"M","M","?","M","M","E","R","?","T","M","M","M","M","E"],"character_chosen":"IRONCLAD","basemod:card_modifiers":[null,null,null,null,null,null,null,null,null,null,null,null,null,null,null,null,null,null,null,null,null,null,null,null,null,null,null,null,null],"items_purchased":["Brimstone","Impervious","Membership Card"],"campfire_rested":0,"item_purchase_floors":[14,14,27],"current_hp_per_floor":[73,72,75,68,68,68,62,62,62,68,65,71,51,51,51,57,71,71,71,80,78,55,55,55,55,55,55,55,55,55,56,56,43,75,81,81,81,81,75,63,63,63,63,69,63,56,26,26],"gold":396,"neow_bonus":"RANDOM_COLORLESS","is_prod":false,"is_daily":false,"rewards_skipped":[{"floor":10,"relics":[],"potions":["LiquidMemories"]},{"floor":31,"relics":[],"potions":["PowerPotion"]},{"floor":40,"relics":[],"potions":["Dexterity Potion"]},{"floor":45,"relics":[],"potions":["FearPotion"]}],"chose_seed":false,"campfire_upgraded":6,"win_rate":0,"floor_exit_playtime":[57,72,92,121,171,183,262,269,272,310,335,376,451,470,476,515,549,585,595,644,703,709,719,750,762,765,773,808,843,891,959,968,1234,1263,1336,1398,1422,1484,1581,1688,1693,1710,1712,1783,1935,2033,2155],"timestamp":1717191977,"blue_key_relic_skipped_log":{"floor":43,"relicID":"Bag of Marbles"},"path_taken":["M","M","M","?","M","R","E","R","T","M","?","M","E","$","R","BOSS","M","?","M","M","?","R","E","R","T","$","?","E","M","E","R","BOSS","M","?","?","?","M","E","R","?","T","M","M","?","M","E"],"build_version":"2022-12-18","purchased_purges":1,"victory":false,"max_hp_per_floor":[75,75,75,75,75,75,75,75,75,75,75,75,75,75,75,75,75,75,75,80,80,85,85,85,85,85,85,85,85,85,85,85,85,85,85,85,85,85,85,85,85,85,85,85,85,85,85,85],"relic_stats":{"counters":[29,82],"Self Forming Clay":[81],"Mummified Hand":[12],"Pandora\u0027s Box":["Headbutt","Bludgeon","Shrug It Off","Iron Wave","Havoc","Flame Barrier","Burning Pact","Sentinel","Combust"],"Pen Nib":[9],"Kunai":[18],"Membership Card":37,"MawBank":12,"obtain_stats":[{"Lantern":40,"Self Forming Clay":24,"Pen Nib":26,"Odd Mushroom":11,"MawBank":13,"Burning Blood":0,"Mercury Hourglass":9,"Brimstone":14,"Mummified Hand":31,"Pandora\u0027s Box":17,"Fusion Hammer":34,"Kunai":7,"Membership Card":27,"InkBottle":29},{"Lantern":24,"Self Forming Clay":15,"Pen Nib":15,"Odd Mushroom":8,"MawBank":10,"Burning Blood":0,"Mercury Hourglass":6,"Brimstone":10,"Mummified Hand":18,"Pandora\u0027s Box":11,"Fusion Hammer":19,"Kunai":6,"Membership Card":15,"InkBottle":16},{"Lantern":65,"Self Forming Clay":37,"Pen Nib":37,"Odd Mushroom":19,"MawBank":26,"Burning Blood":0,"Mercury Hourglass":16,"Brimstone":26,"Mummified Hand":44,"Pandora\u0027s Box":29,"Fusion Hammer":49,"Kunai":16,"Membership Card":37,"InkBottle":38}],"Burning Blood":164,"InkBottle":[13],"Mercury Hourglass":[275]},"card_choices":[{"not_picked":["Dark Shackles","Enlightenment"],"picked":"Dramatic Entrance","floor":0.0},{"not_picked":["Burning Pact","True Grit"],"picked":"Anger","floor":1.0},{"not_picked":["Pommel Strike","Dual Wield"],"picked":"Fiend Fire","floor":2.0},{"not_picked":["Armaments","Sever Soul"],"picked":"Hemokinesis","floor":3.0},{"not_picked":["Perfected Strike","Heavy Blade"],"picked":"Battle Trance","floor":4.0},{"not_picked":["Bloodletting","Flame Barrier"],"picked":"Shrug It Off","floor":5.0},{"not_picked":["Infernal Blade","Flex"],"picked":"Feel No Pain","floor":7.0},{"not_picked":["Clash","Rampage"],"picked":"Whirlwind","floor":10.0},{"not_picked":["Armaments","Twin Strike","Cleave"],"picked":"SKIP","floor":11.0},{"not_picked":["Limit Break","Clash","Pommel Strike"],"picked":"SKIP","floor":12.0},{"not_picked":["Combust","Body Slam","Twin Strike"],"picked":"SKIP","floor":13.0},{"not_picked":["Limit Break","Corruption"],"picked":"Offering","floor":16.0},{"not_picked":["Warcry","Metallicize"],"picked":"Pummel","floor":18.0},{"not_picked":["Blood for Blood","Armaments","Cleave"],"picked":"SKIP","floor":20.0},{"not_picked":["True Grit","Pummel","Sever Soul"],"picked":"SKIP","floor":21.0},{"not_picked":["Thunderclap","Rupture"],"picked":"Bloodletting","floor":24.0},{"not_picked":["Inflame","Perfected Strike"],"picked":"Shrug It Off+1","floor":29.0},{"not_picked":["Iron Wave","Inflame","Anger"],"picked":"SKIP","floor":30.0},{"not_picked":["Blood for Blood","Warcry"],"picked":"Exhume","floor":31.0},{"not_picked":["Immolate","Demon Form"],"picked":"Offering","floor":33.0},{"not_picked":["Body Slam+1","Havoc+1","Cleave"],"picked":"SKIP","floor":35.0},{"not_picked":["Flex","Wild Strike"],"picked":"Heavy Blade","floor":36.0},{"not_picked":["Armaments","Entrench","Sentinel"],"picked":"SKIP","floor":38.0},{"not_picked":["Body Slam","Feed"],"picked":"Power Through+1","floor":39.0},{"not_picked":["Entrench","Rampage","Whirlwind"],"picked":"SKIP","floor":40.0},{"not_picked":["Perfected Strike","Wild Strike"],"picked":"True Grit+1","floor":44.0},{"not_picked":["Fire Breathing","Flex","Havoc+1"],"picked":"SKIP","floor":45.0},{"not_picked":["Hemokinesis","Twin Strike+1","Perfected Strike"],"picked":"SKIP","floor":46.0},{"not_picked":["Dropkick","Reckless Charge+1"],"picked":"Seeing Red","floor":47.0}],"player_experience":2409370,"relics_obtained":[{"floor":7.0,"key":"Kunai"},{"floor":9.0,"key":"Mercury Hourglass"},{"floor":11.0,"key":"Odd Mushroom"},{"floor":13.0,"key":"MawBank"},{"floor":24.0,"key":"Self Forming Clay"},{"floor":26.0,"key":"Pen Nib"},{"floor":29.0,"key":"InkBottle"},{"floor":31.0,"key":"Mummified Hand"},{"floor":40.0,"key":"Lantern"}],"event_choices":[{"damage_healed":0.0,"max_hp_gain":0.0,"max_hp_loss":0.0,"gold_gain":0.0,"event_name":"Mushrooms","player_choice":"Fought Mushrooms","floor":11.0,"gold_loss":0.0,"damage_taken":0.0},{"damage_healed":0.0,"max_hp_gain":0.0,"max_hp_loss":0.0,"gold_gain":0.0,"event_name":"Vampires","player_choice":"Ignored","floor":19.0,"gold_loss":0.0,"damage_taken":0.0},{"damage_healed":0.0,"max_hp_gain":5.0,"max_hp_loss":0.0,"gold_gain":0.0,"event_name":"Forgotten Altar","player_choice":"Shed Blood","floor":22.0,"gold_loss":0.0,"damage_taken":28.0},{"damage_healed":0.0,"max_hp_gain":0.0,"max_hp_loss":0.0,"gold_gain":0.0,"event_name":"Accursed Blacksmith","player_choice":"Forge","floor":28.0,"gold_loss":0.0,"damage_taken":0.0,"cards_upgraded":["Battle Trance"]},{"damage_healed":0.0,"max_hp_gain":0.0,"max_hp_loss":0.0,"gold_gain":0.0,"event_name":"Match and Keep!","player_choice":"0 cards matched","floor":37.0,"gold_loss":0.0,"damage_taken":0.0,"cards_obtained":[]},{"damage_healed":0.0,"max_hp_gain":0.0,"max_hp_loss":0.0,"gold_gain":0.0,"cards_transformed":["Combust"],"event_name":"Transmorgrifier","player_choice":"Transformed","floor":42.0,"gold_loss":0.0,"damage_taken":0.0,"cards_obtained":["Sever Soul"]}],"is_beta":false,"boss_relics":[{"not_picked":["Black Blood","Cursed Key"],"picked":"Pandora\u0027s Box"},{"not_picked":["Empty Cage","Busted Crown"],"picked":"Fusion Hammer"}],"items_purged_floors":[27],"is_endless":false,"potions_floor_spawned":[2,5,7,10,12,20,21,31,33,36,40,45,46],"killed_by":"Reptomancer","ascension_level":20,"potion_discard_per_floor":[[],[],[],[],[],[],[],[],[],[],[],["Strength Potion"],[],[],[],[],[],[],[],[],["LiquidMemories"],[],[],[],[],[],[],[],[],[],[],[],[],[],[],["SneckoOil"],[],[],[],[],[],[],[],[],[],["AttackPotion"],[],[]]}