{"neow_bonuses_skipped_log":["RANDOM_COLORLESS","THREE_SMALL_POTIONS","BOSS_RELIC"],"neow_costs_skipped_log":["NONE","NONE","NONE"],"potions_obtained_entropic_brew":[[],[],[],[],[],[],[],[],[],[],[],[],[],[],[],[],[],[],[],[],[],[],[],[],[],[],[],[],[],[],[],[],[]],"gold_per_floor":[117,132,144,156,206,206,236,251,251,277,287,305,330,346,346,420,420,376,376,125,141,141,141,170,189,189,189,205,215,229,259,259,259],"floor_reached":33,"playtime":2664,"items_purged":["Strike_R"],"score":726,"play_id":"f590ea51-e967-49b2-ad92-9056c7b7650b","local_time":"20240611101602","score_breakdown":["Floors Climbed (33): 165","Enemies Slain (14): 28","Exordium Elites Killed (3): 30","City Elites Killed (2): 40","Bosses Slain (1): 50","Champion (2): 50","Ascension (20): 363"],"is_ascension_mode":true,"potions_obtained_alchemize":[[],[],[],[],[],[],[],[],[],[],[],[],[],[],[],[],[],[],[],[],[],[],[],[],[],[],[],[],[],[],[],[],[]],"campfire_choices":[{"data":"Bludgeon","floor":6,"key":"SMITH"},{"data":"True Grit","floor":15,"key":"SMITH"},{"data":"Pommel Strike","floor":23,"key":"SMITH"},{"data":"Burning Pact","floor":27,"key":"SMITH"},{"data":"Body Slam","floor":32,"key":"SMITH"}],"lesson_learned_per_floor":[[],[],[],[],[],[],[],[],[],[],[],[],[],[],[],[],[],[],[],[],[],[],[],[],[],[],[],[],[],[],[],[],[]],"neow_cost":"TEN_PERCENT_HP_LOSS","improvable_cards":{},"seed_source_timestamp":2190583990049500,"shop_contents":[{"floor":20,"relics":["CeramicFish","Matryoshka","PrismaticShard"],"cards":["Pummel","Reaper","Armaments","Discovery","Secret Weapon"],"potions":["Ancient Potion","FairyPotion"]}],"circlet_count":0,"master_deck":["AscendersBane","Strike_R","Strike_R","Strike_R","Strike_R","Defend_R","Defend_R","Defend_R","Defend_R","Bash","Pommel Strike+1","Headbutt","Intimidate","Bludgeon+1","True Grit+1","Impervious","Burning Pact+1","Disarm","Fiend Fire","Bloodletting","Feel No Pain","Sentinel","Armaments+1","Havoc+1","Impervious","Body Slam+1"],"potion_use_per_floor":[[],[],[],[],[],[],["Energy Potion"],[],[],["Fruit Juice"],[],[],["FairyPotion"],[],[],["Dexterity Potion"],[],[],[],[],[],[],[],["Swift Potion"],[],[],[],["Block Potion"],[],[],["DistilledChaos"],[],[]],"relics":["Burning Blood","Dead Branch","Akabeko","Question Card","Bronze Scales","Girya","SlaversCollar","Art of War","Sundial","Oddly Smooth Stone"],"potions_floor_usage":[7,10,16,24,28,31],"damage_taken":[{"damage":6,"enemies":"Cultist","floor":1,"turns":3},{"damage":2,"enemies":"Jaw Worm","floor":2,"turns":3},{"damage":6,"enemies":"2 Louse","floor":3,"turns":3},{"damage":16,"enemies":"Lots of Slimes","floor":4,"turns":6},{"damage":13,"enemies":"3 Sentries","floor":7,"turns":9},{"damage":13,"enemies":"Large Slime","floor":8,"turns":3},{"damage":39,"enemies":"Lagavulin","floor":10,"turns":9},{"damage":1,"enemies":"Blue Slaver","floor":11,"turns":3},{"damage":1,"enemies":"Looter","floor":12,"turns":3},{"damage":35,"enemies":"Gremlin Nob","floor":13,"turns":4},{"damage":0,"enemies":"Exordium Wildlife","floor":14,"turns":4},{"damage":19,"enemies":"The Guardian","floor":16,"turns":11},{"damage":25,"enemies":"2 Thieves","floor":18,"turns":5},{"damage":0,"enemies":"3 Byrds","floor":21,"turns":4},{"damage":3,"enemies":"Gremlin Leader","floor":24,"turns":8},{"damage":11,"enemies":"Centurion and Healer","floor":25,"turns":12},{"damage":21,"enemies":"Snake Plant","floor":28,"turns":3},{"damage":20,"enemies":"3 Cultists","floor":29,"turns":7},{"damage":0,"enemies":"Chosen and Byrds","floor":30,"turns":3},{"damage":6,"enemies":"Book of Stabbing","floor":31,"turns":5},{"damage":48,"enemies":"Champ","floor":33,"turns":6}],"green_key_taken_log":31,"seed_played":"2017295368287771378","neow_bonus_log":{"cardsObtained":[],"cardsUpgraded":[],"cardsRemoved":[],"cardsTransformed":[],"relicsObtained":["Dead Branch"],"maxHpGained":0,"goldGained":0,"damageTaken":0,"goldLost":0,"maxHpLost":7},"potions_obtained":[{"floor":1,"key":"Energy Potion"},{"floor":2,"key":"FearPotion"},{"floor":4,"key":"Fruit Juice"},{"floor":10,"key":"FairyPotion"},{"floor":12,"key":"Dexterity Potion"},{"floor":18,"key":"Strength Potion"},{"floor":24,"key":"SteroidPotion"},{"floor":25,"key":"Block Potion"},{"floor":29,"key":"DistilledChaos"}],"is_trial":false,"path_per_floor":["M","M","M","M","?","R","E","M","T","E","M","M","E","M","R","B",null,"M","?","$","M","?","R","E","M","T","R","M","M","M","E","R","B"],"character_chosen":"IRONCLAD","basemod:card_modifiers":[null,null,null,null,null,null,null,null,null,null,null,null,null,null,null,null,null,null,null,null,null,null,null,null,null,null],"items_purchased":["Feel No Pain","Sentinel","Swift Potion"],"campfire_rested":0,"item_purchase_floors":[20,20,20],"current_hp_per_floor":[68,68,68,58,52,52,45,38,38,10,15,20,27,33,33,20,60,41,41,41,47,73,73,73,68,68,68,53,39,45,45,45,0],"gold":259,"neow_bonus":"ONE_RARE_RELIC","is_prod":false,"is_daily":false,"rewards_skipped":[],"chose_seed":false,"campfire_upgraded":5,"win_rate":0,"floor_exit_playtime":[71,113,158,274,278,285,483,512,523,613,665,740,789,894,899,1089,1253,1329,1343,1387,1475,1523,1554,1896,2094,2098,2114,2157,2327,2384,2531,2540],"timestamp":1718115362,"path_taken":["M","M","?","M","?","R","E","M","T","E","M","?","E","M","R","BOSS","M","?","$","M","?","R","E","M","T","R","M","M","M","E","R","BOSS"],"build_version":"2022-12-18","purchased_purges":1,"victory":false,"max_hp_per_floor":[68,68,68,68,68,68,68,68,68,73,73,73,73,73,73,73,73,73,73,73,73,73,73,73,73,73,73,73,73,73,73,73,73],"relic_stats":{"Girya":0,"counters":[21,114],"Sundial":[2],"Dead Branch":[205],"Bronze Scales":[269],"Art of War":[8],"Question Card":14,"obtain_stats":[{"Girya":13,"SlaversCollar":17,"Sundial":26,"Dead Branch":0,"Bronze Scales":10,"Oddly Smooth Stone":31,"Art of War":24,"Question Card":9,"Burning Blood":0,"Akabeko":7},{"Girya":10,"SlaversCollar":12,"Sundial":16,"Dead Branch":0,"Bronze Scales":7,"Oddly Smooth Stone":20,"Art of War":15,"Question Card":6,"Burning Blood":0,"Akabeko":5},{"Girya":46,"SlaversCollar":61,"Sundial":90,"Dead Branch":0,"Bronze Scales":36,"Oddly Smooth Stone":108,"Art of War":78,"Question Card":27,"Burning Blood":0,"Akabeko":24}],"Burning Blood":113},"card_choices":[{"not_picked":["Body Slam","Clash"],"picked":"Pommel Strike","floor":1},{"not_picked":["Rage","Heavy Blade"],"picked":"Headbutt","floor":2},{"not_picked":["Armaments","Heavy Blade"],"picked":"Intimidate","floor":3},{"not_picked":["Blood for Blood","Hemokinesis"],"picked":"Bludgeon","floor":4},{"not_picked":["Sever Soul","Sword Boomerang","Warcry"],"picked":"SKIP","floor":7},{"not_picked":["Headbutt","Iron Wave"],"picked":"True Grit","floor":8},{"not_picked":["Whirlwind","Sword Boomerang","Disarm"],"picked":"Impervious","floor":10},{"not_picked":["Havoc","Sever Soul","Clothesline","Iron Wave"],"picked":"SKIP","floor":11},{"not_picked":["Metallicize","Evolve","Wild Strike"],"picked":"Burning Pact","floor":12},{"not_picked":["Sword Boomerang","Ghostly Armor","Pommel Strike"],"picked":"Disarm","floor":13},{"not_picked":["Burning Pact","True Grit","Combust"],"picked":"Inflame","floor":14},{"not_picked":["Barricade","Brutality","Berserk"],"picked":"Fiend Fire","floor":16},{"not_picked":["Pommel Strike","Armaments","Flex"],"picked":"Bloodletting","floor":18},{"not_picked":["Reckless Charge","Twin Strike","Searing Blow","Thunderclap+1"],"picked":"SKIP","floor":21},{"not_picked":["Berserk","Anger","Shrug It Off"],"picked":"Armaments+1","floor":24},{"not_picked":["True Grit","Dropkick","Perfected Strike","Second Wind"],"picked":"SKIP","floor":25},{"not_picked":["Flex+1","Wild Strike","Sword Boomerang"],"picked":"Havoc+1","floor":28},{"not_picked":["Body Slam","Pummel","Clash"],"picked":"Impervious","floor":29},{"not_picked":["True Grit","Dual Wield","Flame Barrier","Iron Wave"],"picked":"SKIP","floor":30},{"not_picked":["Sever Soul","Second Wind","Whirlwind"],"picked":"Body Slam","floor":31}],"player_experience":2440500,"relics_obtained":[{"floor":7,"key":"Akabeko"},{"floor":9,"key":"Question Card"},{"floor":10,"key":"Bronze Scales"},{"floor":13,"key":"Girya"},{"floor":24,"key":"Art of War"},{"floor":26,"key":"Sundial"},{"floor":31,"key":"Oddly Smooth Stone"}],"event_choices":[{"damage_healed":0,"gold_gain":50,"player_choice":"Touch","damage_taken":6,"max_hp_gain":0,"max_hp_loss":0,"event_name":"FaceTrader","floor":5,"gold_loss":0},{"damage_healed":0,"gold_gain":0,"player_choice":"Ignored","damage_taken":0,"max_hp_gain":0,"max_hp_loss":0,"event_name":"Ghosts","floor":19,"gold_loss":0},{"cards_removed":["Inflame"],"damage_healed":26,"gold_gain":0,"player_choice":"Offered Uncommon","damage_taken":0,"max_hp_gain":0,"max_hp_loss":0,"event_name":"Bonfire Elementals","floor":22,"gold_loss":0}],"is_beta":false,"boss_relics":[{"not_picked":["Mark of Pain","Ectoplasm"],"picked":"SlaversCollar"}],"items_purged_floors":[20],"is_endless":false,"potions_floor_spawned":[1,2,4,10,12,18,24,25,29],"killed_by":"Champ","ascension_level":20,"potion_discard_per_floor":[[],[],[],["FearPotion"],[],[],[],[],[],[],[],[],[],[],[],[],[],[],[],[],[],[],[],[],["Strength Potion"],[],[],[],[],[],[],[],[]]}