{"neow_bonuses_skipped_log":["ONE_RANDOM_RARE_CARD","TWO_FIFTY_GOLD","BOSS_RELIC"],"potions_obtained_entropic_brew":[[],[],[],[],[],[],[],[],[],[],[],[],[],[],[],[],[],[],[],[],[],[],[],[],[],[],[],[],[],[],[],[],[],[],[],[],[],[],[],[],[],[],[],[]],"neow_costs_skipped_log":["NONE","CURSE","NONE"],"gold_per_floor":[127,155,155,182,210,210,254,254,254,293,293,321,321,348,348,431,431,457,481,174,192,221,251,270,304,304,325,325,359,382,297,297,377,377,400,450,461,262,287,287,302,337,337,337],"floor_reached":44,"playtime":14526,"items_purged":["Strike_R","Strike_R"],"score":1228,"play_id":"11823f6f-1227-45cc-b66c-634405be597e","local_time":"20240619212305","score_breakdown":["Floors Climbed (44): 220","Enemies Slain (17): 34","Exordium Elites Killed (2): 20","City Elites Killed (3): 60","Beyond Elites Killed (1): 30","Bosses Slain (2): 150","Stuffed: 50","Champion (2): 50","Overkill: 25","Ascension (20): 589"],"is_ascension_mode":true,"potions_obtained_alchemize":[[],[],[],[],[],[],[],[],[],[],[],[],[],[],[],[],[],[],[],[],[],[],[],[],[],[],[],[],[],[],[],[],[],[],[],[],[],[],[],[],[],[],[],[]],"campfire_choices":[{"data":"Inflame","floor":6.0,"key":"SMITH"},{"data":"Bludgeon","floor":8.0,"key":"SMITH"},{"data":"True Grit","floor":11.0,"key":"SMITH"},{"data":"Feed","floor":13.0,"key":"SMITH"},{"data":"Anger","floor":15.0,"key":"SMITH"},{"data":"Offering","floor":28,"key":"SMITH"},{"data":"Bash","floor":32,"key":"SMITH"},{"data":"Feel No Pain","floor":40,"key":"SMITH"}],"lesson_learned_per_floor":[[],[],[],[],[],[],[],[],[],[],[],[],[],[],[],[],[],[],[],[],[],[],[],[],[],[],[],[],[],[],[],[],[],[],[],[],[],[],[],[],[],[],[],[]],"neow_cost":"NONE","improvable_cards":{},"seed_source_timestamp":650078679311800,"shop_contents":[{"floor":20,"relics":["Boot","Eternal Feather"],"cards":["Rampage","Carnage","Rage","Flex","Combust","Flash of Steel","Violence"],"potions":["Ancient Potion","SkillPotion"]},{"floor":38,"relics":["Juzu Bracelet","Blood Vial","Cauldron"],"cards":["Cleave","Feed","True Grit","Juggernaut","Panacea","Mayhem"],"potions":["Strength Potion","Strength Potion","DistilledChaos"]}],"circlet_count":0,"master_deck":["AscendersBane","Strike_R","Defend_R+1","Defend_R","Defend_R+1","Defend_R","Bash+1","Twin Strike","Anger+1","Inflame+1","True Grit+1","Bludgeon+1","Feed+1","Metallicize","Ghostly Armor","Immolate","Bloodletting","Pummel+1","Offering+1","Headbutt","Disarm","Shrug It Off","Burning Pact","Dark Embrace+1","Second Wind","Warcry+1","Demon Form","Shrug It Off+1","Limit Break","Feel No Pain+1"],"special_seed":0,"potion_use_per_floor":[[],[],[],[],[],[],[],[],[],[],[],[],[],[],[],["Energy Potion"],[],[],[],[],["Fruit Juice"],[],["DuplicationPotion","LiquidMemories"],[],["Explosive Potion"],[],[],[],[],[],[],[],[],[],[],[],[],[],[],[],[],[],[],[]],"relics":["Burning Blood","CeramicFish","FossilizedHelix","Pear","InkBottle","Bag of Preparation","Runic Dome","Orrery","War Paint","Smiling Mask","Ancient Tea Set","Mercury Hourglass","Oddly Smooth Stone","Empty Cage","Toy Ornithopter"],"potions_floor_usage":[21,23,23,25],"damage_taken":[{"damage":6.0,"enemies":"2 Louse","floor":1.0,"turns":3.0},{"damage":1.0,"enemies":"Cultist","floor":2.0,"turns":3.0},{"damage":2.0,"enemies":"Small Slimes","floor":4.0,"turns":3.0},{"damage":9.0,"enemies":"Red Slaver","floor":5.0,"turns":3.0},{"damage":23.0,"enemies":"3 Sentries","floor":7.0,"turns":7.0},{"damage":0.0,"enemies":"Lagavulin","floor":10.0,"turns":4.0},{"damage":13.0,"enemies":"Blue Slaver","floor":12.0,"turns":4.0},{"damage":13.0,"enemies":"Gremlin Gang","floor":14.0,"turns":5.0},{"damage":42.0,"enemies":"Slime Boss","floor":16.0,"turns":16.0},{"damage":9,"enemies":"Chosen","floor":18,"turns":4},{"damage":12,"enemies":"2 Thieves","floor":19,"turns":4},{"damage":17,"enemies":"Snecko","floor":21,"turns":5},{"damage":7,"enemies":"Sentry and Sphere","floor":22,"turns":4},{"damage":2,"enemies":"Slavers","floor":23,"turns":3},{"damage":3,"enemies":"3 Cultists","floor":24,"turns":3},{"damage":0,"enemies":"Gremlin Leader","floor":25,"turns":6},{"damage":0,"enemies":"Centurion and Healer","floor":27,"turns":6},{"damage":18,"enemies":"Book of Stabbing","floor":29,"turns":5},{"damage":10,"enemies":"Chosen and Byrds","floor":30,"turns":5},{"damage":57,"enemies":"Champ","floor":33,"turns":13},{"damage":0,"enemies":"3 Shapes","floor":35,"turns":5},{"damage":22,"enemies":"3 Darklings","floor":37,"turns":5},{"damage":52,"enemies":"Maw","floor":39,"turns":7},{"damage":33,"enemies":"4 Shapes","floor":41,"turns":5},{"damage":24,"enemies":"Giant Head","floor":42,"turns":5},{"damage":35,"enemies":"Transient","floor":44,"turns":2}],"green_key_taken_log":42,"seed_played":"-6212241157004451552","neow_bonus_log":{"cardsObtained":[],"cardsUpgraded":[],"cardsRemoved":[],"cardsTransformed":[],"relicsObtained":["CeramicFish"],"maxHpGained":0,"goldGained":0,"damageTaken":0,"goldLost":0,"maxHpLost":0},"potions_obtained":[{"floor":2.0,"key":"Swift Potion"},{"floor":7.0,"key":"Swift Potion"},{"floor":10.0,"key":"Energy Potion"},{"floor":14.0,"key":"Fruit Juice"},{"floor":21,"key":"LiquidMemories"},{"floor":23,"key":"SpeedPotion"},{"floor":24,"key":"Explosive Potion"},{"floor":30,"key":"Ancient Potion"},{"floor":33,"key":"EntropicBrew"}],"is_trial":false,"path_per_floor":["M","M","?","M","M","R","E","R","T","E","R","M","R","M","R","B",null,"M","M","$","M","M","E","M","E","T","M","R","E","M","?","R","B",null,"M","?","M","$","M","R","M","E","T","M"],"character_chosen":"IRONCLAD","basemod:card_modifiers":[null,null,null,null,null,null,null,null,null,null,null,null,null,null,null,null,null,null,null,null,null,null,null,null,null,null,null,null,null,null],"items_purchased":["Orrery","DuplicationPotion","Limit Break"],"campfire_rested":0,"item_purchase_floors":[20,20,38],"current_hp_per_floor":[68,73,73,75,72,72,65,65,65,71,71,67,67,64,64,32,80,81,75,75,73,76,84,91,101,101,111,111,99,99,99,99,48,112,122,122,110,110,68,68,45,27,27,0],"gold":337,"neow_bonus":"RANDOM_COMMON_RELIC","is_prod":false,"is_daily":false,"rewards_skipped":[{"floor":12,"relics":[],"potions":["GamblersBrew"]},{"floor":22,"relics":[],"potions":["Explosive Potion"]},{"floor":35,"relics":[],"potions":["Ancient Potion"]},{"floor":39,"relics":[],"potions":["SkillPotion"]}],"chose_seed":false,"campfire_upgraded":8,"win_rate":0,"floor_exit_playtime":[47,68,73,95,129,134,192,197,199,229,235,295,299,371,377,522,543,594,648,699,760,805,874,918,1022,1026,1103,1115,4414,4604,4608,4622,4805,5416,13911,13915,14063,14081,14222,14237,14340,14454,14457],"timestamp":1718846585,"blue_key_relic_skipped_log":{"floor":43,"relicID":"Mummified Hand"},"path_taken":["M","M","?","M","M","R","E","R","T","E","R","M","R","M","R","BOSS","M","M","$","?","?","E","M","E","T","M","R","E","M","?","R","BOSS","M","?","?","?","M","R","M","E","T","M"],"build_version":"2022-12-18","purchased_purges":2,"victory":false,"max_hp_per_floor":[75,75,75,75,75,75,85,85,85,85,85,88,88,92,92,96,96,100,100,100,109,113,117,121,125,125,129,129,129,133,133,133,133,133,137,137,141,141,145,145,149,149,149,149],"relic_stats":{"counters":[26,135],"CeramicFish":207,"Bag of Preparation":[40],"War Paint":["Defend_R","Defend_R"],"Smiling Mask":50,"Ancient Tea Set":[6],"obtain_stats":[{"Pear":7,"CeramicFish":0,"Oddly Smooth Stone":31,"Bag of Preparation":10,"War Paint":23,"Smiling Mask":25,"Ancient Tea Set":26,"Empty Cage":34,"Burning Blood":0,"Mercury Hourglass":29,"Runic Dome":17,"Orrery":20,"FossilizedHelix":3,"InkBottle":9,"Toy Ornithopter":42},{"Pear":5,"CeramicFish":0,"Oddly Smooth Stone":19,"Bag of Preparation":6,"War Paint":14,"Smiling Mask":16,"Ancient Tea Set":16,"Empty Cage":20,"Burning Blood":0,"Mercury Hourglass":18,"Runic Dome":9,"Orrery":11,"FossilizedHelix":2,"InkBottle":5,"Toy Ornithopter":25},{"Pear":19,"CeramicFish":0,"Oddly Smooth Stone":93,"Bag of Preparation":23,"War Paint":68,"Smiling Mask":77,"Ancient Tea Set":77,"Empty Cage":106,"Burning Blood":0,"Mercury Hourglass":88,"Runic Dome":48,"Orrery":56,"FossilizedHelix":6,"InkBottle":19,"Toy Ornithopter":133}],"Burning Blood":148,"FossilizedHelix":[189],"InkBottle":[43],"Toy Ornithopter":0,"Mercury Hourglass":[162]},"card_choices":[{"not_picked":["Ghostly Armor","Body Slam"],"picked":"Twin Strike","floor":1.0},{"not_picked":["Dual Wield","Combust"],"picked":"Anger","floor":2.0},{"not_picked":["Clash","Havoc"],"picked":"Inflame","floor":4.0},{"not_picked":["Warcry","Iron Wave"],"picked":"True Grit","floor":5.0},{"not_picked":["Cleave","Havoc"],"picked":"Bludgeon","floor":7.0},{"not_picked":["Reckless Charge","Anger"],"picked":"Feed","floor":10.0},{"not_picked":["Twin Strike","Rupture"],"picked":"Metallicize","floor":12.0},{"not_picked":["Rupture","Perfected Strike"],"picked":"Ghostly Armor","floor":14.0},{"not_picked":["Feed","Exhume"],"picked":"Immolate","floor":16.0},{"not_picked":["Clothesline","Rage"],"picked":"Bloodletting","floor":18},{"not_picked":["Warcry","Wild Strike+1"],"picked":"Pummel+1","floor":19},{"not_picked":["Ghostly Armor","Clash"],"picked":"Offering","floor":20},{"not_picked":["Evolve","Warcry"],"picked":"Headbutt","floor":20},{"not_picked":["Warcry","Iron Wave","Berserk"],"picked":"SKIP","floor":20},{"not_picked":["Pommel Strike","Entrench","Heavy Blade+1"],"picked":"SKIP","floor":20},{"not_picked":["Pummel","Rage","Searing Blow"],"picked":"SKIP","floor":20},{"not_picked":["Inflame","Clothesline","Havoc"],"picked":"SKIP","floor":21},{"not_picked":["Dropkick","Cleave"],"picked":"Disarm","floor":22},{"not_picked":["Heavy Blade","Searing Blow","Thunderclap"],"picked":"SKIP","floor":23},{"not_picked":["Headbutt","Heavy Blade"],"picked":"Shrug It Off","floor":24},{"not_picked":["Second Wind+1","Armaments"],"picked":"Burning Pact","floor":25},{"not_picked":["Entrench","Body Slam"],"picked":"Dark Embrace+1","floor":27},{"not_picked":["Reckless Charge","Juggernaut"],"picked":"Second Wind","floor":29},{"not_picked":["Ghostly Armor","Whirlwind"],"picked":"Warcry+1","floor":30},{"not_picked":["Bludgeon","Brutality"],"picked":"Demon Form","floor":33},{"not_picked":["Havoc+1","Fire Breathing+1"],"picked":"Shrug It Off+1","floor":35},{"not_picked":["Battle Trance","Reckless Charge","Flex"],"picked":"SKIP","floor":37},{"not_picked":["Shrug It Off","Perfected Strike"],"picked":"Feel No Pain","floor":39},{"not_picked":["Headbutt","Flex","Clothesline"],"picked":"SKIP","floor":41},{"not_picked":["Sword Boomerang","Armaments+1","Flame Barrier"],"picked":"SKIP","floor":42}],"player_experience":2538235,"relics_obtained":[{"floor":7.0,"key":"Pear"},{"floor":9.0,"key":"InkBottle"},{"floor":10.0,"key":"Bag of Preparation"},{"floor":23,"key":"War Paint"},{"floor":25,"key":"Smiling Mask"},{"floor":26,"key":"Ancient Tea Set"},{"floor":29,"key":"Mercury Hourglass"},{"floor":42,"key":"Toy Ornithopter"}],"event_choices":[{"damage_healed":0.0,"max_hp_gain":0.0,"max_hp_loss":0.0,"gold_gain":0.0,"event_name":"WeMeetAgain","player_choice":"Gave Potion","floor":3.0,"gold_loss":0.0,"damage_taken":0.0,"relics_obtained":["FossilizedHelix"]},{"damage_healed":0,"gold_gain":0,"player_choice":"Obtained Relic","damage_taken":0,"relics_obtained":["Oddly Smooth Stone"],"max_hp_gain":0,"max_hp_loss":0,"event_name":"Addict","floor":31,"gold_loss":85},{"damage_healed":0,"gold_gain":50,"player_choice":"Pray","damage_taken":0,"max_hp_gain":0,"max_hp_loss":0,"event_name":"Golden Shrine","floor":36,"gold_loss":0}],"is_beta":false,"boss_relics":[{"not_picked":["Tiny House","Mark of Pain"],"picked":"Runic Dome"},{"not_picked":["Cursed Key","SacredBark"],"picked":"Empty Cage"}],"items_purged_floors":[20,38],"is_endless":false,"potions_floor_spawned":[2,7,10,12,14,21,22,23,24,30,33,35,39],"killed_by":"Transient","ascension_level":20,"potion_discard_per_floor":[[],[],[],[],[],[],[],[],[],[],[],[],[],["Swift Potion"],[],[],[],[],[],[],[],[],[],[],[],[],[],[],[],[],[],[],["SpeedPotion"],[],[],[],[],[],[],[],[],[],[],[]]}