{"neow_bonuses_skipped_log":["RANDOM_COLORLESS","HUNDRED_GOLD","BOSS_RELIC"],"potions_obtained_entropic_brew":[[],[],[],[],[],[],[],[],[],[],[],[],[],[],[],[],[],[],[],[],[],[],[],[],[],[],[],[],[],[],[],[],[]],"neow_costs_skipped_log":["NONE","NONE","NONE"],"gold_per_floor":[110,127,127,149,177,189,230,262,327,264,303,326,338,13,13,85,85,103,103,123,48,61,61,88,88,88,119,119,132,132,151,151,151],"floor_reached":33,"playtime":1701,"items_purged":["Strike_R"],"score":744,"play_id":"35d89db3-a583-4ee7-bf38-12b02f945439","local_time":"20240615211840","score_breakdown":["Floors Climbed (33): 165","Enemies Slain (11): 22","Exordium Elites Killed (2): 20","City Elites Killed (2): 40","Bosses Slain (1): 50","Champion (1): 25","Perfect (1): 50","Ascension (20): 372"],"is_ascension_mode":true,"potions_obtained_alchemize":[[],[],[],[],[],[],[],[],[],[],[],[],[],[],[],[],[],[],[],[],[],[],[],[],[],[],[],[],[],[],[],[],[]],"campfire_choices":[{"data":"Fiend Fire","floor":6.0,"key":"SMITH"},{"data":"Dark Embrace","floor":13,"key":"SMITH"},{"data":"True Grit","floor":15,"key":"SMITH"},{"data":"Pommel Strike","floor":23,"key":"SMITH"},{"floor":25,"key":"REST"},{"data":"Disarm","floor":28,"key":"SMITH"},{"data":"Feed","floor":30,"key":"SMITH"},{"data":"Intimidate","floor":32,"key":"SMITH"}],"lesson_learned_per_floor":[[],[],[],[],[],[],[],[],[],[],[],[],[],[],[],[],[],[],[],[],[],[],[],[],[],[],[],[],[],[],[],[],[]],"neow_cost":"TEN_PERCENT_HP_LOSS","improvable_cards":{},"seed_source_timestamp":317099457159000,"shop_contents":[{"floor":14,"relics":["Singing Bowl","HandDrill"],"cards":["Sword Boomerang","Cleave","Armaments","Ghostly Armor","Dark Embrace","Forethought","Metamorphosis"],"potions":["PowerPotion","AttackPotion","Swift Potion"]},{"floor":21,"relics":["Bottled Lightning","Bottled Tornado","DollysMirror"],"cards":["Headbutt","Twin Strike","Infernal Blade","Armaments","Dark Embrace","Madness","Magnetism"],"potions":["AttackPotion","GamblersBrew","AttackPotion"]}],"circlet_count":0,"master_deck":["AscendersBane","Strike_R","Strike_R","Strike_R","Defend_R","Defend_R","Defend_R","Defend_R","Bash","Fiend Fire+1","Flame Barrier","Spot Weakness","Pommel Strike+1","Twin Strike","Disarm+1","True Grit+1","Dark Embrace+1","Flame Barrier","Feed+1","Shrug It Off","Sentinel","Intimidate+1","Headbutt"],"special_seed":0,"potion_use_per_floor":[[],[],[],[],[],[],["Swift Potion"],[],[],[],["BlessingOfTheForge"],[],[],[],[],[],[],[],[],[],[],["ElixirPotion"],[],["AttackPotion"],[],[],[],[],[],[],[],[],[]],"relics":["Burning Blood","MawBank","Mercury Hourglass","Dream Catcher","Akabeko","Charon\u0027s Ashes","Sozu","Meat on the Bone","Magic Flower","Omamori"],"potions_floor_usage":[11,22,24],"damage_taken":[{"damage":12.0,"enemies":"Small Slimes","floor":1.0,"turns":3.0},{"damage":0.0,"enemies":"2 Louse","floor":2.0,"turns":2.0},{"damage":7.0,"enemies":"Jaw Worm","floor":4.0,"turns":3.0},{"damage":5.0,"enemies":"Looter","floor":5.0,"turns":4.0},{"damage":0.0,"enemies":"Gremlin Nob","floor":7.0,"turns":2.0},{"damage":5.0,"enemies":"Exordium Wildlife","floor":8.0,"turns":3.0},{"damage":9,"enemies":"3 Sentries","floor":11,"turns":4},{"damage":0,"enemies":"3 Louse","floor":12,"turns":2},{"damage":0,"enemies":"The Guardian","floor":16,"turns":10},{"damage":16,"enemies":"Spheric Guardian","floor":18,"turns":4},{"damage":7,"enemies":"Shell Parasite","floor":20,"turns":6},{"damage":29,"enemies":"Chosen and Byrds","floor":22,"turns":5},{"damage":16,"enemies":"Slavers","floor":24,"turns":5},{"damage":21,"enemies":"Gremlin Leader","floor":27,"turns":6},{"damage":17,"enemies":"Shelled Parasite and Fungi","floor":29,"turns":8},{"damage":19,"enemies":"Cultist and Chosen","floor":31,"turns":6},{"damage":71,"enemies":"Automaton","floor":33,"turns":6}],"seed_played":"3094875391909294055","neow_bonus_log":{"cardsObtained":[],"cardsUpgraded":[],"cardsRemoved":[],"cardsTransformed":[],"relicsObtained":[],"maxHpGained":0,"goldGained":0,"damageTaken":0,"goldLost":0,"maxHpLost":7},"potions_obtained":[{"floor":5.0,"key":"Swift Potion"},{"floor":7.0,"key":"ElixirPotion"},{"floor":8.0,"key":"BlessingOfTheForge"},{"floor":16,"key":"AttackPotion"}],"is_trial":false,"path_per_floor":["M","M","?","M","M","R","E","M","T","?","E","M","R","$","R","B",null,"M","?","M","$","M","R","E","R","T","E","R","M","R","M","R","B"],"character_chosen":"IRONCLAD","basemod:card_modifiers":[null,null,null,null,null,null,null,null,null,null,null,null,null,null,null,null,null,null,null,null,null,null,null],"items_purchased":["Charon\u0027s Ashes"],"campfire_rested":1,"item_purchase_floors":[14],"current_hp_per_floor":[62,68,63,62,63,63,68,68,68,68,65,68,68,68,68,68,68,58,58,60,60,40,40,33,56,56,67,67,64,64,60,60,0],"gold":151,"neow_bonus":"THREE_RARE_CARDS","is_prod":false,"is_daily":false,"rewards_skipped":[{"floor":20,"relics":[],"potions":["BloodPotion"]},{"floor":22,"relics":[],"potions":["SneckoOil"]},{"floor":29,"relics":[],"potions":["SteroidPotion"]}],"chose_seed":false,"campfire_upgraded":7,"win_rate":0,"floor_exit_playtime":[61,87,93,114,158,163,262,297,301,309,363,400,407,417,422,553,595,642,649,747,765,1030,1037,1125,1132,1135,1338,1359,1487,1498,1586,1597],"timestamp":1718500720,"path_taken":["M","M","?","M","M","R","E","M","T","?","E","M","R","$","R","BOSS","M","?","M","?","M","R","E","R","T","E","R","M","R","M","R","BOSS"],"build_version":"2022-12-18","purchased_purges":1,"victory":false,"max_hp_per_floor":[68,68,68,68,68,68,68,68,68,68,68,68,68,68,68,68,68,68,68,71,71,74,74,77,77,77,80,80,83,83,87,87,87],"relic_stats":{"Sozu":3,"Dream Catcher":1,"counters":[17,79],"Magic Flower":[21],"Charon\u0027s Ashes":[189],"Omamori":0,"MawBank":132,"obtain_stats":[{"Sozu":17,"Dream Catcher":9,"Magic Flower":26,"Charon\u0027s Ashes":14,"Omamori":27,"MawBank":3,"Burning Blood":0,"Akabeko":11,"Mercury Hourglass":7,"Meat on the Bone":24},{"Sozu":9,"Dream Catcher":6,"Magic Flower":13,"Charon\u0027s Ashes":8,"Omamori":14,"MawBank":2,"Burning Blood":0,"Akabeko":7,"Mercury Hourglass":5,"Meat on the Bone":13},{"Sozu":33,"Dream Catcher":17,"Magic Flower":53,"Charon\u0027s Ashes":23,"Omamori":59,"MawBank":5,"Burning Blood":0,"Akabeko":21,"Mercury Hourglass":14,"Meat on the Bone":53}],"Burning Blood":94,"Mercury Hourglass":[237],"Meat on the Bone":18},"card_choices":[{"not_picked":["Corruption","Limit Break"],"picked":"Fiend Fire","floor":0.0},{"not_picked":["Havoc","Twin Strike"],"picked":"Flame Barrier","floor":1.0},{"not_picked":["Dropkick","Sentinel"],"picked":"Spot Weakness","floor":2.0},{"not_picked":["True Grit","Warcry"],"picked":"Pommel Strike","floor":4.0},{"not_picked":["Iron Wave","Pommel Strike"],"picked":"Twin Strike","floor":5.0},{"not_picked":["Uppercut","Metallicize"],"picked":"Disarm","floor":7.0},{"not_picked":["Body Slam","Cleave"],"picked":"True Grit","floor":8.0},{"not_picked":["Bludgeon","Havoc"],"picked":"Dark Embrace","floor":11},{"not_picked":["Havoc","Flex"],"picked":"Flame Barrier","floor":12},{"not_picked":["Offering","Juggernaut"],"picked":"Feed","floor":16},{"not_picked":["Thunderclap","Metallicize"],"picked":"Shrug It Off","floor":18},{"not_picked":["Spot Weakness","Clothesline","Havoc"],"picked":"SKIP","floor":20},{"not_picked":["Rage","Clothesline","Combust"],"picked":"SKIP","floor":22},{"not_picked":["Thunderclap+1","Clothesline"],"picked":"Sentinel","floor":24},{"not_picked":["Cleave","Clash"],"picked":"Intimidate","floor":25},{"not_picked":["Havoc","True Grit","Fiend Fire"],"picked":"SKIP","floor":27},{"not_picked":["Clash+1","Sever Soul"],"picked":"Headbutt","floor":29},{"not_picked":["Rage+1","Clash","Blood for Blood"],"picked":"SKIP","floor":31}],"player_experience":2521915,"relics_obtained":[{"floor":7.0,"key":"Mercury Hourglass"},{"floor":9.0,"key":"Dream Catcher"},{"floor":11,"key":"Akabeko"},{"floor":24,"key":"Meat on the Bone"},{"floor":26,"key":"Magic Flower"},{"floor":27,"key":"Omamori"}],"event_choices":[{"damage_healed":0.0,"max_hp_gain":0.0,"max_hp_loss":0.0,"gold_gain":0.0,"event_name":"Scrap Ooze","player_choice":"Success","floor":3.0,"gold_loss":0.0,"damage_taken":5.0,"relics_obtained":["MawBank"]},{"cards_removed":["Strike_R"],"damage_healed":0.0,"max_hp_gain":0.0,"max_hp_loss":0.0,"gold_gain":0.0,"event_name":"The Cleric","player_choice":"Card Removal","floor":10.0,"gold_loss":75.0,"damage_taken":0.0},{"damage_healed":0,"gold_gain":0,"player_choice":"Ignored","damage_taken":0,"max_hp_gain":0,"max_hp_loss":0,"event_name":"Vampires","floor":19,"gold_loss":0}],"is_beta":false,"boss_relics":[{"not_picked":["Cursed Key","Busted Crown"],"picked":"Sozu"}],"items_purged_floors":[21],"is_endless":false,"potions_floor_spawned":[5,7,8,16,20,22,29],"killed_by":"Automaton","ascension_level":20,"potion_discard_per_floor":[[],[],[],[],[],[],[],[],[],[],[],[],[],[],[],[],[],[],[],[],[],[],[],[],[],[],[],[],[],[],[],[],[]]}