{"neow_bonuses_skipped_log":["THREE_SMALL_POTIONS","TWO_FIFTY_GOLD","BOSS_RELIC"],"potions_obtained_entropic_brew":[[],[],[],[],[],[],[],[],[],[],["EntropicBrew","Regen Potion"],[],[],[],[],[],[],[],[],[],[],[],[],["GamblersBrew","BloodPotion","ElixirPotion","Swift Potion"],[],[],[],[],[],[],[],[],[]],"neow_costs_skipped_log":["NONE","CURSE","NONE"],"gold_per_floor":[116,130,146,17,31,57,67,67,93,93,121,271,283,300,300,376,376,395,408,426,426,476,476,502,518,518,136,149,149,177,177,177,177],"floor_reached":33,"playtime":1535,"items_purged":["Strike_R","Strike_R"],"score":598,"play_id":"cc85993d-8d52-457e-a8e4-75309aa8a5a3","local_time":"20240613224808","score_breakdown":["Floors Climbed (33): 165","Enemies Slain (12): 24","Exordium Elites Killed (2): 20","City Elites Killed (2): 40","Bosses Slain (1): 50","Ascension (20): 299"],"is_ascension_mode":true,"potions_obtained_alchemize":[[],[],[],[],[],[],[],[],[],[],[],[],[],[],[],[],[],[],[],[],[],[],[],[],[],[],[],[],[],[],[],[],[]],"campfire_choices":[{"data":"Blood for Blood","floor":8,"key":"SMITH"},{"data":"Armaments","floor":10,"key":"SMITH"},{"data":"Rupture","floor":15,"key":"SMITH"},{"data":"True Grit","floor":23,"key":"SMITH"},{"floor":29,"key":"REST"},{"floor":32,"key":"REST"}],"lesson_learned_per_floor":[[],[],[],[],[],[],[],[],[],[],[],[],[],[],[],[],[],[],[],[],[],[],[],[],[],[],[],[],[],[],[],[],[]],"neow_cost":"NONE","improvable_cards":{},"seed_source_timestamp":149868802701800,"shop_contents":[{"floor":4,"relics":["White Beast Statue","Anchor","Strange Spoon"],"cards":["Bludgeon","Twin Strike","Offering","Limit Break","Juggernaut","Trip","The Bomb"],"potions":["Swift Potion","SpeedPotion"]},{"floor":27,"relics":["Magic Flower","Toolbox"],"cards":["Pummel","Dropkick","Limit Break","Flex","Rupture","PanicButton","Sadistic Nature"],"potions":["BlessingOfTheForge","ElixirPotion","FairyPotion"]}],"circlet_count":0,"master_deck":["AscendersBane","Strike_R","Strike_R","Strike_R","Defend_R","Defend_R","Defend_R","Defend_R","Bash","Dark Shackles","Blood for Blood+1","Power Through","Hemokinesis","Armaments+1","Battle Trance","Inflame","Rupture+1","Immolate","Shockwave+1","True Grit+1","Feel No Pain","Second Wind","Shrug It Off","Sentinel+1","Fiend Fire"],"potion_use_per_floor":[[],[],[],[],[],["PowerPotion"],["HeartOfIron"],[],[],[],["EntropicBrew","Regen Potion"],[],[],[],[],[],[],[],["EssenceOfSteel"],[],[],[],[],["Fire Potion","Explosive Potion","EntropicBrew","BloodPotion"],["Swift Potion","ElixirPotion"],[],[],[],[],["Weak Potion","DuplicationPotion"],[],[],["GamblersBrew"]],"relics":["Burning Blood","Omamori","Bronze Scales","Potion Belt","Runic Pyramid","PreservedInsect","Paper Frog","Question Card","Singing Bowl"],"potions_floor_usage":[6,7,11,11,19,24,24,24,24,25,25,30,30,33],"damage_taken":[{"damage":0,"enemies":"Small Slimes","floor":1,"turns":4},{"damage":3,"enemies":"Jaw Worm","floor":2,"turns":2},{"damage":6,"enemies":"Cultist","floor":3,"turns":3},{"damage":12,"enemies":"Exordium Wildlife","floor":5,"turns":5},{"damage":27,"enemies":"Gremlin Nob","floor":6,"turns":4},{"damage":3,"enemies":"Exordium Thugs","floor":7,"turns":4},{"damage":24,"enemies":"Lagavulin","floor":11,"turns":5},{"damage":2,"enemies":"Looter","floor":13,"turns":2},{"damage":2,"enemies":"Red Slaver","floor":14,"turns":3},{"damage":17,"enemies":"The Guardian","floor":16,"turns":11},{"damage":2,"enemies":"Chosen","floor":18,"turns":5},{"damage":10,"enemies":"2 Thieves","floor":19,"turns":3},{"damage":16,"enemies":"Snecko","floor":20,"turns":7},{"damage":37,"enemies":"Slavers","floor":24,"turns":4},{"damage":22,"enemies":"Shelled Parasite and Fungi","floor":25,"turns":5},{"damage":15,"enemies":"Snake Plant","floor":28,"turns":4},{"damage":12,"enemies":"Book of Stabbing","floor":30,"turns":4},{"damage":46,"enemies":"Collector","floor":33,"turns":8}],"seed_played":"257958993469528296","neow_bonus_log":{"cardsObtained":[],"cardsUpgraded":[],"cardsRemoved":[],"cardsTransformed":[],"relicsObtained":[],"maxHpGained":0,"goldGained":0,"damageTaken":0,"goldLost":0,"maxHpLost":0},"potions_obtained":[{"floor":3,"key":"EntropicBrew"},{"floor":6,"key":"HeartOfIron"},{"floor":11,"key":"Explosive Potion"},{"floor":14,"key":"Fire Potion"},{"floor":16,"key":"EssenceOfSteel"},{"floor":24,"key":"DuplicationPotion"},{"floor":25,"key":"Weak Potion"},{"floor":30,"key":"Ancient Potion"}],"is_trial":false,"path_per_floor":["M","M","M","$","M","E","M","R","T","R","E","?","M","M","R","B",null,"M","M","M","?","?","R","E","M","T","$","M","R","E","T","R","B"],"character_chosen":"IRONCLAD","basemod:card_modifiers":[null,null,null,null,null,null,null,null,null,null,null,null,null,null,null,null,null,null,null,null,null,null,null,null,null],"items_purchased":["PowerPotion","Paper Frog"],"campfire_rested":2,"item_purchase_floors":[4,27],"current_hp_per_floor":[74,75,75,75,69,48,51,51,51,51,42,42,46,50,50,39,66,70,66,56,56,49,49,33,17,17,17,8,30,24,24,46,0],"gold":177,"neow_bonus":"RANDOM_COLORLESS","is_prod":false,"is_daily":false,"rewards_skipped":[],"chose_seed":false,"campfire_upgraded":4,"win_rate":0,"floor_exit_playtime":[127,162,213,256,306,376,419,426,429,436,519,526,551,585,593,706,750,842,894,975,991,995,1008,1076,1199,1204,1223,1282,1284,1349,1352,1354],"timestamp":1718333288,"blue_key_relic_skipped_log":{"floor":26,"relicID":"Darkstone Periapt"},"path_taken":["M","M","M","$","M","E","M","R","T","R","E","?","M","M","R","BOSS","M","M","M","?","?","R","E","M","T","$","?","R","E","?","R","BOSS"],"build_version":"2022-12-18","purchased_purges":2,"victory":false,"max_hp_per_floor":[75,75,75,75,75,75,75,75,75,75,75,75,75,75,75,75,75,75,75,75,75,75,75,75,75,75,75,75,75,75,75,75,75],"relic_stats":{"Singing Bowl":0,"counters":[18,83],"Bronze Scales":[205],"PreservedInsect":43,"Omamori":1,"Question Card":0,"obtain_stats":[{"Potion Belt":11,"Singing Bowl":31,"Bronze Scales":9,"PreservedInsect":24,"Omamori":6,"Question Card":30,"Burning Blood":0,"Runic Pyramid":17,"Paper Frog":27},{"Potion Belt":7,"Singing Bowl":17,"Bronze Scales":6,"PreservedInsect":14,"Omamori":5,"Question Card":17,"Burning Blood":0,"Runic Pyramid":10,"Paper Frog":15},{"Potion Belt":27,"Singing Bowl":75,"Bronze Scales":22,"PreservedInsect":62,"Omamori":18,"Question Card":75,"Burning Blood":0,"Runic Pyramid":43,"Paper Frog":67}],"Burning Blood":100},"card_choices":[{"not_picked":["Finesse","Panacea"],"picked":"Dark Shackles","floor":0},{"not_picked":["Clash","Rampage"],"picked":"Blood for Blood","floor":1},{"not_picked":["Thunderclap","Dropkick","Sword Boomerang"],"picked":"SKIP","floor":2},{"not_picked":["Headbutt","Clothesline"],"picked":"Power Through","floor":3},{"not_picked":["Armaments","Double Tap"],"picked":"Hemokinesis","floor":5},{"not_picked":["Clothesline","Shrug It Off"],"picked":"Armaments","floor":6},{"not_picked":["Dark Embrace","Cleave"],"picked":"Battle Trance","floor":7},{"not_picked":["Havoc","Wild Strike","Sentinel"],"picked":"SKIP","floor":11},{"not_picked":["Havoc","Wild Strike","Sentinel"],"picked":"SKIP","floor":11},{"not_picked":["Havoc","Wild Strike","Sentinel"],"picked":"SKIP","floor":11},{"not_picked":["Flex","Clash"],"picked":"Inflame","floor":13},{"not_picked":["Clash","Anger"],"picked":"Rupture","floor":14},{"not_picked":["Demon Form","Double Tap"],"picked":"Immolate","floor":16},{"not_picked":["Heavy Blade+1","Iron Wave"],"picked":"Shockwave+1","floor":18},{"not_picked":["Clash","Pommel Strike"],"picked":"True Grit","floor":19},{"not_picked":["Havoc+1","Body Slam"],"picked":"Feel No Pain","floor":20},{"not_picked":["Spot Weakness","Iron Wave","Twin Strike","True Grit","Offering","Anger","Perfected Strike","Reckless Charge","Armaments","Shrug It Off","Wild Strike","Flex","Dark Embrace","Clash","Searing Blow","Seeing Red","Ghostly Armor","Clothesline","Thunderclap"],"picked":"Second Wind","floor":21},{"not_picked":["Clash","Twin Strike","Flex"],"picked":"SKIP","floor":24},{"not_picked":["Clothesline+1","Whirlwind"],"picked":"Shrug It Off","floor":25},{"not_picked":["Iron Wave","Clothesline"],"picked":"Sentinel+1","floor":28},{"not_picked":["Evolve","Armaments"],"picked":"Fiend Fire","floor":30}],"player_experience":2490152,"relics_obtained":[{"floor":6,"key":"Omamori"},{"floor":9,"key":"Bronze Scales"},{"floor":11,"key":"Potion Belt"},{"floor":24,"key":"PreservedInsect"},{"floor":30,"key":"Question Card"},{"floor":31,"key":"Singing Bowl"}],"event_choices":[{"damage_healed":0,"gold_gain":150,"player_choice":"AGREE","damage_taken":0,"max_hp_gain":0,"max_hp_loss":0,"event_name":"Liars Game","floor":12,"gold_loss":0,"cards_obtained":["Doubt"]},{"damage_healed":0,"gold_gain":0,"player_choice":"Read","damage_taken":0,"max_hp_gain":0,"max_hp_loss":0,"event_name":"The Library","floor":21,"gold_loss":0,"cards_obtained":["Second Wind"]},{"damage_healed":0,"gold_gain":50,"player_choice":"Touch","damage_taken":7,"max_hp_gain":0,"max_hp_loss":0,"event_name":"FaceTrader","floor":22,"gold_loss":0}],"is_beta":false,"boss_relics":[{"not_picked":["Fusion Hammer","Black Star"],"picked":"Runic Pyramid"}],"items_purged_floors":[4,27],"is_endless":false,"potions_floor_spawned":[3,6,11,14,16,24,25,30],"killed_by":"Collector","ascension_level":20,"potion_discard_per_floor":[[],[],[],[],[],[],[],[],[],[],[],[],[],[],[],[],[],[],[],[],[],[],[],[],[],[],[],[],[],[],[],[],[]]}