{"neow_bonuses_skipped_log":["THREE_CARDS","THREE_ENEMY_KILL","REMOVE_TWO"],"potions_obtained_entropic_brew":[[],[],[],[],[],[],[],[],[],[],[],[],[],[],[],[],[],[],[],[],[],[],[],[],[],[],[],[],[],[],[],[],[],[],[],[],[],[],[],[],[],[],[],[],[],[],[],[],[],[],[],[],[],[],[],[]],"neow_costs_skipped_log":["NONE","NONE","PERCENT_DAMAGE"],"gold_per_floor":[109,109,129,147,157,157,157,157,182,209,209,237,254,8,8,86,86,98,98,98,114,131,131,156,167,220,220,82,93,93,111,111,188,188,208,208,158,171,188,220,220,246,320,320,330,358,93,111,111,111,111,111,111,15,45,45],"floor_reached":56,"playtime":1734,"items_purged":["Strike_R","Defend_R","Defend_R","Bash"],"score":2084,"play_id":"078e01dc-974a-4449-a298-384addda727a","local_time":"20240617001634","score_breakdown":["Floors Climbed (56): 280","Enemies Slain (16): 32","Exordium Elites Killed (2): 20","City Elites Killed (1): 20","Beyond Elites Killed (3): 90","Bosses Slain (4): 500","Champion (3): 75","Overkill: 25","Ascension (20): 1042"],"is_ascension_mode":true,"potions_obtained_alchemize":[[],[],[],[],[],[],[],[],[],[],[],[],[],[],[],[],[],[],[],[],[],[],[],[],[],[],[],[],[],[],[],[],[],[],[],[],[],[],[],[],[],[],[],[],[],[],[],[],[],[],[],[],[],[],[],[]],"campfire_choices":[{"data":"Inflame","floor":6.0,"key":"SMITH"},{"data":"Shockwave","floor":8.0,"key":"SMITH"},{"data":"Pommel Strike","floor":11.0,"key":"SMITH"},{"data":"Immolate","floor":15.0,"key":"SMITH"},{"data":"Second Wind","floor":23.0,"key":"SMITH"},{"data":"Bludgeon","floor":32.0,"key":"SMITH"},{"data":"Heavy Blade","floor":41,"key":"SMITH"},{"data":"Feel No Pain","floor":44,"key":"SMITH"},{"floor":49,"key":"RECALL"},{"data":"Demon Form","floor":53,"key":"SMITH"}],"lesson_learned_per_floor":[[],[],[],[],[],[],[],[],[],[],[],[],[],[],[],[],[],[],[],[],[],[],[],[],[],[],[],[],[],[],[],[],[],[],[],[],[],[],[],[],[],[],[],[],[],[],[],[],[],[],[],[],[],[],[],[]],"neow_cost":"NONE","improvable_cards":{},"seed_source_timestamp":0,"shop_contents":[{"floor":14,"relics":["Self Forming Clay","Juzu Bracelet"],"cards":["Clash","Flex","Infernal Blade","Metallicize","Flash of Steel","Apotheosis"],"potions":["LiquidBronze","CultistPotion","DuplicationPotion"]},{"floor":28,"relics":["Frozen Egg 2","Singing Bowl","TheAbacus"],"cards":["Wild Strike","Twin Strike","Battle Trance","Rupture","Enlightenment","Secret Weapon"],"potions":["ElixirPotion","Block Potion","Fruit Juice"]},{"floor":37,"relics":["Ice Cream","MealTicket","HandDrill"],"cards":["Clash","Immolate","Shrug It Off","Flex","Combust","PanicButton","Mayhem"],"potions":["GamblersBrew","EntropicBrew","BloodPotion"]},{"floor":47,"relics":["Red Skull","Molten Egg 2","OrangePellets"],"cards":["Bludgeon","Dropkick","Limit Break","Bandage Up","Mayhem"],"potions":["Weak Potion","Weak Potion","ColorlessPotion"]},{"floor":54,"relics":["Paper Frog","Orichalcum","DollysMirror"],"cards":["Thunderclap","Intimidate","Havoc","Jack Of All Trades","Secret Technique"],"potions":["BlessingOfTheForge","EssenceOfSteel","SmokeBomb"]}],"circlet_count":0,"master_deck":["AscendersBane","Battle Trance+1","Pummel+1","Fiend Fire+1","Shockwave+1","Seeing Red","Inflame+1","Pommel Strike+1","Spot Weakness+1","Immolate+1","Thunderclap","Reaper","Second Wind+1","Reaper","Clothesline","Heavy Blade+1","Impervious+1","Bludgeon+1","Corruption","CurseOfTheBell","Feel No Pain+1","Demon Form+1","Sentinel","Sword Boomerang","Dark Embrace","Headbutt","Sentinel"],"special_seed":0,"potion_use_per_floor":[[],[],[],[],["SkillPotion"],[],[],[],[],["Explosive Potion"],[],[],[],[],[],[],[],[],[],[],[],[],[],[],[],[],[],[],[],[],[],[],[],[],[],[],[],[],[],[],[],["Fruit Juice"],[],[],[],[],[],[],[],[],[],[],[],[],[],["DuplicationPotion","LiquidMemories"]],"relics":["Astrolabe","Smiling Mask","Strawberry","Happy Flower","Brimstone","Snecko Eye","Akabeko","Bronze Scales","Calling Bell","Meat on the Bone","Charon\u0027s Ashes","War Paint","White Beast Statue","Ornamental Fan","Centennial Puzzle","Boot"],"potions_floor_usage":[42,56,56],"damage_taken":[{"damage":0.0,"enemies":"Small Slimes","floor":1.0,"turns":2.0},{"damage":0.0,"enemies":"Cultist","floor":3.0,"turns":2.0},{"damage":9.0,"enemies":"Jaw Worm","floor":4.0,"turns":2.0},{"damage":8.0,"enemies":"3 Louse","floor":5.0,"turns":3.0},{"damage":10.0,"enemies":"3 Sentries","floor":10.0,"turns":5.0},{"damage":0.0,"enemies":"Gremlin Nob","floor":12.0,"turns":2.0},{"damage":6.0,"enemies":"2 Fungi Beasts","floor":13.0,"turns":2.0},{"damage":25.0,"enemies":"Hexaghost","floor":16.0,"turns":4.0},{"damage":0.0,"enemies":"Shell Parasite","floor":18.0,"turns":1.0},{"damage":0.0,"enemies":"3 Byrds","floor":21.0,"turns":4.0},{"damage":0.0,"enemies":"Snecko","floor":22.0,"turns":2.0},{"damage":13.0,"enemies":"Gremlin Leader","floor":24.0,"turns":4.0},{"damage":0.0,"enemies":"3 Cultists","floor":25.0,"turns":2.0},{"damage":27.0,"enemies":"Snake Plant","floor":29.0,"turns":2.0},{"damage":0.0,"enemies":"Snecko","floor":31.0,"turns":1.0},{"damage":20.0,"enemies":"Automaton","floor":33.0,"turns":4.0},{"damage":0.0,"enemies":"Orb Walker","floor":35.0,"turns":1.0},{"damage":12.0,"enemies":"3 Shapes","floor":38.0,"turns":2.0},{"damage":6,"enemies":"Jaw Worm Horde","floor":39,"turns":2},{"damage":0,"enemies":"Reptomancer","floor":40,"turns":2},{"damage":10,"enemies":"Giant Head","floor":42,"turns":3},{"damage":0,"enemies":"3 Darklings","floor":45,"turns":2},{"damage":0,"enemies":"Reptomancer","floor":46,"turns":2},{"damage":0,"enemies":"Sphere and 2 Shapes","floor":48,"turns":2},{"damage":68,"enemies":"Awakened One","floor":50,"turns":6},{"damage":55,"enemies":"Donu and Deca","floor":51,"turns":5},{"damage":22,"enemies":"Shield and Spear","floor":55,"turns":3},{"damage":119,"enemies":"The Heart","floor":56,"turns":5}],"green_key_taken_log":46,"seed_played":"3936265862552042987","neow_bonus_log":{"cardsObtained":[],"cardsUpgraded":[],"cardsRemoved":[],"cardsTransformed":[],"relicsObtained":["Astrolabe"],"maxHpGained":0,"goldGained":0,"damageTaken":0,"goldLost":0,"maxHpLost":0},"potions_obtained":[{"floor":1.0,"key":"Explosive Potion"},{"floor":3.0,"key":"SkillPotion"},{"floor":10.0,"key":"Fire Potion"},{"floor":16.0,"key":"LiquidMemories"},{"floor":38,"key":"Fruit Juice"},{"floor":42,"key":"Energy Potion"},{"floor":46,"key":"DuplicationPotion"}],"is_trial":false,"path_per_floor":["M","?","M","M","M","R","?","R","T","E","R","E","M","$","R","B",null,"M","?","?","M","M","R","E","M","T","?","$","M","T","M","R","B",null,"M","?","$","M","M","E","R","E","T","R","M","E","$","M","R","B","B",null,"R","$","E","B"],"character_chosen":"IRONCLAD","basemod:card_modifiers":[null,null,null,null,null,null,null,null,null,null,null,null,null,null,null,null,null,null,null,null,null,null,null,null,null,null,null],"items_purchased":["Brimstone","Thunderclap","Impervious","Demon Form","Sentinel","Dark Embrace","Headbutt"],"campfire_rested":0,"item_purchase_floors":[14,14,28,47,47,54,54],"current_hp_per_floor":[68,68,68,59,51,51,51,51,51,48,48,48,42,42,42,17,66,66,66,66,82,82,82,82,82,82,82,82,66,66,66,66,82,82,82,77,77,82,76,76,76,71,71,71,87,87,87,87,87,70,87,87,87,87,74,0],"gold":45,"neow_bonus":"BOSS_RELIC","is_prod":false,"is_daily":false,"rewards_skipped":[{"floor":18,"relics":[],"potions":["GamblersBrew"]},{"floor":25,"relics":[],"potions":["ElixirPotion"]},{"floor":29,"relics":[],"potions":["Weak Potion"]},{"floor":31,"relics":[],"potions":["FearPotion"]},{"floor":42,"relics":["Bottled Flame"],"potions":[]},{"floor":45,"relics":[],"potions":["EssenceOfSteel"]},{"floor":48,"relics":[],"potions":["Swift Potion"]},{"floor":55,"relics":[],"potions":["FearPotion"]}],"chose_seed":false,"campfire_upgraded":9,"win_rate":0,"floor_exit_playtime":[94,100,113,137,184,193,196,202,205,271,275,306,337,356,362,409,433,453,458,480,523,558,567,617,696,701,707,728,757,761,783,792,876,908,926,930,943,991,1020,1065,1070,1124,1127,1132,1169,1221,1240,1285,1288,1407,1512,1524,1530,1547,1615],"timestamp":1718597794,"blue_key_relic_skipped_log":{"floor":30,"relicID":"StrikeDummy"},"path_taken":["M","?","M","?","M","R","?","R","T","E","R","E","M","$","R","BOSS","M","?","?","?","M","R","E","M","T","?","$","?","?","M","R","BOSS","M","?","$","M","M","E","R","E","T","R","M","E","$","M","R","BOSS","BOSS","R","$","E","BOSS"],"build_version":"2022-12-18","purchased_purges":4,"victory":false,"max_hp_per_floor":[75,75,75,75,75,75,75,75,75,82,82,82,82,82,82,82,82,82,82,82,82,82,82,82,82,82,82,82,82,82,82,82,82,82,82,82,82,82,82,82,82,87,87,87,87,87,87,87,87,87,87,87,87,87,87,87],"relic_stats":{"Happy Flower":[20],"counters":[28,77],"Astrolabe":["Battle Trance","Pummel","Fiend Fire"],"Charon\u0027s Ashes":[446],"War Paint":["Spot Weakness","Impervious"],"Smiling Mask":250,"Boot":[0],"White Beast Statue":[0.0,0.0,0.0,0.4,0.0,0.6000000000000001,0.0,0.0,0.0,0.0,0.0,2.6952000000000003],"Centennial Puzzle":[12],"Ornamental Fan":[60],"Bronze Scales":[115],"Snecko Eye":[105,94,107,98,25],"obtain_stats":[{"Happy Flower":12,"Astrolabe":0,"Charon\u0027s Ashes":34,"War Paint":34,"Smiling Mask":9,"Boot":55,"Burning Blood":0,"Akabeko":24,"White Beast Statue":40,"Calling Bell":34,"Centennial Puzzle":46,"Brimstone":14,"Ornamental Fan":43,"Strawberry":10,"Bronze Scales":26,"Snecko Eye":17,"Meat on the Bone":34},{"Happy Flower":6,"Astrolabe":0,"Charon\u0027s Ashes":16,"War Paint":16,"Smiling Mask":4,"Boot":27,"Burning Blood":0,"Akabeko":12,"White Beast Statue":20,"Calling Bell":16,"Centennial Puzzle":23,"Brimstone":7,"Ornamental Fan":21,"Strawberry":5,"Bronze Scales":13,"Snecko Eye":8,"Meat on the Bone":16},{"Happy Flower":16,"Astrolabe":0,"Charon\u0027s Ashes":42,"War Paint":42,"Smiling Mask":9,"Boot":72,"Burning Blood":0,"Akabeko":33,"White Beast Statue":49,"Calling Bell":42,"Centennial Puzzle":56,"Brimstone":18,"Ornamental Fan":52,"Strawberry":14,"Bronze Scales":35,"Snecko Eye":22,"Meat on the Bone":42}],"Meat on the Bone":0},"card_choices":[{"not_picked":["Flame Barrier","Seeing Red"],"picked":"Shockwave","floor":1.0},{"not_picked":["Body Slam","Twin Strike"],"picked":"Seeing Red","floor":3.0},{"not_picked":["Warcry","Clash","Flex"],"picked":"SKIP","floor":4.0},{"not_picked":["Thunderclap","Sword Boomerang"],"picked":"Inflame","floor":5.0},{"not_picked":["Heavy Blade","Rupture"],"picked":"Pommel Strike","floor":10.0},{"not_picked":["Pummel","Dual Wield"],"picked":"Spot Weakness","floor":12.0},{"not_picked":["Intimidate","Clothesline"],"picked":"Immolate","floor":13.0},{"not_picked":["Corruption","Brutality"],"picked":"Reaper","floor":16.0},{"not_picked":["Intimidate","True Grit"],"picked":"Second Wind","floor":18.0},{"not_picked":["Clothesline","Fire Breathing","Seeing Red"],"picked":"SKIP","floor":21.0},{"not_picked":["Pommel Strike","Havoc"],"picked":"Clothesline","floor":22.0},{"not_picked":["Second Wind","Twin Strike","Perfected Strike"],"picked":"SKIP","floor":24.0},{"not_picked":["Infernal Blade+1","Fire Breathing"],"picked":"Heavy Blade","floor":25.0},{"not_picked":["Inflame","Pommel Strike"],"picked":"Bludgeon","floor":29.0},{"not_picked":["Body Slam","Flex","Havoc"],"picked":"SKIP","floor":31.0},{"not_picked":["Bludgeon","Juggernaut"],"picked":"Corruption","floor":33.0},{"not_picked":["Wild Strike","Pommel Strike"],"picked":"Feel No Pain","floor":35.0},{"not_picked":["Dropkick+1","Cleave","Havoc"],"picked":"SKIP","floor":38},{"not_picked":["Havoc","Ghostly Armor","Thunderclap+1"],"picked":"SKIP","floor":39},{"not_picked":["Iron Wave","Pommel Strike","Armaments+1"],"picked":"SKIP","floor":40},{"not_picked":["Iron Wave","Pommel Strike","Armaments+1"],"picked":"SKIP","floor":40},{"not_picked":["Dropkick","Carnage","Heavy Blade"],"picked":"SKIP","floor":42},{"not_picked":["Entrench","Feed","Perfected Strike"],"picked":"SKIP","floor":45},{"not_picked":["Reckless Charge","Clash","Thunderclap"],"picked":"SKIP","floor":46},{"not_picked":["Anger","Thunderclap"],"picked":"Sword Boomerang","floor":48},{"not_picked":["Rupture","Sword Boomerang"],"picked":"Sentinel","floor":55}],"player_experience":2525811,"relics_obtained":[{"floor":9.0,"key":"Smiling Mask"},{"floor":10.0,"key":"Strawberry"},{"floor":12.0,"key":"Happy Flower"},{"floor":24.0,"key":"Akabeko"},{"floor":26.0,"key":"Bronze Scales"},{"floor":34.0,"key":"Meat on the Bone"},{"floor":34.0,"key":"Charon\u0027s Ashes"},{"floor":34.0,"key":"War Paint"},{"floor":40,"key":"White Beast Statue"},{"floor":43,"key":"Ornamental Fan"},{"floor":46,"key":"Centennial Puzzle"},{"floor":55,"key":"Boot"}],"event_choices":[{"cards_removed":["Strike_R"],"damage_healed":0.0,"max_hp_gain":0.0,"max_hp_loss":0.0,"gold_gain":0.0,"event_name":"Purifier","player_choice":"Purged","floor":2.0,"gold_loss":0.0,"damage_taken":0.0},{"damage_healed":0.0,"max_hp_gain":0.0,"max_hp_loss":0.0,"gold_gain":0.0,"event_name":"Liars Game","player_choice":"Ignored","floor":7.0,"gold_loss":0.0,"damage_taken":0.0},{"cards_removed":["Defend_R"],"damage_healed":0.0,"max_hp_gain":0.0,"max_hp_loss":0.0,"gold_gain":0.0,"event_name":"Back to Basics","player_choice":"Elegance","floor":19.0,"gold_loss":0.0,"damage_taken":0.0},{"damage_healed":0.0,"max_hp_gain":0.0,"max_hp_loss":0.0,"gold_gain":0.0,"event_name":"Duplicator","player_choice":"Copied","floor":20.0,"gold_loss":0.0,"damage_taken":0.0,"cards_obtained":["Reaper"]},{"cards_removed":["Strike_R"],"damage_healed":0.0,"max_hp_gain":0.0,"max_hp_loss":0.0,"gold_gain":0.0,"event_name":"Purifier","player_choice":"Purged","floor":27.0,"gold_loss":0.0,"damage_taken":0.0},{"damage_healed":0.0,"max_hp_gain":0.0,"max_hp_loss":0.0,"gold_gain":0.0,"event_name":"The Woman in Blue","player_choice":"Bought 0 Potions","floor":36.0,"gold_loss":0.0,"damage_taken":0.0}],"is_beta":false,"boss_relics":[{"not_picked":["Mark of Pain","Empty Cage"],"picked":"Snecko Eye"},{"not_picked":["Busted Crown","Runic Cube"],"picked":"Calling Bell"}],"items_purged_floors":[14,28,37,47],"is_endless":false,"potions_floor_spawned":[1,3,10,16,18,25,29,31,38,42,45,46,48,55],"killed_by":"The Heart","ascension_level":20,"potion_discard_per_floor":[[],[],[],[],[],[],[],[],[],[],[],[],[],[],[],[],[],[],[],[],[],[],[],[],[],[],[],[],[],[],[],[],[],[],[],[],[],["Fire Potion"],[],[],[],[],[],[],[],["Energy Potion"],[],[],[],[],[],[],[],[],[],[]]}