{"neow_bonuses_skipped_log":["UPGRADE_CARD","REMOVE_TWO","BOSS_RELIC"],"potions_obtained_entropic_brew":[[],[],[],[],[],[]],"neow_costs_skipped_log":["NONE","NO_GOLD","NONE"],"gold_per_floor":[113,131,146,62,62,62],"floor_reached":6,"playtime":153,"items_purged":[],"score":72,"play_id":"d8b884c2-dac8-4af4-b193-af0c23131776","local_time":"20240619212547","score_breakdown":["Floors Climbed (6): 30","Enemies Slain (3): 6","Exordium Elites Killed (0): 0","Bosses Slain (0): 0","Ascension (20): 36"],"is_ascension_mode":true,"potions_obtained_alchemize":[[],[],[],[],[],[]],"campfire_choices":[],"lesson_learned_per_floor":[[],[],[],[],[],[]],"neow_cost":"NONE","improvable_cards":{},"seed_source_timestamp":664709915451900,"shop_contents":[{"floor":4,"relics":["StoneCalendar","Molten Egg 2","Toolbox"],"cards":["Body Slam","Pommel Strike","True Grit","Fire Breathing","Enlightenment","The Bomb"],"potions":["FearPotion","DistilledChaos","BlessingOfTheForge"]}],"circlet_count":0,"master_deck":["AscendersBane","Strike_R","Strike_R","Strike_R","Strike_R","Strike_R","Defend_R","Defend_R","Defend_R","Defend_R","Bash","Infernal Blade","Combust","Cleave","Impervious"],"potion_use_per_floor":[[],[],[],[],[],[]],"relics":["Burning Blood","NeowsBlessing"],"potions_floor_usage":[],"damage_taken":[{"damage":0,"enemies":"Small Slimes","floor":1,"turns":2},{"damage":0,"enemies":"Cultist","floor":2,"turns":1},{"damage":0,"enemies":"2 Louse","floor":3,"turns":1},{"damage":78,"enemies":"Gremlin Nob","floor":6,"turns":5}],"seed_played":"-595577434800877660","neow_bonus_log":{"cardsObtained":[],"cardsUpgraded":[],"cardsRemoved":[],"cardsTransformed":[],"relicsObtained":["NeowsBlessing"],"maxHpGained":0,"goldGained":0,"damageTaken":0,"goldLost":0,"maxHpLost":0},"potions_obtained":[{"floor":1,"key":"Regen Potion"},{"floor":3,"key":"HeartOfIron"}],"is_trial":false,"path_per_floor":["M","M","M","$","?","E"],"character_chosen":"IRONCLAD","basemod:card_modifiers":[null,null,null,null,null,null,null,null,null,null,null,null,null,null,null],"items_purchased":["Impervious"],"campfire_rested":0,"item_purchase_floors":[4],"current_hp_per_floor":[74,75,75,75,75,0],"gold":62,"neow_bonus":"THREE_ENEMY_KILL","is_prod":false,"is_daily":false,"rewards_skipped":[],"chose_seed":false,"campfire_upgraded":0,"win_rate":0,"floor_exit_playtime":[47,55,69,88,102],"timestamp":1718846747,"path_taken":["M","M","M","$","?","E"],"build_version":"2022-12-18","purchased_purges":0,"victory":false,"max_hp_per_floor":[75,75,75,75,75,75],"relic_stats":{"counters":[4,9],"obtain_stats":[{"NeowsBlessing":0,"Burning Blood":0},{"NeowsBlessing":0,"Burning Blood":0},{"NeowsBlessing":0,"Burning Blood":0}],"Burning Blood":7},"card_choices":[{"not_picked":["Inflame","Searing Blow"],"picked":"Infernal Blade","floor":1},{"not_picked":["Clothesline","Shrug It Off"],"picked":"Combust","floor":2},{"not_picked":["Heavy Blade","Intimidate"],"picked":"Cleave","floor":3}],"player_experience":2552761,"relics_obtained":[],"event_choices":[{"damage_healed":0,"gold_gain":0,"player_choice":"Full Heal","damage_taken":0,"max_hp_gain":0,"max_hp_loss":0,"event_name":"Wheel of Change","floor":5,"gold_loss":0}],"is_beta":false,"boss_relics":[],"items_purged_floors":[],"is_endless":false,"potions_floor_spawned":[1,3],"killed_by":"Gremlin Nob","ascension_level":20,"potion_discard_per_floor":[[],[],[],[],[],[]]}