{"neow_bonuses_skipped_log":["TRANSFORM_CARD","TRANSFORM_TWO_CARDS","BOSS_RELIC"],"potions_obtained_entropic_brew":[[],[],[],[],[],[],[],[],[],[],[],[],[],[],[],[],[],[],[],[],[],[],[],[],[],[],[],[],[],[],[],[],[],[],[],[],[],[],[],[],[],[],[],[],[],[],[],[],[],[],[],[],[],[],[],[],[]],"neow_costs_skipped_log":["NONE","PERCENT_DAMAGE","NONE"],"gold_per_floor":[119,119,132,148,160,160,180,211,211,50,50,81,6,31,31,108,108,120,170,180,40,40,65,65,90,114,114,124,143,161,196,196,271,271,287,1286,1334,1361,1376,1410,1424,1424,1450,1464,563,563,580,599,599,599,599,599,599,8,33,33],"floor_reached":57,"playtime":3744,"items_purged":["Strike_R","Strike_R","Normality"],"score":2949,"play_id":"e431fa4d-150e-4048-8a3c-952f53ecb9c2","local_time":"20240701155328","score_breakdown":["Floors Climbed (57): 285","Enemies Slain (16): 32","Exordium Elites Killed (3): 30","City Elites Killed (3): 60","Beyond Elites Killed (1): 30","Bosses Slain (5): 750","Money Money (1862): 25","Stuffed: 50","Champion (1): 25","Perfect (2): 100","Ascension (20): 1312","Heartbreaker: 250"],"is_ascension_mode":true,"potions_obtained_alchemize":[[],[],[],[],[],[],[],[],[],[],[],[],[],[],[],[],[],[],[],[],[],[],[],[],[],[],[],[],[],[],[],[],[],[],[],[],[],[],[],[],[],[],[],[],[],[],[],[],[],[],[],[],[],[],[],[],[]],"campfire_choices":[{"data":"Pommel Strike","floor":6.0,"key":"SMITH"},{"data":"Feed","floor":11.0,"key":"SMITH"},{"data":"Bloodletting","floor":15.0,"key":"SMITH"},{"data":"Dark Embrace","floor":24.0,"key":"SMITH"},{"data":"Offering","floor":27.0,"key":"SMITH"},{"data":"Battle Trance","floor":32.0,"key":"SMITH"},{"floor":42,"key":"RECALL"},{"floor":46,"key":"REST"},{"floor":49,"key":"REST"},{"floor":53,"key":"REST"}],"lesson_learned_per_floor":[[],[],[],[],[],[],[],[],[],[],[],[],[],[],[],[],[],[],[],[],[],[],[],[],[],[],[],[],[],[],[],[],[],[],[],[],[],[],[],[],[],[],[],[],[],[],[],[],[],[],[],[],[],[],[],[],[]],"neow_cost":"NONE","improvable_cards":{},"seed_source_timestamp":1677928474134500,"shop_contents":[{"floor":10,"relics":["Meat on the Bone","StoneCalendar"],"cards":["Sword Boomerang","Hemokinesis","Power Through","Seeing Red","Combust","PanicButton","Panache"],"potions":["BlessingOfTheForge","ColorlessPotion","Strength Potion"]},{"floor":13,"relics":["Whetstone","Du-Vu Doll","ClockworkSouvenir"],"cards":["Perfected Strike","Pummel","Shrug It Off","Ghostly Armor","Metallicize","PanicButton","Violence"],"potions":["Dexterity Potion","Dexterity Potion","Swift Potion"]},{"floor":21,"relics":["Potion Belt","Ancient Tea Set","Medical Kit"],"cards":["Thunderclap","Body Slam","Rage","Intimidate","Discovery","Magnetism"],"potions":["AttackPotion","Weak Potion","Dexterity Potion"]},{"floor":45,"relics":[],"cards":["Body Slam","Headbutt","True Grit","Warcry","Barricade","Deep Breath","The Bomb"],"potions":["Weak Potion"]},{"floor":54,"relics":["Chemical X"],"cards":["Heavy Blade","Clash","Dual Wield","Armaments","Metallicize","Panache"],"potions":["FairyPotion","EssenceOfSteel","SmokeBomb"]}],"circlet_count":0,"master_deck":["AscendersBane","Strike_R","Strike_R","Defend_R","Defend_R","Defend_R","Defend_R","Bash","Dark Embrace+1","Pommel Strike+1","Battle Trance+1","Headbutt","Feed+1","Shrug It Off","Fiend Fire","Bloodletting+1","Offering+1","Twin Strike+1","Inflame","Shrug It Off","Offering","Warcry","Sentinel+1","Impervious","Rupture+1","Shrug It Off+1","Madness","Disarm"],"special_seed":0,"potion_use_per_floor":[[],[],[],[],["Explosive Potion"],[],[],[],[],[],[],["DuplicationPotion"],[],["FearPotion"],[],[],[],[],[],[],[],[],[],[],[],[],[],[],[],[],[],[],[],[],[],[],[],[],[],["ElixirPotion"],[],[],[],[],[],[],["BloodPotion"],[],[],[],[],[],[],[],[],["LiquidBronze","CultistPotion"],[]],"relics":["Burning Blood","Omamori","Singing Bowl","Vajra","Toolbox","Red Skull","Mercury Hourglass","Runic Pyramid","Question Card","Art of War","Gambling Chip","InkBottle","Fusion Hammer","Thread and Needle","Oddly Smooth Stone","Blue Candle","Orichalcum","Strawberry","HandDrill","White Beast Statue","Incense Burner","Bronze Scales","Pantograph"],"potions_floor_usage":[40,47,56,56],"damage_taken":[{"damage":16.0,"enemies":"Jaw Worm","floor":1.0,"turns":5.0},{"damage":6.0,"enemies":"Cultist","floor":3.0,"turns":4.0},{"damage":2.0,"enemies":"Small Slimes","floor":4.0,"turns":4.0},{"damage":4.0,"enemies":"3 Louse","floor":5.0,"turns":2.0},{"damage":6.0,"enemies":"Blue Slaver","floor":7.0,"turns":7.0},{"damage":44.0,"enemies":"Lagavulin","floor":8.0,"turns":8.0},{"damage":16.0,"enemies":"3 Sentries","floor":12.0,"turns":7.0},{"damage":0.0,"enemies":"Gremlin Nob","floor":14.0,"turns":1.0},{"damage":3.0,"enemies":"Slime Boss","floor":16.0,"turns":4.0},{"damage":6.0,"enemies":"Chosen","floor":18.0,"turns":3.0},{"damage":9.0,"enemies":"2 Thieves","floor":20.0,"turns":3.0},{"damage":46.0,"enemies":"Slavers","floor":23.0,"turns":4.0},{"damage":17.0,"enemies":"Gremlin Leader","floor":25.0,"turns":4.0},{"damage":6.0,"enemies":"Centurion and Healer","floor":28.0,"turns":2.0},{"damage":0.0,"enemies":"Snecko","floor":29.0,"turns":3.0},{"damage":10.0,"enemies":"Sentry and Sphere","floor":30.0,"turns":4.0},{"damage":15.0,"enemies":"Book of Stabbing","floor":31.0,"turns":2.0},{"damage":12.0,"enemies":"Automaton","floor":33.0,"turns":4.0},{"damage":6.0,"enemies":"3 Shapes","floor":35.0,"turns":5.0},{"damage":14,"enemies":"2 Orb Walkers","floor":37,"turns":3},{"damage":9,"enemies":"3 Darklings","floor":39,"turns":3},{"damage":42,"enemies":"Nemesis","floor":40,"turns":7},{"damage":16,"enemies":"Spire Growth","floor":41,"turns":2},{"damage":13,"enemies":"Jaw Worm Horde","floor":44,"turns":5},{"damage":11,"enemies":"Sphere and 2 Shapes","floor":47,"turns":7},{"damage":15,"enemies":"4 Shapes","floor":48,"turns":5},{"damage":83,"enemies":"Awakened One","floor":50,"turns":7},{"damage":43,"enemies":"Time Eater","floor":51,"turns":7},{"damage":28,"enemies":"Shield and Spear","floor":55,"turns":4},{"damage":58,"enemies":"The Heart","floor":56,"turns":6}],"green_key_taken_log":40,"seed_played":"-2799590427780819193","neow_bonus_log":{"cardsObtained":[],"cardsUpgraded":[],"cardsRemoved":[],"cardsTransformed":[],"relicsObtained":["Omamori"],"maxHpGained":0,"goldGained":0,"damageTaken":0,"goldLost":0,"maxHpLost":0},"potions_obtained":[{"floor":4.0,"key":"Explosive Potion"},{"floor":5.0,"key":"DuplicationPotion"},{"floor":12.0,"key":"FearPotion"},{"floor":18.0,"key":"SteroidPotion"},{"floor":23.0,"key":"ElixirPotion"},{"floor":40,"key":"SteroidPotion"},{"floor":47,"key":"LiquidBronze"}],"is_trial":false,"path_per_floor":["M","?","M","M","M","R","M","E","T","$","R","E","$","E","R","B",null,"M","?","M","$","?","E","R","E","T","R","M","M","M","E","R","B",null,"M","?","?","T","M","E","M","R","T","M","$","R","M","M","R","B","B",null,"R","$","E","B",null],"character_chosen":"IRONCLAD","basemod:card_modifiers":[null,null,null,null,null,null,null,null,null,null,null,null,null,null,null,null,null,null,null,null,null,null,null,null,null,null,null,null],"items_purchased":["Toolbox","Inflame","Strawberry","BloodPotion","CultistPotion","HandDrill","White Beast Statue","Incense Burner","Bronze Scales","Madness"],"campfire_rested":3,"item_purchase_floors":[10,21,45,45,45,45,45,54,54,54],"current_hp_per_floor":[58,58,58,62,64,64,64,29,29,29,29,23,23,29,29,32,70,70,70,73,73,73,37,37,30,30,30,34,42,42,39,39,37,96,102,102,100,100,103,67,63,63,63,62,69,114,144,141,163,90,57,143,171,171,149,119],"gold":33,"neow_bonus":"RANDOM_COMMON_RELIC","is_prod":false,"is_daily":false,"rewards_skipped":[{"floor":28,"relics":[],"potions":["Ancient Potion"]},{"floor":31,"relics":[],"potions":["LiquidMemories"]},{"floor":35,"relics":[],"potions":["Dexterity Potion"]},{"floor":44,"relics":[],"potions":["SteroidPotion"]},{"floor":48,"relics":[],"potions":["EssenceOfSteel"]},{"floor":55,"relics":[],"potions":["Dexterity Potion"]}],"chose_seed":false,"campfire_upgraded":6,"win_rate":0,"floor_exit_playtime":[58,68,99,136,161,169,231,347,349,363,378,475,490,520,530,602,620,673,678,727,748,753,834,847,946,950,970,1055,1129,1212,1366,1393,1585,1653,1811,1821,1918,1921,2067,2220,2290,2296,2299,2409,2449,2453,2621,2751,2754,3058,3320,3332,3335,3370,3570,3744],"timestamp":1719863608,"blue_key_relic_skipped_log":{"floor":26,"relicID":"Tiny Chest"},"path_taken":["M","?","M","M","M","R","M","E","T","$","R","E","?","E","R","BOSS","M","?","M","$","?","E","R","E","T","R","M","M","M","E","R","BOSS","M","?","?","?","M","E","M","R","T","M","$","R","?","M","R","BOSS","BOSS","R","$","E","BOSS"],"build_version":"2022-12-18","purchased_purges":3,"victory":true,"max_hp_per_floor":[75,75,75,75,75,75,75,78,78,78,78,82,82,82,82,82,82,82,82,88,88,88,92,92,96,96,96,100,102,106,112,112,116,116,122,122,128,128,134,134,140,140,140,146,153,153,157,163,163,167,171,171,171,171,171,171],"relic_stats":{"Singing Bowl":18,"counters":[30,131],"Blue Candle":[6],"Omamori":2,"Orichalcum":[36],"Question Card":16,"Burning Blood":180,"White Beast Statue":[0.0,0.0,0.0,0.4,0.0,0.6000000000000001,0.0,0.0,0.0,0.0,0.0,1.2200000000000002],"Mercury Hourglass":[387],"Gambling Chip":[38],"Bronze Scales":[114],"Pantograph":22,"Art of War":[14],"HandDrill":[6],"obtain_stats":[{"Singing Bowl":8,"Blue Candle":40,"Vajra":9,"Oddly Smooth Stone":38,"Thread and Needle":37,"Omamori":0,"Incense Burner":54,"Orichalcum":43,"Question Card":22,"Burning Blood":0,"White Beast Statue":45,"Mercury Hourglass":14,"Gambling Chip":25,"Strawberry":45,"Bronze Scales":54,"Pantograph":55,"Toolbox":10,"Fusion Hammer":34,"Art of War":23,"HandDrill":45,"Red Skull":12,"InkBottle":31,"Runic Pyramid":17},{"Singing Bowl":6,"Blue Candle":22,"Vajra":6,"Oddly Smooth Stone":20,"Thread and Needle":20,"Omamori":0,"Incense Burner":28,"Orichalcum":23,"Question Card":11,"Burning Blood":0,"White Beast Statue":24,"Mercury Hourglass":8,"Gambling Chip":13,"Strawberry":24,"Bronze Scales":28,"Pantograph":29,"Toolbox":6,"Fusion Hammer":18,"Art of War":12,"HandDrill":24,"Red Skull":7,"InkBottle":17,"Runic Pyramid":9},{"Singing Bowl":30,"Blue Candle":89,"Vajra":30,"Oddly Smooth Stone":79,"Thread and Needle":79,"Omamori":0,"Incense Burner":121,"Orichalcum":91,"Question Card":48,"Burning Blood":0,"White Beast Statue":96,"Mercury Hourglass":38,"Gambling Chip":56,"Strawberry":96,"Bronze Scales":121,"Pantograph":125,"Toolbox":30,"Fusion Hammer":71,"Art of War":52,"HandDrill":96,"Red Skull":37,"InkBottle":67,"Runic Pyramid":42}],"InkBottle":[28]},"card_choices":[{"not_picked":["Twin Strike","Clothesline"],"picked":"Dark Embrace","floor":1.0},{"not_picked":["Iron Wave","Headbutt"],"picked":"Pommel Strike","floor":3.0},{"not_picked":["Shrug It Off","Dual Wield"],"picked":"Battle Trance","floor":4.0},{"not_picked":["Clothesline","Havoc"],"picked":"Headbutt","floor":5.0},{"not_picked":["Intimidate","Havoc"],"picked":"Feed","floor":7.0},{"not_picked":["Pommel Strike","Warcry"],"picked":"Shrug It Off","floor":8.0},{"not_picked":["True Grit","Impervious"],"picked":"Fiend Fire","floor":12.0},{"not_picked":["Clothesline","Sentinel"],"picked":"Bloodletting","floor":14.0},{"not_picked":["Brutality","Berserk"],"picked":"Offering","floor":16.0},{"not_picked":["Shrug It Off","Carnage"],"picked":"Twin Strike+1","floor":18.0},{"not_picked":["Reckless Charge","Perfected Strike","Clothesline"],"picked":"Singing Bowl","floor":20.0},{"not_picked":["Headbutt","Entrench","Inflame"],"picked":"Shrug It Off","floor":23.0},{"not_picked":["Sentinel","Headbutt","Heavy Blade"],"picked":"Offering","floor":25.0},{"not_picked":["Dark Embrace+1","Searing Blow","Body Slam"],"picked":"Warcry","floor":28.0},{"not_picked":["Flex","Perfected Strike","Pommel Strike","Shrug It Off"],"picked":"Singing Bowl","floor":29.0},{"not_picked":["Armaments","Double Tap","Flex"],"picked":"Sentinel+1","floor":30.0},{"not_picked":["Body Slam","Reckless Charge","Cleave","Shrug It Off"],"picked":"Singing Bowl","floor":31.0},{"not_picked":["Bludgeon","Limit Break","Barricade"],"picked":"Impervious","floor":33.0},{"not_picked":["Havoc","Pommel Strike","Infernal Blade","Shrug It Off"],"picked":"Singing Bowl","floor":35.0},{"not_picked":["Dropkick+1","Flex","Wild Strike","Spot Weakness"],"picked":"Singing Bowl","floor":37},{"not_picked":["Havoc","Twin Strike+1","Dual Wield","Whirlwind"],"picked":"Singing Bowl","floor":39},{"not_picked":["Burning Pact","Dropkick","Body Slam"],"picked":"Rupture+1","floor":40},{"not_picked":["Spot Weakness+1","Havoc","Infernal Blade","Sword Boomerang"],"picked":"Singing Bowl","floor":41},{"not_picked":["Pommel Strike","Dark Embrace","Dropkick+1","Fire Breathing"],"picked":"Singing Bowl","floor":44},{"not_picked":["Flame Barrier","Cleave","Wild Strike+1"],"picked":"Shrug It Off+1","floor":47},{"not_picked":["Flex","Berserk","Thunderclap","Clash"],"picked":"Singing Bowl","floor":48},{"not_picked":["Heavy Blade","Thunderclap","Rupture"],"picked":"Disarm","floor":55}],"player_experience":2592264,"relics_obtained":[{"floor":8.0,"key":"Singing Bowl"},{"floor":9.0,"key":"Vajra"},{"floor":12.0,"key":"Red Skull"},{"floor":14.0,"key":"Mercury Hourglass"},{"floor":23.0,"key":"Art of War"},{"floor":25.0,"key":"Gambling Chip"},{"floor":31.0,"key":"InkBottle"},{"floor":37,"key":"Thread and Needle"},{"floor":38,"key":"Oddly Smooth Stone"},{"floor":40,"key":"Blue Candle"},{"floor":43,"key":"Orichalcum"},{"floor":55,"key":"Pantograph"}],"event_choices":[{"cards_removed":["Strike_R"],"damage_healed":0.0,"max_hp_gain":0.0,"max_hp_loss":0.0,"gold_gain":0.0,"event_name":"Bonfire Elementals","player_choice":"Offered Basic","floor":2.0,"gold_loss":0.0,"damage_taken":0.0},{"damage_healed":0.0,"max_hp_gain":0.0,"max_hp_loss":0.0,"gold_gain":50.0,"event_name":"Nest","player_choice":"Stole From Cult","floor":19.0,"gold_loss":0.0,"damage_taken":0.0},{"damage_healed":0.0,"max_hp_gain":0.0,"max_hp_loss":0.0,"gold_gain":0.0,"event_name":"Addict","player_choice":"Stole Relic","floor":22.0,"gold_loss":0.0,"damage_taken":0.0,"relics_obtained":["Question Card"],"cards_obtained":["Shame"]},{"damage_healed":0.0,"max_hp_gain":0.0,"max_hp_loss":0.0,"gold_gain":999.0,"event_name":"MindBloom","player_choice":"Gold","floor":36.0,"gold_loss":0.0,"damage_taken":0.0,"cards_obtained":["Normality","Normality"]},{"damage_healed":0,"gold_gain":0,"player_choice":"Fight","damage_taken":0,"max_hp_gain":0,"max_hp_loss":0,"event_name":"Mysterious Sphere","floor":37,"gold_loss":0}],"is_beta":false,"boss_relics":[{"not_picked":["Runic Cube","Tiny House"],"picked":"Runic Pyramid"},{"not_picked":["Busted Crown","Empty Cage"],"picked":"Fusion Hammer"}],"items_purged_floors":[13,21,45],"is_endless":false,"potions_floor_spawned":[4,5,12,18,23,28,31,35,40,44,47,48,55],"ascension_level":20,"potion_discard_per_floor":[[],[],[],[],[],[],[],[],[],[],[],[],[],[],[],[],[],[],[],[],[],[],[],[],[],[],[],[],[],[],[],[],[],[],[],[],[],[],[],[],[],[],[],[],["SteroidPotion","SteroidPotion"],[],[],[],[],[],[],[],[],[],[],[],[]]}