{"neow_bonuses_skipped_log":["THREE_CARDS","TEN_PERCENT_HP_BONUS","BOSS_RELIC"],"potions_obtained_entropic_brew":[[],[],[],[],[],[],[],[],[],[],[],[],[],[],[],[],[],[],[],[],[],[],[]],"neow_costs_skipped_log":["NONE","NONE","NONE"],"gold_per_floor":[20,20,41,56,74,74,109,109,189,264,282,29,67,80,80,179,179,198,198,198,198,216,216],"floor_reached":23,"playtime":994,"items_purged":[],"score":427,"play_id":"0a604783-decc-47f6-93f6-e6126c6e2223","local_time":"20240701145000","score_breakdown":["Floors Climbed (23): 115","Enemies Slain (8): 16","Exordium Elites Killed (2): 20","City Elites Killed (0): 0","Bosses Slain (1): 50","Collector (1): 25","Ascension (20): 201"],"is_ascension_mode":true,"potions_obtained_alchemize":[[],[],[],[],[],[],[],[],[],[],[],[],[],[],[],[],[],[],[],[],[],[],[]],"campfire_choices":[{"data":"Whirlwind","floor":6.0,"key":"SMITH"},{"data":"Bludgeon","floor":8.0,"key":"SMITH"},{"data":"Apotheosis","floor":15.0,"key":"SMITH"}],"lesson_learned_per_floor":[[],[],[],[],[],[],[],[],[],[],[],[],[],[],[],[],[],[],[],[],[],[],[]],"neow_cost":"NO_GOLD","improvable_cards":{},"seed_source_timestamp":1676868966226000,"shop_contents":[{"floor":12,"relics":["Nunchaku","Mango","DollysMirror"],"cards":["Rampage","Clash","Power Through","Havoc","Juggernaut","Jack Of All Trades"],"potions":["ColorlessPotion","FearPotion"]}],"circlet_count":0,"master_deck":["AscendersBane","Defend_R","Defend_R","Defend_R","Bash","Ghostly Armor","Sword Boomerang","Whirlwind+1","Pommel Strike","Flame Barrier","Shrug It Off","Bludgeon+1","Shockwave","Apotheosis+1","Second Wind","Double Tap","Anger+1","Bite","Bite","Bite","Bite","Bite","Burning Pact"],"special_seed":0,"potion_use_per_floor":[[],[],[],[],[],[],["Dexterity Potion","ColorlessPotion"],[],[],[],[],[],["Fire Potion"],[],[],["LiquidMemories"],[],[],[],[],[],[],["Dexterity Potion"]],"relics":["Burning Blood","Golden Idol","Thread and Needle","Sundial","Red Skull","Runic Pyramid","Nilry\u0027s Codex"],"potions_floor_usage":[23],"damage_taken":[{"damage":1.0,"enemies":"Cultist","floor":1.0,"turns":3.0},{"damage":5.0,"enemies":"Small Slimes","floor":3.0,"turns":4.0},{"damage":2.0,"enemies":"Jaw Worm","floor":4.0,"turns":2.0},{"damage":2.0,"enemies":"Exordium Wildlife","floor":5.0,"turns":5.0},{"damage":13.0,"enemies":"Lagavulin","floor":7.0,"turns":10.0},{"damage":0.0,"enemies":"Large Slime","floor":11.0,"turns":4.0},{"damage":6.0,"enemies":"3 Sentries","floor":13.0,"turns":6.0},{"damage":1.0,"enemies":"Blue Slaver","floor":14.0,"turns":4.0},{"damage":8.0,"enemies":"Slime Boss","floor":16.0,"turns":6.0},{"damage":7,"enemies":"Spheric Guardian","floor":18,"turns":6},{"damage":3,"enemies":"Chosen","floor":22,"turns":7},{"damage":58,"enemies":"Slavers","floor":23,"turns":5}],"seed_played":"3838975785004502372","neow_bonus_log":{"cardsObtained":["Ghostly Armor","Sword Boomerang"],"cardsUpgraded":[],"cardsRemoved":[],"cardsTransformed":["Strike_R","Defend_R"],"relicsObtained":[],"maxHpGained":0,"goldGained":0,"damageTaken":0,"goldLost":99,"maxHpLost":0},"potions_obtained":[{"floor":1.0,"key":"Dexterity Potion"},{"floor":5.0,"key":"ColorlessPotion"},{"floor":13.0,"key":"LiquidMemories"},{"floor":16.0,"key":"Dexterity Potion"},{"floor":22,"key":"SmokeBomb"}],"is_trial":false,"path_per_floor":["M","?","M","M","M","R","E","R","T","?","M","$","E","M","R","B",null,"M","?","?","?","M","E"],"character_chosen":"IRONCLAD","basemod:card_modifiers":[null,null,null,null,null,null,null,null,null,null,null,null,null,null,null,null,null,null,null,null,null,null,null],"items_purchased":["Apotheosis","Fire Potion"],"campfire_rested":0,"item_purchase_floors":[12,12],"current_hp_per_floor":[73,47,48,52,56,56,49,49,49,38,44,44,44,49,49,47,68,67,52,52,31,46,0],"gold":216,"neow_bonus":"TRANSFORM_TWO_CARDS","is_prod":false,"is_daily":false,"rewards_skipped":[],"chose_seed":false,"campfire_upgraded":3,"win_rate":0,"floor_exit_playtime":[35,39,98,127,180,185,260,266,268,272,312,323,419,452,456,546,558,637,737,750,761,869],"timestamp":1719859800,"path_taken":["M","?","M","M","M","R","E","R","T","?","M","$","E","M","R","BOSS","M","?","?","?","M","E"],"build_version":"2022-12-18","purchased_purges":0,"victory":false,"max_hp_per_floor":[75,75,75,75,75,75,75,75,75,75,75,75,75,75,75,75,75,75,52,52,52,52,52],"relic_stats":{"counters":[12,62],"Golden Idol":61,"Sundial":[4],"Nilry\u0027s Codex":[0,3,0,9],"obtain_stats":[{"Golden Idol":2,"Sundial":9,"Nilry\u0027s Codex":21,"Thread and Needle":7,"Burning Blood":0,"Red Skull":13,"Runic Pyramid":17},{"Golden Idol":1,"Sundial":5,"Nilry\u0027s Codex":10,"Thread and Needle":5,"Burning Blood":0,"Red Skull":7,"Runic Pyramid":9},{"Golden Idol":3,"Sundial":24,"Nilry\u0027s Codex":50,"Thread and Needle":24,"Burning Blood":0,"Red Skull":34,"Runic Pyramid":44}],"Burning Blood":66},"card_choices":[{"not_picked":["Battle Trance","True Grit"],"picked":"Whirlwind","floor":1.0},{"not_picked":["Wild Strike","Clothesline"],"picked":"Pommel Strike","floor":3.0},{"not_picked":["Burning Pact","Shrug It Off"],"picked":"Flame Barrier","floor":4.0},{"not_picked":["Headbutt","Flex"],"picked":"Shrug It Off","floor":5.0},{"not_picked":["Wild Strike","Flame Barrier"],"picked":"Bludgeon","floor":7.0},{"not_picked":["Clash","Metallicize"],"picked":"Shockwave","floor":11.0},{"not_picked":["Flame Barrier","Demon Form"],"picked":"Second Wind","floor":13.0},{"not_picked":["Clothesline","Thunderclap","Havoc"],"picked":"SKIP","floor":14.0},{"not_picked":["Bludgeon","Limit Break"],"picked":"Double Tap","floor":16.0},{"not_picked":["Havoc","Evolve"],"picked":"Anger+1","floor":18},{"not_picked":["Sword Boomerang","Thunderclap","Sever Soul","Blood for Blood","Clash","Clothesline","Pommel Strike","True Grit","Cleave","Warcry","Iron Wave","Uppercut","Twin Strike","Flex","Flame Barrier","Rampage","Shrug It Off","Metallicize","Second Wind"],"picked":"Burning Pact","floor":20},{"not_picked":["Iron Wave","Carnage","Second Wind"],"picked":"SKIP","floor":22}],"player_experience":2591270,"relics_obtained":[{"floor":7.0,"key":"Thread and Needle"},{"floor":9.0,"key":"Sundial"},{"floor":13.0,"key":"Red Skull"},{"floor":21,"key":"Nilry\u0027s Codex"}],"event_choices":[{"damage_healed":0.0,"max_hp_gain":0.0,"max_hp_loss":0.0,"gold_gain":0.0,"event_name":"Golden Idol","player_choice":"Take Damage","floor":2.0,"gold_loss":0.0,"damage_taken":26.0,"relics_obtained":["Golden Idol"]},{"damage_healed":0.0,"max_hp_gain":0.0,"max_hp_loss":0.0,"gold_gain":75.0,"event_name":"World of Goop","player_choice":"Gather Gold","floor":10.0,"gold_loss":0.0,"damage_taken":11.0},{"damage_healed":0,"gold_gain":0,"player_choice":"Became a vampire","damage_taken":0,"max_hp_gain":0,"max_hp_loss":23,"event_name":"Vampires","floor":19,"gold_loss":0,"cards_obtained":["Bite","Bite","Bite","Bite","Bite"]},{"damage_healed":0,"gold_gain":0,"player_choice":"Read","damage_taken":0,"max_hp_gain":0,"max_hp_loss":0,"event_name":"The Library","floor":20,"gold_loss":0,"cards_obtained":["Burning Pact"]},{"damage_healed":0,"gold_gain":0,"player_choice":"Obtained Book","damage_taken":21,"max_hp_gain":0,"max_hp_loss":0,"event_name":"Cursed Tome","floor":21,"gold_loss":0}],"is_beta":false,"boss_relics":[{"not_picked":["Runic Dome","Astrolabe"],"picked":"Runic Pyramid"}],"items_purged_floors":[],"is_endless":false,"potions_floor_spawned":[1,5,13,16,22],"killed_by":"Slavers","ascension_level":20,"potion_discard_per_floor":[[],[],[],[],[],[],[],[],[],[],[],[],[],[],[],[],[],[],[],[],[],[],[]]}