{"neow_bonuses_skipped_log":["REMOVE_CARD","TEN_PERCENT_HP_BONUS","BOSS_RELIC"],"neow_costs_skipped_log":["NONE","NONE","NONE"],"potions_obtained_entropic_brew":[[],[],[],[],[],[],[],[],[],[],[],[],[],[],[],[],[],[],[],[],[],[],[],[],[],[],[]],"gold_per_floor":[111,123,141,158,171,171,204,219,243,253,253,286,344,66,66,143,143,156,166,166,66,66,66,81,81,81,81],"floor_reached":27,"playtime":939,"items_purged":["Strike_R","Strike_R"],"score":450,"play_id":"064b1866-d1dd-4a36-a2f8-24b0cff9412b","local_time":"20240626185719","score_breakdown":["Floors Climbed (27): 135","Enemies Slain (10): 20","Exordium Elites Killed (2): 20","City Elites Killed (0): 0","Bosses Slain (1): 50","Ascension (20): 225"],"is_ascension_mode":true,"potions_obtained_alchemize":[[],[],[],[],[],[],[],[],[],[],[],[],[],[],[],[],[],[],[],[],[],[],[],[],[],[],[]],"campfire_choices":[{"data":"Blood for Blood","floor":6,"key":"SMITH"},{"floor":15,"key":"REST"},{"data":"Corruption","floor":23,"key":"SMITH"},{"floor":25,"key":"REST"}],"lesson_learned_per_floor":[[],[],[],[],[],[],[],[],[],[],[],[],[],[],[],[],[],[],[],[],[],[],[],[],[],[],[]],"neow_cost":"PERCENT_DAMAGE","improvable_cards":{},"seed_source_timestamp":1259803906170700,"shop_contents":[{"floor":14,"relics":["Ancient Tea Set","Oddly Smooth Stone"],"cards":["Pummel","Anger","Power Through","Warcry","Impatience","Magnetism"],"potions":["EssenceOfSteel","Energy Potion","Dexterity Potion"]},{"floor":21,"relics":["Gambling Chip","Self Forming Clay","TheAbacus"],"cards":["Sever Soul","Headbutt","True Grit","Intimidate","Metallicize","PanicButton","Secret Weapon"],"potions":["Dexterity Potion","SkillPotion","LiquidMemories"]}],"circlet_count":0,"master_deck":["AscendersBane","Strike_R","Strike_R","Defend_R","Defend_R","Defend_R","Bash","Iron Wave","Infernal Blade","Anger","Armaments+1","Flex","Feel No Pain","Blood for Blood+1","True Grit","Inflame","Metallicize","Thunderclap","Bloodletting","Shrug It Off","Intimidate","Fire Breathing","Corruption+1","Shrug It Off","Shrug It Off+1"],"special_seed":0,"potion_use_per_floor":[[],[],[],[],[],[],["Fire Potion"],[],[],[],[],[],[],[],[],["Fire Potion"],[],["SkillPotion"],["Block Potion"],[],[],[],[],[],[],[],[]],"relics":["Burning Blood","Happy Flower","Vajra","Bronze Scales","Art of War","Orrery","Philosopher\u0027s Stone","Enchiridion","Torii","The Courier"],"potions_floor_usage":[7,16,18,19],"damage_taken":[{"damage":0.0,"enemies":"Cultist","floor":1.0,"turns":2.0},{"damage":10.0,"enemies":"Small Slimes","floor":2.0,"turns":3.0},{"damage":3.0,"enemies":"2 Louse","floor":3.0,"turns":2.0},{"damage":8.0,"enemies":"Blue Slaver","floor":4.0,"turns":3.0},{"damage":1,"enemies":"Looter","floor":5,"turns":4},{"damage":15,"enemies":"Lagavulin","floor":7,"turns":7},{"damage":21,"enemies":"Exordium Thugs","floor":8,"turns":4},{"damage":6,"enemies":"Exordium Wildlife","floor":10,"turns":4},{"damage":29,"enemies":"Gremlin Nob","floor":12,"turns":4},{"damage":6,"enemies":"Gremlin Nob","floor":13,"turns":3},{"damage":31,"enemies":"Slime Boss","floor":16,"turns":8},{"damage":9,"enemies":"Shell Parasite","floor":18,"turns":5},{"damage":0,"enemies":"Spheric Guardian","floor":19,"turns":5},{"damage":10,"enemies":"Snake Plant","floor":24,"turns":4},{"damage":60,"enemies":"Slavers","floor":27,"turns":4}],"seed_played":"6777315476550808512","neow_bonus_log":{"cardsObtained":["Iron Wave","Infernal Blade"],"cardsUpgraded":[],"cardsRemoved":[],"cardsTransformed":["Strike_R","Defend_R"],"relicsObtained":[],"maxHpGained":0,"goldGained":0,"damageTaken":18,"goldLost":0,"maxHpLost":0},"potions_obtained":[{"floor":1.0,"key":"Fire Potion"},{"floor":3.0,"key":"LiquidBronze"},{"floor":10,"key":"Fire Potion"},{"floor":16,"key":"SkillPotion"},{"floor":18,"key":"Block Potion"}],"is_trial":false,"path_per_floor":["M","M","M","M","M","R","E","M","T","M","?","E","?","$","R","B",null,"M","M","?","$","T","R","M","R","T","E"],"character_chosen":"IRONCLAD","basemod:card_modifiers":[null,null,null,null,null,null,null,null,null,null,null,null,null,null,null,null,null,null,null,null,null,null,null,null,null],"items_purchased":["Orrery","Fire Breathing"],"campfire_rested":2,"item_purchase_floors":[14,14],"current_hp_per_floor":[56,52,55,53,58,58,49,34,34,34,34,11,11,11,33,8,58,55,61,40,40,40,40,36,58,58,0],"gold":81,"neow_bonus":"TRANSFORM_TWO_CARDS","is_prod":false,"is_daily":false,"rewards_skipped":[{"floor":5,"relics":[],"potions":["ElixirPotion"]}],"chose_seed":false,"campfire_upgraded":2,"win_rate":0,"floor_exit_playtime":[30,61,88,114,149,156,234,281,288,348,357,408,454,521,526,637,651,719,777,784,796,798,805,851,858,864],"timestamp":1719442639,"path_taken":["M","M","?","M","M","R","E","M","T","M","?","E","?","?","R","BOSS","M","M","?","?","?","R","M","R","T","E"],"build_version":"2022-12-18","purchased_purges":2,"victory":false,"max_hp_per_floor":[75,75,75,75,75,75,75,75,75,75,75,75,75,75,75,75,75,75,75,75,75,75,75,75,75,75,75],"relic_stats":{"Happy Flower":[13],"Torii":8,"counters":[15,62],"Bronze Scales":[72],"The Courier":0,"Art of War":[3],"obtain_stats":[{"Happy Flower":7,"Torii":22,"Bronze Scales":12,"Vajra":9,"Orrery":14,"Enchiridion":20,"Philosopher\u0027s Stone":17,"The Courier":26,"Art of War":13,"Burning Blood":0},{"Happy Flower":6,"Torii":13,"Bronze Scales":9,"Vajra":7,"Orrery":10,"Enchiridion":13,"Philosopher\u0027s Stone":11,"The Courier":14,"Art of War":10,"Burning Blood":0},{"Happy Flower":21,"Torii":54,"Bronze Scales":33,"Vajra":25,"Orrery":36,"Enchiridion":54,"Philosopher\u0027s Stone":44,"The Courier":58,"Art of War":36,"Burning Blood":0}],"Burning Blood":84},"card_choices":[{"not_picked":["Reckless Charge","Clash"],"picked":"Anger","floor":1.0},{"not_picked":["Heavy Blade","Wild Strike"],"picked":"Armaments","floor":2.0},{"not_picked":["Body Slam","Infernal Blade"],"picked":"Flex","floor":3.0},{"not_picked":["Sword Boomerang","Shrug It Off"],"picked":"Feel No Pain","floor":4.0},{"not_picked":["Dropkick","Wild Strike"],"picked":"Blood for Blood","floor":5},{"not_picked":["Clothesline","Sword Boomerang"],"picked":"True Grit","floor":7},{"not_picked":["Havoc","Second Wind"],"picked":"Inflame","floor":8},{"not_picked":["Clash","Wild Strike"],"picked":"Metallicize","floor":10},{"not_picked":["Rupture","Anger"],"picked":"Thunderclap","floor":12},{"not_picked":["Havoc","Double Tap"],"picked":"Bloodletting","floor":13},{"not_picked":["Twin Strike","Havoc"],"picked":"Shrug It Off","floor":14},{"not_picked":["Pommel Strike","True Grit"],"picked":"Intimidate","floor":14},{"not_picked":["Sword Boomerang","Headbutt","Dual Wield"],"picked":"SKIP","floor":14},{"not_picked":["Dual Wield","Cleave","Hemokinesis"],"picked":"SKIP","floor":14},{"not_picked":["Wild Strike","Headbutt","Flex"],"picked":"SKIP","floor":14},{"not_picked":["Limit Break","Fiend Fire"],"picked":"Corruption","floor":16},{"not_picked":["Cleave","Hemokinesis"],"picked":"Shrug It Off","floor":18},{"not_picked":["Intimidate","Entrench"],"picked":"Shrug It Off+1","floor":19},{"not_picked":["Sword Boomerang","Cleave","Flex"],"picked":"SKIP","floor":24}],"player_experience":2570952,"relics_obtained":[{"floor":7,"key":"Happy Flower"},{"floor":9,"key":"Vajra"},{"floor":12,"key":"Bronze Scales"},{"floor":13,"key":"Art of War"},{"floor":20,"key":"Enchiridion"},{"floor":22,"key":"Torii"},{"floor":26,"key":"The Courier"}],"event_choices":[{"damage_healed":0,"gold_gain":0,"player_choice":"Grow","damage_taken":0,"max_hp_gain":0,"max_hp_loss":0,"event_name":"Living Wall","floor":11,"gold_loss":0,"cards_upgraded":["Armaments"]},{"damage_healed":0,"gold_gain":0,"player_choice":"Searched \u00271\u0027 times","damage_taken":0,"max_hp_gain":0,"max_hp_loss":0,"event_name":"Dead Adventurer","floor":13,"gold_loss":0},{"damage_healed":0,"gold_gain":0,"player_choice":"Obtained Book","damage_taken":21,"max_hp_gain":0,"max_hp_loss":0,"event_name":"Cursed Tome","floor":20,"gold_loss":0}],"is_beta":false,"boss_relics":[{"not_picked":["Black Blood","Velvet Choker"],"picked":"Philosopher\u0027s Stone"}],"items_purged_floors":[14,21],"is_endless":false,"potions_floor_spawned":[1,3,5,10,16,18],"killed_by":"Slavers","ascension_level":20,"potion_discard_per_floor":[[],[],[],[],[],[],[],[],[],[],[],[],[],[],[],[],[],[],[],[],[],[],[],[],[],[],[]]}