{"neow_bonuses_skipped_log":["THREE_SMALL_POTIONS","ONE_RARE_RELIC","BOSS_RELIC"],"potions_obtained_entropic_brew":[[],[],[],[],[],[],[],[],[],[],[],[],[],[],[],[]],"neow_costs_skipped_log":["NONE","CURSE","NONE"],"gold_per_floor":[110,129,129,145,160,160,174,207,234,266,266,291,309,18,18,18],"floor_reached":16,"playtime":639,"items_purged":["Strike_R"],"score":244,"play_id":"138a6795-5f97-4fec-bf69-5419ca337258","local_time":"20240709162657","score_breakdown":["Floors Climbed (16): 80","Enemies Slain (6): 12","Exordium Elites Killed (3): 30","Bosses Slain (0): 0","Ascension (20): 122"],"is_ascension_mode":true,"potions_obtained_alchemize":[[],[],[],[],[],[],[],[],[],[],[],[],[],[],[],[]],"campfire_choices":[{"data":"Fiend Fire","floor":6,"key":"SMITH"},{"data":"True Grit","floor":15,"key":"SMITH"}],"lesson_learned_per_floor":[[],[],[],[],[],[],[],[],[],[],[],[],[],[],[],[]],"neow_cost":"NONE","improvable_cards":{},"seed_source_timestamp":91344185468800,"shop_contents":[{"floor":14,"relics":["Nunchaku","MealTicket"],"cards":["Iron Wave","Cleave","Seeing Red","Havoc","Evolve","Jack Of All Trades","Master of Strategy"],"potions":["SpeedPotion","BlessingOfTheForge"]}],"circlet_count":0,"master_deck":["AscendersBane","Strike_R","Strike_R","Strike_R","Defend_R","Defend_R","Defend_R","Defend_R","Bash","Fiend Fire+1","Iron Wave","Burning Pact","Dark Embrace","Anger","Immolate","Pommel Strike","True Grit+1","Shrug It Off"],"potion_use_per_floor":[[],[],[],[],[],[],[],["SteroidPotion"],[],["BloodPotion"],[],["Fire Potion"],[],[],[],["Energy Potion","AttackPotion"]],"relics":["Burning Blood","InkBottle","Boot","Juzu Bracelet","Bronze Scales","ClockworkSouvenir"],"potions_floor_usage":[8,10,12,16,16],"damage_taken":[{"damage":0,"enemies":"Cultist","floor":1,"turns":2},{"damage":4,"enemies":"Jaw Worm","floor":2,"turns":3},{"damage":4,"enemies":"2 Louse","floor":4,"turns":2},{"damage":41,"enemies":"Exordium Thugs","floor":5,"turns":5},{"damage":12,"enemies":"Looter","floor":7,"turns":3},{"damage":24,"enemies":"Lagavulin","floor":8,"turns":7},{"damage":8,"enemies":"Gremlin Nob","floor":10,"turns":3},{"damage":10,"enemies":"3 Sentries","floor":12,"turns":5},{"damage":0,"enemies":"2 Fungi Beasts","floor":13,"turns":3},{"damage":28,"enemies":"The Guardian","floor":16,"turns":6}],"green_key_taken_log":8,"seed_played":"-7055615966074286812","neow_bonus_log":{"cardsObtained":["Fiend Fire"],"cardsUpgraded":[],"cardsRemoved":[],"cardsTransformed":[],"relicsObtained":[],"maxHpGained":0,"goldGained":0,"damageTaken":0,"goldLost":0,"maxHpLost":0},"potions_obtained":[{"floor":2,"key":"SteroidPotion"},{"floor":7,"key":"Fire Potion"},{"floor":8,"key":"BloodPotion"},{"floor":13,"key":"AttackPotion"}],"is_trial":false,"path_per_floor":["M","M","?","M","M","R","M","E","T","E","?","E","M","$","R","B"],"character_chosen":"IRONCLAD","basemod:card_modifiers":[null,null,null,null,null,null,null,null,null,null,null,null,null,null,null,null,null,null],"items_purchased":["ClockworkSouvenir","Energy Potion"],"campfire_rested":0,"item_purchase_floors":[14,14],"current_hp_per_floor":[74,75,68,70,35,35,29,11,11,24,24,20,26,26,26,0],"gold":18,"neow_bonus":"ONE_RANDOM_RARE_CARD","is_prod":false,"is_daily":false,"rewards_skipped":[],"chose_seed":false,"campfire_upgraded":2,"win_rate":0,"floor_exit_playtime":[35,66,73,102,174,179,204,296,299,364,370,436,477,511,517],"timestamp":1720556817,"path_taken":["M","M","?","M","M","R","M","E","T","E","?","E","M","?","R","BOSS"],"build_version":"2022-12-18","purchased_purges":1,"victory":false,"max_hp_per_floor":[75,75,75,75,75,75,75,75,75,75,75,75,75,75,75,75],"relic_stats":{"counters":[10,39],"Bronze Scales":[24],"Juzu Bracelet":0,"Boot":[0],"obtain_stats":[{"Bronze Scales":12,"Juzu Bracelet":10,"Boot":9,"Burning Blood":0,"InkBottle":8,"ClockworkSouvenir":14},{"Bronze Scales":8,"Juzu Bracelet":7,"Boot":6,"Burning Blood":0,"InkBottle":6,"ClockworkSouvenir":9},{"Bronze Scales":30,"Juzu Bracelet":25,"Boot":22,"Burning Blood":0,"InkBottle":22,"ClockworkSouvenir":33}],"Burning Blood":53,"InkBottle":[4]},"card_choices":[{"not_picked":["Body Slam","Thunderclap"],"picked":"Iron Wave","floor":1},{"not_picked":["Cleave","Wild Strike"],"picked":"Burning Pact","floor":2},{"not_picked":["Anger","Iron Wave"],"picked":"Dark Embrace","floor":4},{"not_picked":["Shrug It Off","Rupture"],"picked":"Anger","floor":5},{"not_picked":["Headbutt","Metallicize"],"picked":"Immolate","floor":7},{"not_picked":["Blood for Blood","Heavy Blade"],"picked":"Pommel Strike","floor":8},{"not_picked":["Bludgeon","Dual Wield"],"picked":"True Grit","floor":10},{"not_picked":["Pummel","Sentinel"],"picked":"Shrug It Off","floor":12},{"not_picked":["Armaments","Body Slam","Clash"],"picked":"SKIP","floor":13}],"player_experience":2633271,"relics_obtained":[{"floor":8,"key":"InkBottle"},{"floor":9,"key":"Boot"},{"floor":10,"key":"Juzu Bracelet"},{"floor":12,"key":"Bronze Scales"}],"event_choices":[{"cards_removed":["Strike_R"],"damage_healed":0,"gold_gain":0,"player_choice":"Card Removal","damage_taken":7,"max_hp_gain":0,"max_hp_loss":0,"event_name":"Golden Wing","floor":3,"gold_loss":0},{"damage_healed":0,"gold_gain":0,"player_choice":"Ignored","damage_taken":0,"max_hp_gain":0,"max_hp_loss":0,"event_name":"Shining Light","floor":11,"gold_loss":0}],"is_beta":false,"boss_relics":[],"items_purged_floors":[14],"is_endless":false,"potions_floor_spawned":[2,7,8,13],"killed_by":"The Guardian","ascension_level":20,"potion_discard_per_floor":[[],[],[],[],[],[],[],[],[],[],[],[],[],[],[],[]]}