{"neow_bonuses_skipped_log":["REMOVE_CARD","TWENTY_PERCENT_HP_BONUS","BOSS_RELIC"],"potions_obtained_entropic_brew":[[],[],[],[],[],[]],"neow_costs_skipped_log":["NONE","CURSE","NONE"],"gold_per_floor":[109,122,142,142,158,158],"floor_reached":6,"playtime":314,"items_purged":[],"score":76,"play_id":"a25217e0-f69a-4e4c-ae47-7a877c05cfb6","local_time":"20240708155259","score_breakdown":["Floors Climbed (6): 30","Enemies Slain (4): 8","Exordium Elites Killed (0): 0","Bosses Slain (0): 0","Ascension (20): 38"],"is_ascension_mode":true,"potions_obtained_alchemize":[[],[],[],[],[],[]],"campfire_choices":[],"lesson_learned_per_floor":[[],[],[],[],[],[]],"neow_cost":"NONE","improvable_cards":{},"seed_source_timestamp":3230174020100,"shop_contents":[],"circlet_count":0,"master_deck":["AscendersBane","Strike_R","Strike_R","Strike_R","Strike_R","Defend_R","Defend_R","Defend_R","Defend_R","Bash","Armaments","Uppercut","Shockwave","Battle Trance"],"potion_use_per_floor":[[],[],[],[],[],[]],"relics":["Burning Blood","Dream Catcher"],"potions_floor_usage":[],"damage_taken":[{"damage":9,"enemies":"Jaw Worm","floor":1,"turns":4},{"damage":0,"enemies":"2 Louse","floor":2,"turns":3},{"damage":7,"enemies":"Small Slimes","floor":3,"turns":4},{"damage":43,"enemies":"Exordium Wildlife","floor":5,"turns":9},{"damage":39,"enemies":"Lagavulin","floor":6,"turns":7}],"seed_played":"-1442861331671891314","neow_bonus_log":{"cardsObtained":[],"cardsUpgraded":[],"cardsRemoved":[],"cardsTransformed":[],"relicsObtained":["Dream Catcher"],"maxHpGained":0,"goldGained":0,"damageTaken":0,"goldLost":0,"maxHpLost":0},"potions_obtained":[],"is_trial":false,"path_per_floor":["M","M","M","?","M","E"],"character_chosen":"IRONCLAD","basemod:card_modifiers":[null,null,null,null,null,null,null,null,null,null,null,null,null,null],"items_purchased":[],"campfire_rested":0,"item_purchase_floors":[],"current_hp_per_floor":[65,71,70,63,26,0],"gold":158,"neow_bonus":"RANDOM_COMMON_RELIC","is_prod":false,"is_daily":false,"rewards_skipped":[],"chose_seed":false,"campfire_upgraded":0,"win_rate":0,"floor_exit_playtime":[56,84,148,159,251],"timestamp":1720468379,"path_taken":["M","M","M","?","M","E"],"build_version":"2022-12-18","purchased_purges":0,"victory":false,"max_hp_per_floor":[75,75,75,75,75,75],"relic_stats":{"Dream Catcher":0,"counters":[5,27],"obtain_stats":[{"Dream Catcher":0,"Burning Blood":0},{"Dream Catcher":0,"Burning Blood":0},{"Dream Catcher":0,"Burning Blood":0}],"Burning Blood":24},"card_choices":[{"not_picked":["Twin Strike","Entrench"],"picked":"Armaments","floor":1},{"not_picked":["True Grit","Evolve"],"picked":"Uppercut","floor":2},{"not_picked":["Twin Strike","Combust"],"picked":"Shockwave","floor":3},{"not_picked":["Cleave","Flex"],"picked":"Battle Trance","floor":5}],"player_experience":2620583,"relics_obtained":[],"event_choices":[{"cards_removed":["Strike_R"],"damage_healed":0,"gold_gain":0,"player_choice":"Card Removal","damage_taken":7,"max_hp_gain":0,"max_hp_loss":0,"event_name":"Golden Wing","floor":4,"gold_loss":0}],"is_beta":false,"boss_relics":[],"items_purged_floors":[],"is_endless":false,"potions_floor_spawned":[],"killed_by":"Lagavulin","ascension_level":20,"potion_discard_per_floor":[[],[],[],[],[],[]]}