{"neow_bonuses_skipped_log":["TRANSFORM_CARD","ONE_RARE_RELIC","BOSS_RELIC"],"potions_obtained_entropic_brew":[[],[],[],[],[],[],[],[],[],[],[],[],[],[],[],[],[],[],[],[],[],[],[],[],[],[],[],[],[],[],[],[],[]],"neow_costs_skipped_log":["NONE","PERCENT_DAMAGE","NONE"],"gold_per_floor":[114,128,142,142,63,63,90,101,147,147,65,99,118,160,160,247,247,270,24,42,68,91,91,134,146,146,172,184,184,228,240,240,240],"floor_reached":33,"playtime":1906,"items_purged":["Strike_R"],"score":658,"play_id":"86dd6d05-cad7-48de-817e-23105b6c738e","local_time":"20240708185656","score_breakdown":["Floors Climbed (33): 165","Enemies Slain (12): 24","Exordium Elites Killed (3): 30","City Elites Killed (3): 60","Bosses Slain (1): 50","Ascension (20): 329"],"is_ascension_mode":true,"potions_obtained_alchemize":[[],[],[],[],[],[],[],[],[],[],[],[],[],[],[],[],[],[],[],[],[],[],[],[],[],[],[],[],[],[],[],[],[]],"campfire_choices":[{"data":"Rampage","floor":6,"key":"SMITH"},{"data":"Shockwave","floor":10,"key":"SMITH"},{"data":"Flame Barrier","floor":15,"key":"SMITH"},{"data":"True Grit","floor":23,"key":"SMITH"},{"floor":29,"key":"REST"},{"data":"Uppercut","floor":32,"key":"SMITH"}],"lesson_learned_per_floor":[[],[],[],[],[],[],[],[],[],[],[],[],[],[],[],[],[],[],[],[],[],[],[],[],[],[],[],[],[],[],[],[],[]],"neow_cost":"NONE","improvable_cards":{},"seed_source_timestamp":12674803978800,"shop_contents":[{"floor":5,"relics":["Regal Pillow","Kunai","Frozen Eye"],"cards":["Sword Boomerang","Clothesline","Seeing Red","Inflame","Finesse","Apotheosis"],"potions":["FearPotion","PowerPotion","Dexterity Potion"]},{"floor":11,"relics":["Meat on the Bone","Bottled Flame","Lee\u0027s Waffle"],"cards":["Hemokinesis","Battle Trance","Feel No Pain","Enlightenment","HandOfGreed"],"potions":["DuplicationPotion","Ancient Potion","Weak Potion"]},{"floor":19,"relics":["Lantern","PrismaticShard"],"cards":["Hemokinesis","Carnage","True Grit","Seeing Red","Rupture","Flash of Steel","Violence"],"potions":["Fire Potion","ColorlessPotion","Swift Potion"]}],"circlet_count":0,"master_deck":["AscendersBane","Strike_R","Strike_R","Strike_R","Strike_R","Defend_R","Defend_R","Defend_R","Defend_R","Bash","Shockwave+1","Rampage+1","Impervious","Pommel Strike","Flame Barrier+1","Twin Strike","Ghostly Armor","Flame Barrier","Shrug It Off","Offering","Dark Embrace","Hemokinesis+1","True Grit+1","Uppercut+1","Disarm","Limit Break"],"potion_use_per_floor":[[],[],[],[],[],[],["SteroidPotion","LiquidMemories"],[],[],[],[],["SkillPotion"],[],[],[],[],[],[],[],[],[],[],[],[],["GamblersBrew"],[],["HeartOfIron","GamblersBrew"],[],[],[],["ColorlessPotion"],[],["Dexterity Potion","ColorlessPotion"]],"relics":["Burning Blood","White Beast Statue","CeramicFish","Red Skull","Centennial Puzzle","Snecko Eye","Bronze Scales","PreservedInsect","Question Card","WingedGreaves","Singing Bowl"],"potions_floor_usage":[7,7,12,25,27,27,31,33,33],"damage_taken":[{"damage":9,"enemies":"Jaw Worm","floor":1,"turns":3},{"damage":3,"enemies":"Cultist","floor":2,"turns":4},{"damage":7,"enemies":"2 Louse","floor":3,"turns":3},{"damage":20,"enemies":"3 Sentries","floor":7,"turns":7},{"damage":13,"enemies":"Exordium Wildlife","floor":8,"turns":6},{"damage":22,"enemies":"Gremlin Nob","floor":12,"turns":4},{"damage":0,"enemies":"Large Slime","floor":13,"turns":5},{"damage":5,"enemies":"Lagavulin","floor":14,"turns":6},{"damage":10,"enemies":"The Guardian","floor":16,"turns":13},{"damage":18,"enemies":"Spheric Guardian","floor":18,"turns":8},{"damage":0,"enemies":"2 Thieves","floor":20,"turns":5},{"damage":8,"enemies":"Snecko","floor":21,"turns":5},{"damage":15,"enemies":"Shelled Parasite and Fungi","floor":22,"turns":4},{"damage":15,"enemies":"Book of Stabbing","floor":24,"turns":5},{"damage":24,"enemies":"Centurion and Healer","floor":25,"turns":5},{"damage":7,"enemies":"Slavers","floor":27,"turns":3},{"damage":3,"enemies":"Snake Plant","floor":28,"turns":4},{"damage":10,"enemies":"Book of Stabbing","floor":30,"turns":4},{"damage":12,"enemies":"Shelled Parasite and Fungi","floor":31,"turns":4},{"damage":40,"enemies":"Collector","floor":33,"turns":7}],"seed_played":"-6636646427260867911","neow_bonus_log":{"cardsObtained":[],"cardsUpgraded":[],"cardsRemoved":[],"cardsTransformed":[],"relicsObtained":[],"maxHpGained":0,"goldGained":0,"damageTaken":0,"goldLost":0,"maxHpLost":0},"potions_obtained":[{"floor":0,"key":"SteroidPotion"},{"floor":0,"key":"LiquidMemories"},{"floor":8,"key":"SkillPotion"},{"floor":12,"key":"SmokeBomb"},{"floor":13,"key":"Energy Potion"},{"floor":14,"key":"SteroidPotion"},{"floor":16,"key":"LiquidBronze"},{"floor":20,"key":"HeartOfIron"},{"floor":24,"key":"GamblersBrew"},{"floor":25,"key":"GamblersBrew"},{"floor":27,"key":"SpeedPotion"},{"floor":28,"key":"ColorlessPotion"},{"floor":30,"key":"Dexterity Potion"},{"floor":31,"key":"ColorlessPotion"}],"is_trial":false,"path_per_floor":["M","M","M","?","$","R","E","M","T","R","$","E","M","E","R","B",null,"M","$","M","M","M","R","E","M","T","E","M","R","E","M","R","B"],"character_chosen":"IRONCLAD","basemod:card_modifiers":[null,null,null,null,null,null,null,null,null,null,null,null,null,null,null,null,null,null,null,null,null,null,null,null,null,null],"items_purchased":["Impervious","Flame Barrier","Twin Strike","Bronze Scales"],"campfire_rested":1,"item_purchase_floors":[5,11,11,19],"current_hp_per_floor":[65,68,67,63,63,63,49,42,42,42,42,26,32,33,33,29,64,52,52,58,56,47,47,38,20,20,19,22,44,40,36,36,0],"gold":240,"neow_bonus":"THREE_SMALL_POTIONS","is_prod":false,"is_daily":false,"rewards_skipped":[{"floor":0,"relics":[],"potions":["ColorlessPotion"]},{"floor":18,"relics":[],"potions":["PowerPotion"]},{"floor":21,"relics":[],"potions":["BlessingOfTheForge"]},{"floor":22,"relics":[],"potions":["LiquidMemories"]}],"chose_seed":false,"campfire_upgraded":5,"win_rate":0,"floor_exit_playtime":[49,81,110,113,133,139,241,289,297,305,322,369,428,499,511,633,656,760,790,917,999,1076,1088,1234,1443,1448,1540,1597,1600,1664,1750,1764],"timestamp":1720479416,"path_taken":["M","M","M","?","$","R","E","M","T","R","?","E","M","E","R","BOSS","M","$","M","M","M","R","E","M","T","E","?","R","E","M","R","BOSS"],"build_version":"2022-12-18","purchased_purges":1,"victory":false,"max_hp_per_floor":[75,75,75,75,75,75,75,75,75,75,75,75,75,75,75,75,75,75,75,75,75,75,75,75,75,75,75,75,75,75,77,77,77],"relic_stats":{"Centennial Puzzle":[33],"Singing Bowl":2,"counters":[20,105],"CeramicFish":108,"Bronze Scales":[170],"Snecko Eye":[108,127,113,116,-134],"PreservedInsect":82,"WingedGreaves":1,"Question Card":4,"obtain_stats":[{"Centennial Puzzle":14,"Singing Bowl":30,"CeramicFish":9,"Bronze Scales":19,"Snecko Eye":17,"PreservedInsect":24,"WingedGreaves":27,"Question Card":26,"Burning Blood":0,"White Beast Statue":7,"Red Skull":12},{"Centennial Puzzle":8,"Singing Bowl":18,"CeramicFish":5,"Bronze Scales":10,"Snecko Eye":9,"PreservedInsect":14,"WingedGreaves":16,"Question Card":15,"Burning Blood":0,"White Beast Statue":4,"Red Skull":6},{"Centennial Puzzle":38,"Singing Bowl":94,"CeramicFish":23,"Bronze Scales":59,"Snecko Eye":51,"PreservedInsect":78,"WingedGreaves":86,"Question Card":83,"Burning Blood":0,"White Beast Statue":17,"Red Skull":27}],"Burning Blood":114,"White Beast Statue":[0.0023354880000000014,0.0,0.09874974720000007,0.0,0.42829127680000034,0.0,0.39301324800000026,0.0,0.07611033600000006,0.0,0.001499904000000001,8.062167091200003]},"card_choices":[{"not_picked":["Twin Strike","Rampage"],"picked":"Shockwave","floor":1},{"not_picked":["Heavy Blade","Flex","Seeing Red"],"picked":"SKIP","floor":2},{"not_picked":["Thunderclap","Rupture"],"picked":"Rampage","floor":3},{"not_picked":["Juggernaut","Wild Strike","Body Slam"],"picked":"SKIP","floor":7},{"not_picked":["Havoc","Shrug It Off"],"picked":"Pommel Strike","floor":8},{"not_picked":["Wild Strike","Anger"],"picked":"Ghostly Armor","floor":12},{"not_picked":["Havoc","Heavy Blade"],"picked":"Flame Barrier","floor":13},{"not_picked":["Carnage","Warcry"],"picked":"Shrug It Off","floor":14},{"not_picked":["Limit Break","Reaper"],"picked":"Offering","floor":16},{"not_picked":["Wild Strike","Flex"],"picked":"Dark Embrace","floor":18},{"not_picked":["Thunderclap","Blood for Blood"],"picked":"Hemokinesis+1","floor":20},{"not_picked":["Iron Wave","Rupture"],"picked":"True Grit","floor":21},{"not_picked":["Heavy Blade","Rupture"],"picked":"Uppercut","floor":22},{"not_picked":["Exhume","Clothesline"],"picked":"Disarm","floor":24},{"not_picked":["Havoc","Headbutt","Twin Strike+1"],"picked":"SKIP","floor":25},{"not_picked":["Uppercut","Dual Wield","Cleave","Iron Wave"],"picked":"SKIP","floor":27},{"not_picked":["Perfected Strike","Anger","Thunderclap","Havoc"],"picked":"SKIP","floor":28},{"not_picked":["Iron Wave","Pommel Strike","Metallicize"],"picked":"Limit Break","floor":30},{"not_picked":["Iron Wave+1","Wild Strike","Cleave","Clash"],"picked":"Singing Bowl","floor":31}],"player_experience":2629908,"relics_obtained":[{"floor":7,"key":"White Beast Statue"},{"floor":9,"key":"CeramicFish"},{"floor":12,"key":"Red Skull"},{"floor":14,"key":"Centennial Puzzle"},{"floor":24,"key":"PreservedInsect"},{"floor":26,"key":"Question Card"},{"floor":27,"key":"WingedGreaves"},{"floor":30,"key":"Singing Bowl"}],"event_choices":[{"damage_healed":0,"gold_gain":0,"player_choice":"Bought 0 Potions","damage_taken":0,"max_hp_gain":0,"max_hp_loss":0,"event_name":"The Woman in Blue","floor":4,"gold_loss":0}],"is_beta":false,"boss_relics":[{"not_picked":["Astrolabe","Black Blood"],"picked":"Snecko Eye"}],"items_purged_floors":[19],"is_endless":false,"potions_floor_spawned":[8,12,13,14,16,18,20,21,22,24,25,27,28,30,31],"killed_by":"Collector","ascension_level":20,"potion_discard_per_floor":[[],[],[],[],[],[],[],[],[],[],[],[],[],["SmokeBomb"],[],["Energy Potion"],[],[],[],["LiquidBronze"],[],[],[],["SteroidPotion"],[],[],[],[],[],["SpeedPotion"],[],[],[]]}