{"neow_bonuses_skipped_log":["THREE_CARDS","TRANSFORM_TWO_CARDS","BOSS_RELIC"],"neow_costs_skipped_log":["NONE","NO_GOLD","NONE"],"potions_obtained_entropic_brew":[[],[],[],[],[],[],[],[],[],[],[],[],[],[],[],[],[],[],[],[],[],[],[],[],[],[],[],[]],"gold_per_floor":[109,122,122,145,145,145,185,185,231,244,288,222,238,16,16,106,106,125,149,74,74,92,92,133,133,133,149,149],"floor_reached":28,"playtime":1172,"items_purged":["Strike_R"],"score":496,"play_id":"c160b36b-d2b2-47db-b376-ae287d2036c7","local_time":"20240709194251","score_breakdown":["Floors Climbed (28): 140","Enemies Slain (9): 18","Exordium Elites Killed (2): 20","City Elites Killed (1): 20","Bosses Slain (1): 50","Ascension (20): 248"],"is_ascension_mode":true,"potions_obtained_alchemize":[[],[],[],[],[],[],[],[],[],[],[],[],[],[],[],[],[],[],[],[],[],[],[],[],[],[],[],[]],"campfire_choices":[{"data":"Anger","floor":6,"key":"SMITH"},{"data":"Rampage","floor":8,"key":"SMITH"},{"data":"True Grit","floor":15,"key":"SMITH"},{"floor":23,"key":"REST"},{"data":"Dark Embrace","floor":25,"key":"SMITH"}],"lesson_learned_per_floor":[[],[],[],[],[],[],[],[],[],[],[],[],[],[],[],[],[],[],[],[],[],[],[],[],[],[],[],[]],"neow_cost":"NONE","improvable_cards":{},"seed_source_timestamp":102562755491700,"shop_contents":[{"floor":14,"relics":["Darkstone Periapt","Blue Candle","HandDrill"],"cards":["Iron Wave","Heavy Blade","Havoc","Havoc","Dark Embrace","Mind Blast","Metamorphosis"],"potions":["EssenceOfSteel","LiquidBronze","LiquidMemories"]}],"circlet_count":0,"master_deck":["AscendersBane","Strike_R","Strike_R","Defend_R","Defend_R","Defend_R","Defend_R","Bash","Flame Barrier","Shrug It Off","Anger+1","Rampage+1","Carnage","Cleave","Perfected Strike","Dark Embrace+1","True Grit+1","Impervious","Seeing Red","Warcry","Anger","Feel No Pain","Second Wind"],"potion_use_per_floor":[[],[],[],[],[],[],["Strength Potion"],[],[],[],["DistilledChaos"],[],["Regen Potion"],[],[],["Block Potion"],[],[],[],[],[],["DuplicationPotion"],[],["Swift Potion"],[],[],[],[]],"relics":["Burning Blood","Strawberry","Golden Idol","Oddly Smooth Stone","The Courier","Dream Catcher","Mango","StrikeDummy","Velvet Choker","Question Card","Prayer Wheel"],"potions_floor_usage":[7,11,13,16,22,24],"damage_taken":[{"damage":6,"enemies":"2 Louse","floor":1,"turns":4},{"damage":7,"enemies":"Jaw Worm","floor":2,"turns":3},{"damage":3,"enemies":"Cultist","floor":4,"turns":4},{"damage":29,"enemies":"3 Sentries","floor":7,"turns":9},{"damage":3,"enemies":"2 Fungi Beasts","floor":10,"turns":3},{"damage":30,"enemies":"Gremlin Nob","floor":11,"turns":4},{"damage":6,"enemies":"Exordium Thugs","floor":13,"turns":5},{"damage":45,"enemies":"Slime Boss","floor":16,"turns":9},{"damage":13,"enemies":"Spheric Guardian","floor":18,"turns":4},{"damage":15,"enemies":"3 Byrds","floor":19,"turns":5},{"damage":26,"enemies":"3 Cultists","floor":22,"turns":6},{"damage":26,"enemies":"Slavers","floor":24,"turns":8},{"damage":35,"enemies":"Cultist and Chosen","floor":27,"turns":9},{"damage":15,"enemies":"Sentry and Sphere","floor":28,"turns":3}],"seed_played":"4546662002819279894","neow_bonus_log":{"cardsObtained":[],"cardsUpgraded":[],"cardsRemoved":[],"cardsTransformed":[],"relicsObtained":["Strawberry"],"maxHpGained":0,"goldGained":0,"damageTaken":0,"goldLost":0,"maxHpLost":0},"potions_obtained":[{"floor":1,"key":"Strength Potion"},{"floor":7,"key":"DistilledChaos"},{"floor":11,"key":"Regen Potion"},{"floor":19,"key":"DuplicationPotion"},{"floor":22,"key":"Swift Potion"}],"is_trial":false,"path_per_floor":["M","M","?","M","?","R","E","R","T","M","E","?","M","$","R","B",null,"M","M","?","?","M","R","E","R","T","M","M"],"character_chosen":"IRONCLAD","basemod:card_modifiers":[null,null,null,null,null,null,null,null,null,null,null,null,null,null,null,null,null,null,null,null,null,null,null],"items_purchased":["Dark Embrace","True Grit","Block Potion"],"campfire_rested":1,"item_purchase_floors":[14,14,14],"current_hp_per_floor":[75,74,74,74,69,69,46,46,46,49,39,39,51,51,51,12,69,62,53,53,53,33,59,39,39,39,10,0],"gold":149,"neow_bonus":"RANDOM_COMMON_RELIC","is_prod":false,"is_daily":false,"rewards_skipped":[],"chose_seed":false,"campfire_upgraded":4,"win_rate":0,"floor_exit_playtime":[56,82,96,124,128,137,220,228,231,269,419,424,483,521,534,631,654,695,768,776,791,874,904,1016,1025,1028,1140],"timestamp":1720568571,"path_taken":["M","M","?","M","?","R","E","R","T","M","E","?","M","$","R","BOSS","M","M","?","?","?","R","E","R","T","M","M"],"build_version":"2022-12-18","purchased_purges":1,"victory":false,"max_hp_per_floor":[82,82,74,74,74,74,74,74,74,74,88,88,88,88,88,88,88,88,88,88,88,88,88,88,88,88,88,88],"relic_stats":{"Dream Catcher":1,"counters":[14,76],"Golden Idol":70,"Prayer Wheel":1,"The Courier":55,"Question Card":2,"obtain_stats":[{"Dream Catcher":9,"Golden Idol":3,"Strawberry":0,"Oddly Smooth Stone":5,"Velvet Choker":17,"Mango":11,"Prayer Wheel":26,"The Courier":7,"StrikeDummy":12,"Question Card":24,"Burning Blood":0},{"Dream Catcher":4,"Golden Idol":2,"Strawberry":0,"Oddly Smooth Stone":3,"Velvet Choker":8,"Mango":6,"Prayer Wheel":12,"The Courier":4,"StrikeDummy":6,"Question Card":12,"Burning Blood":0},{"Dream Catcher":20,"Golden Idol":7,"Strawberry":0,"Oddly Smooth Stone":11,"Velvet Choker":41,"Mango":27,"Prayer Wheel":64,"The Courier":20,"StrikeDummy":27,"Question Card":64,"Burning Blood":0}],"Burning Blood":75},"card_choices":[{"not_picked":["Havoc","Twin Strike"],"picked":"Flame Barrier","floor":1},{"not_picked":["True Grit","Warcry"],"picked":"Shrug It Off","floor":2},{"not_picked":["Combust","Perfected Strike"],"picked":"Anger","floor":4},{"not_picked":["Body Slam","Sentinel"],"picked":"Rampage","floor":7},{"not_picked":["Cleave","Twin Strike"],"picked":"Carnage","floor":10},{"not_picked":["Juggernaut","Barricade"],"picked":"Cleave","floor":11},{"not_picked":["Rage","Intimidate"],"picked":"Perfected Strike","floor":13},{"not_picked":["Bludgeon","Limit Break"],"picked":"Impervious","floor":16},{"not_picked":["Headbutt","Infernal Blade"],"picked":"Seeing Red","floor":18},{"not_picked":["Iron Wave","Heavy Blade"],"picked":"Warcry","floor":19},{"not_picked":["Havoc","Reckless Charge"],"picked":"Anger","floor":22},{"not_picked":["Sword Boomerang","Body Slam"],"picked":"Feel No Pain","floor":23},{"not_picked":["Dropkick","Flex+1"],"picked":"Second Wind","floor":24},{"not_picked":["Brutality","Entrench","Clothesline","Anger"],"picked":"SKIP","floor":27},{"not_picked":["Iron Wave","True Grit","Twin Strike","Reckless Charge"],"picked":"SKIP","floor":27}],"player_experience":2635474,"relics_obtained":[{"floor":7,"key":"The Courier"},{"floor":9,"key":"Dream Catcher"},{"floor":11,"key":"Mango"},{"floor":24,"key":"Question Card"},{"floor":26,"key":"Prayer Wheel"}],"event_choices":[{"damage_healed":0,"gold_gain":0,"player_choice":"Lose Max HP","damage_taken":0,"relics_obtained":["Golden Idol"],"max_hp_gain":0,"max_hp_loss":8,"event_name":"Golden Idol","floor":3,"gold_loss":0},{"damage_healed":0,"gold_gain":0,"player_choice":"Success","damage_taken":5,"relics_obtained":["Oddly Smooth Stone"],"max_hp_gain":0,"max_hp_loss":0,"event_name":"Scrap Ooze","floor":5,"gold_loss":0},{"damage_healed":0,"gold_gain":0,"player_choice":"Paid Gold","damage_taken":0,"relics_obtained":["StrikeDummy"],"max_hp_gain":0,"max_hp_loss":0,"event_name":"WeMeetAgain","floor":12,"gold_loss":66},{"cards_removed":["Strike_R"],"damage_healed":0,"gold_gain":0,"player_choice":"Gave Gold","damage_taken":0,"max_hp_gain":0,"max_hp_loss":0,"event_name":"Beggar","floor":20,"gold_loss":75},{"cards_removed":["Strike_R"],"damage_healed":0,"gold_gain":0,"player_choice":"Card Removal","damage_taken":0,"max_hp_gain":0,"max_hp_loss":0,"event_name":"Wheel of Change","floor":21,"gold_loss":0}],"is_beta":false,"boss_relics":[{"not_picked":["Philosopher\u0027s Stone","Tiny House"],"picked":"Velvet Choker"}],"items_purged_floors":[14],"is_endless":false,"potions_floor_spawned":[1,7,11,19,22],"killed_by":"Sentry and Sphere","ascension_level":20,"potion_discard_per_floor":[[],[],[],[],[],[],[],[],[],[],[],[],[],[],[],[],[],[],[],[],[],[],[],[],[],[],[],[]]}