{"neow_bonuses_skipped_log":["ONE_RANDOM_RARE_CARD","RANDOM_COMMON_RELIC","BOSS_RELIC"],"neow_costs_skipped_log":["NONE","NONE","NONE"],"potions_obtained_entropic_brew":[[],[],[],[],[],[],[],[],[],[],[],[],[],[],[],[]],"gold_per_floor":[19,29,29,52,32,32,73,93,93,93,93,124,139,7,7,7],"floor_reached":16,"playtime":604,"items_purged":["Defend_R"],"score":224,"play_id":"83b0d9e3-3a92-4c58-bf97-03ac447ecaf0","local_time":"20240709191644","score_breakdown":["Floors Climbed (16): 80","Enemies Slain (6): 12","Exordium Elites Killed (2): 20","Bosses Slain (0): 0","Ascension (20): 112"],"is_ascension_mode":true,"potions_obtained_alchemize":[[],[],[],[],[],[],[],[],[],[],[],[],[],[],[],[]],"campfire_choices":[{"data":"Uppercut","floor":6,"key":"SMITH"},{"data":"Immolate","floor":11,"key":"SMITH"},{"data":"Flame Barrier","floor":15,"key":"SMITH"}],"lesson_learned_per_floor":[[],[],[],[],[],[],[],[],[],[],[],[],[],[],[],[]],"neow_cost":"NO_GOLD","improvable_cards":{},"seed_source_timestamp":101565972694200,"shop_contents":[{"floor":14,"relics":["Singing Bowl","Lantern","DollysMirror"],"cards":["Whirlwind","Blood for Blood","Shrug It Off","True Grit","Rupture","Bandage Up","Transmutation"],"potions":["Fruit Juice","EntropicBrew"]}],"circlet_count":0,"master_deck":["AscendersBane","Strike_R","Strike_R","Strike_R","Strike_R","Defend_R","Defend_R","Defend_R","Bash","Feed","Bloodletting","Battle Trance","Shrug It Off","Uppercut+1","Immolate+1","Spot Weakness","Flame Barrier+1"],"potion_use_per_floor":[[],[],[],[],[],[],["Explosive Potion"],[],[],[],[],["FearPotion"],[],[],[],["SteroidPotion"]],"relics":["Burning Blood","Golden Idol","Blood Vial","Art of War","Omamori"],"potions_floor_usage":[7,12,16],"damage_taken":[{"damage":9,"enemies":"Jaw Worm","floor":1,"turns":3},{"damage":9,"enemies":"Cultist","floor":2,"turns":4},{"damage":5,"enemies":"2 Louse","floor":4,"turns":3},{"damage":9,"enemies":"Exordium Thugs","floor":5,"turns":4},{"damage":37,"enemies":"3 Sentries","floor":7,"turns":11},{"damage":17,"enemies":"Blue Slaver","floor":8,"turns":4},{"damage":28,"enemies":"Gremlin Nob","floor":12,"turns":4},{"damage":1,"enemies":"2 Fungi Beasts","floor":13,"turns":4},{"damage":34,"enemies":"Slime Boss","floor":16,"turns":4}],"seed_played":"5055971953981110006","neow_bonus_log":{"cardsObtained":[],"cardsUpgraded":[],"cardsRemoved":[],"cardsTransformed":[],"relicsObtained":[],"maxHpGained":0,"goldGained":0,"damageTaken":0,"goldLost":99,"maxHpLost":0},"potions_obtained":[{"floor":1,"key":"Explosive Potion"},{"floor":2,"key":"Strength Potion"},{"floor":4,"key":"FearPotion"}],"is_trial":false,"path_per_floor":["M","M","?","M","M","R","E","M","T","?","R","E","M","$","R","B"],"character_chosen":"IRONCLAD","basemod:card_modifiers":[null,null,null,null,null,null,null,null,null,null,null,null,null,null,null,null,null],"items_purchased":["SteroidPotion"],"campfire_rested":0,"item_purchase_floors":[14],"current_hp_per_floor":[68,68,68,72,72,72,44,38,38,38,38,18,28,28,28,0],"gold":7,"neow_bonus":"THREE_RARE_CARDS","is_prod":false,"is_daily":false,"rewards_skipped":[],"chose_seed":false,"campfire_upgraded":3,"win_rate":0,"floor_exit_playtime":[57,88,91,139,202,208,315,347,351,359,369,461,506,551,561],"timestamp":1720567004,"path_taken":["M","M","?","M","M","R","E","M","T","?","R","E","?","$","R","BOSS"],"build_version":"2022-12-18","purchased_purges":1,"victory":false,"max_hp_per_floor":[78,81,73,76,79,79,82,85,85,85,85,85,88,88,88,88],"relic_stats":{"Blood Vial":8,"counters":[9,41],"Golden Idol":30,"Art of War":[1],"Omamori":0,"obtain_stats":[{"Blood Vial":7,"Golden Idol":3,"Art of War":9,"Omamori":12,"Burning Blood":0},{"Blood Vial":5,"Golden Idol":2,"Art of War":6,"Omamori":7,"Burning Blood":0},{"Blood Vial":25,"Golden Idol":7,"Art of War":29,"Omamori":33,"Burning Blood":0}],"Burning Blood":48},"card_choices":[{"not_picked":["Reaper","Demon Form"],"picked":"Feed","floor":0},{"not_picked":["Dual Wield","Ghostly Armor"],"picked":"Bloodletting","floor":1},{"not_picked":["Wild Strike","Havoc"],"picked":"Battle Trance","floor":2},{"not_picked":["Thunderclap","Heavy Blade"],"picked":"Shrug It Off","floor":4},{"not_picked":["Clothesline","Clash"],"picked":"Uppercut","floor":5},{"not_picked":["Sentinel","Wild Strike","Rage"],"picked":"SKIP","floor":7},{"not_picked":["Wild Strike","Shrug It Off"],"picked":"Immolate","floor":8},{"not_picked":["Bloodletting","Barricade"],"picked":"Spot Weakness","floor":12},{"not_picked":["Clash","Spot Weakness"],"picked":"Flame Barrier","floor":13}],"player_experience":2634870,"relics_obtained":[{"floor":7,"key":"Blood Vial"},{"floor":9,"key":"Art of War"},{"floor":12,"key":"Omamori"}],"event_choices":[{"damage_healed":0,"gold_gain":0,"player_choice":"Lose Max HP","damage_taken":0,"relics_obtained":["Golden Idol"],"max_hp_gain":0,"max_hp_loss":8,"event_name":"Golden Idol","floor":3,"gold_loss":0},{"cards_removed":["Strike_R"],"damage_healed":0,"gold_gain":0,"player_choice":"Purged","damage_taken":0,"max_hp_gain":0,"max_hp_loss":0,"event_name":"Purifier","floor":10,"gold_loss":0}],"is_beta":false,"boss_relics":[],"items_purged_floors":[14],"is_endless":false,"potions_floor_spawned":[1,2,4],"killed_by":"Slime Boss","ascension_level":20,"potion_discard_per_floor":[[],[],[],["Strength Potion"],[],[],[],[],[],[],[],[],[],[],[],[]]}