{"neow_bonuses_skipped_log":["ONE_RANDOM_RARE_CARD","THREE_SMALL_POTIONS","BOSS_RELIC"],"potions_obtained_entropic_brew":[[],[],[],[],[],[],[],[],[],[],[],[],[],[],[],[],[],[],[],[],[],[],[],[],[],[],[],[]],"neow_costs_skipped_log":["NONE","NONE","NONE"],"gold_per_floor":[364,375,1,17,17,17,44,119,144,172,172,185,195,205,205,284,284,295,220,230,242,242,242,270,270,270,280,280],"floor_reached":28,"playtime":1457,"items_purged":["Strike_R"],"score":500,"play_id":"12aa19e2-5d1b-4a67-beef-49ed08f5b165","local_time":"20240709161609","score_breakdown":["Floors Climbed (28): 140","Enemies Slain (10): 20","Exordium Elites Killed (2): 20","City Elites Killed (1): 20","Bosses Slain (1): 50","Ascension (20): 250"],"is_ascension_mode":true,"potions_obtained_alchemize":[[],[],[],[],[],[],[],[],[],[],[],[],[],[],[],[],[],[],[],[],[],[],[],[],[],[],[],[]],"campfire_choices":[{"data":"Uppercut","floor":6.0,"key":"SMITH"},{"data":"Immolate","floor":15.0,"key":"SMITH"},{"data":"Armaments","floor":25,"key":"SMITH"}],"lesson_learned_per_floor":[[],[],[],[],[],[],[],[],[],[],[],[],[],[],[],[],[],[],[],[],[],[],[],[],[],[],[],[]],"neow_cost":"TEN_PERCENT_HP_LOSS","improvable_cards":{},"seed_source_timestamp":89864110904500,"shop_contents":[{"floor":3,"relics":["CaptainsWheel","Strange Spoon"],"cards":["Carnage","Rampage","Armaments","Combust","Good Instincts","Master of Strategy"],"potions":["SkillPotion","DistilledChaos","BloodPotion"]},{"floor":19,"relics":["Shovel","FossilizedHelix","Chemical X"],"cards":["Cleave","Thunderclap","Warcry","Flex","Fire Breathing","Trip","Chrysalis"],"potions":["SkillPotion","Energy Potion","LiquidBronze"]}],"circlet_count":0,"master_deck":["AscendersBane","Strike_R","Strike_R","Strike_R","Defend_R","Defend_R","Defend_R","Defend_R","Bash","Uppercut+1","Twin Strike","Battle Trance","True Grit","Fiend Fire","Headbutt","Pommel Strike","Immolate+1","Feed","Sentinel","Armaments+1","Dropkick","Demon Form","Feel No Pain"],"special_seed":0,"potion_use_per_floor":[[],[],[],[],[],[],["Block Potion"],[],[],[],[],["SkillPotion"],[],[],[],[],[],[],[],[],["SneckoOil","Block Potion"],[],[],[],[],[],[],["Weak Potion","EssenceOfSteel"]],"relics":["Burning Blood","Paper Frog","Ancient Tea Set","Bag of Preparation","Pantograph","Cursed Key","MutagenicStrength","Akabeko"],"potions_floor_usage":[21,21,28,28],"damage_taken":[{"damage":4.0,"enemies":"Small Slimes","floor":1.0,"turns":3.0},{"damage":8.0,"enemies":"2 Louse","floor":2.0,"turns":4.0},{"damage":4.0,"enemies":"Jaw Worm","floor":4.0,"turns":3.0},{"damage":30.0,"enemies":"3 Sentries","floor":7.0,"turns":10.0},{"damage":6.0,"enemies":"Gremlin Nob","floor":10.0,"turns":3.0},{"damage":18.0,"enemies":"Exordium Thugs","floor":12.0,"turns":8.0},{"damage":1.0,"enemies":"Blue Slaver","floor":13.0,"turns":3.0},{"damage":2.0,"enemies":"3 Louse","floor":14.0,"turns":3.0},{"damage":39,"enemies":"Hexaghost","floor":16,"turns":8},{"damage":9,"enemies":"Chosen","floor":18,"turns":3},{"damage":23,"enemies":"Shell Parasite","floor":20,"turns":5},{"damage":7,"enemies":"Chosen and Byrds","floor":21,"turns":5},{"damage":32,"enemies":"Book of Stabbing","floor":24,"turns":5},{"damage":0,"enemies":"Snecko","floor":27,"turns":3},{"damage":27,"enemies":"Gremlin Leader","floor":28,"turns":5}],"seed_played":"586607768826088372","neow_bonus_log":{"cardsObtained":[],"cardsUpgraded":[],"cardsRemoved":[],"cardsTransformed":[],"relicsObtained":[],"maxHpGained":0,"goldGained":250,"damageTaken":0,"goldLost":0,"maxHpLost":7},"potions_obtained":[{"floor":2.0,"key":"SkillPotion"},{"floor":4.0,"key":"Block Potion"},{"floor":16,"key":"SneckoOil"},{"floor":20,"key":"Block Potion"},{"floor":24,"key":"EssenceOfSteel"},{"floor":27,"key":"Weak Potion"}],"is_trial":false,"path_per_floor":["M","M","$","M","?","R","E","?","T","E","?","M","M","M","R","B",null,"M","$","M","M","?","?","E","R","T","M","E"],"character_chosen":"IRONCLAD","basemod:card_modifiers":[null,null,null,null,null,null,null,null,null,null,null,null,null,null,null,null,null,null,null,null,null,null,null],"items_purchased":["Paper Frog","Battle Trance"],"campfire_rested":0,"item_purchase_floors":[3,3],"current_hp_per_floor":[68,66,66,68,73,73,49,38,38,38,31,19,24,28,28,20,60,57,57,43,42,42,42,16,16,16,25,0],"gold":280,"neow_bonus":"TWO_FIFTY_GOLD","is_prod":false,"is_daily":false,"rewards_skipped":[],"chose_seed":false,"campfire_upgraded":3,"win_rate":0,"floor_exit_playtime":[58,94,111,152,156,162,294,296,299,397,405,587,642,703,715,852,876,920,938,1026,1123,1145,1170,1247,1256,1261,1308],"timestamp":1720556169,"path_taken":["M","M","$","M","?","R","E","?","T","E","?","M","M","M","R","BOSS","M","$","M","M","?","?","E","R","T","M","E"],"build_version":"2022-12-18","purchased_purges":1,"victory":false,"max_hp_per_floor":[68,68,68,68,73,73,73,73,73,73,73,73,73,73,73,73,73,73,73,76,76,76,76,76,76,76,79,79],"relic_stats":{"counters":[15,71],"Pantograph":25,"Bag of Preparation":[22],"Ancient Tea Set":[4],"Cursed Key":0,"obtain_stats":[{"Pantograph":10,"MutagenicStrength":22,"Bag of Preparation":9,"Ancient Tea Set":7,"Cursed Key":17,"Burning Blood":0,"Akabeko":24,"Paper Frog":3},{"Pantograph":5,"MutagenicStrength":12,"Bag of Preparation":4,"Ancient Tea Set":4,"Cursed Key":9,"Burning Blood":0,"Akabeko":13,"Paper Frog":2},{"Pantograph":23,"MutagenicStrength":58,"Bag of Preparation":20,"Ancient Tea Set":20,"Cursed Key":45,"Burning Blood":0,"Akabeko":63,"Paper Frog":7}],"Burning Blood":82},"card_choices":[{"not_picked":["Pommel Strike","Whirlwind"],"picked":"Uppercut","floor":1.0},{"not_picked":["Thunderclap","Havoc"],"picked":"Twin Strike","floor":2.0},{"not_picked":["Thunderclap","Wild Strike"],"picked":"True Grit","floor":4.0},{"not_picked":["Rampage","Shrug It Off"],"picked":"Fiend Fire","floor":7.0},{"not_picked":["Rampage","Dual Wield","Thunderclap"],"picked":"SKIP","floor":10.0},{"not_picked":["Rage","Iron Wave"],"picked":"Headbutt","floor":12.0},{"not_picked":["Rupture","Warcry"],"picked":"Pommel Strike","floor":13.0},{"not_picked":["Wild Strike","Cleave"],"picked":"Immolate","floor":14.0},{"not_picked":["Double Tap","Barricade"],"picked":"Feed","floor":16},{"not_picked":["Heavy Blade","Warcry"],"picked":"Sentinel","floor":18},{"not_picked":["Heavy Blade","Perfected Strike"],"picked":"Armaments","floor":20},{"not_picked":["Heavy Blade","Dual Wield"],"picked":"Dropkick","floor":21},{"not_picked":["Perfected Strike","Evolve","Clothesline"],"picked":"SKIP","floor":24},{"not_picked":["Clash","Cleave"],"picked":"Feel No Pain","floor":27}],"player_experience":2631814,"relics_obtained":[{"floor":7.0,"key":"Ancient Tea Set"},{"floor":9.0,"key":"Bag of Preparation"},{"floor":10.0,"key":"Pantograph"},{"floor":24,"key":"Akabeko"}],"event_choices":[{"damage_healed":0.0,"max_hp_gain":5.0,"max_hp_loss":0.0,"gold_gain":0.0,"event_name":"Big Fish","player_choice":"Donut","floor":5.0,"gold_loss":0.0,"damage_taken":0.0},{"damage_healed":0.0,"max_hp_gain":0.0,"max_hp_loss":0.0,"gold_gain":75.0,"event_name":"World of Goop","player_choice":"Gather Gold","floor":8.0,"gold_loss":0.0,"damage_taken":11.0},{"cards_removed":["Strike_R"],"damage_healed":0.0,"max_hp_gain":0.0,"max_hp_loss":0.0,"gold_gain":0.0,"event_name":"Golden Wing","player_choice":"Card Removal","floor":11.0,"gold_loss":0.0,"damage_taken":7.0},{"damage_healed":0,"gold_gain":0,"player_choice":"Inject Mutagens","damage_taken":0,"relics_obtained":["MutagenicStrength"],"max_hp_gain":0,"max_hp_loss":0,"event_name":"Drug Dealer","floor":22,"gold_loss":0},{"damage_healed":0,"gold_gain":0,"player_choice":"1 cards matched","damage_taken":0,"max_hp_gain":0,"max_hp_loss":0,"event_name":"Match and Keep!","floor":23,"gold_loss":0,"cards_obtained":["Demon Form"]}],"is_beta":false,"boss_relics":[{"not_picked":["Busted Crown","Mark of Pain"],"picked":"Cursed Key"}],"items_purged_floors":[19],"is_endless":false,"potions_floor_spawned":[2,4,16,20,24,27],"killed_by":"Gremlin Leader","ascension_level":20,"potion_discard_per_floor":[[],[],[],[],[],[],[],[],[],[],[],[],[],[],[],[],[],[],[],[],[],[],[],[],[],[],[],[]]}