{"neow_bonuses_skipped_log":["THREE_CARDS","THREE_ENEMY_KILL","BOSS_RELIC"],"potions_obtained_entropic_brew":[[],[],[],[],[],[],[],[]],"neow_costs_skipped_log":["NONE","NONE","NONE"],"gold_per_floor":[111,121,11,21,21,47,47,47],"floor_reached":8,"playtime":298,"items_purged":[],"score":112,"play_id":"1774f9aa-7392-4741-a743-fc9f7e781972","local_time":"20240708154107","score_breakdown":["Floors Climbed (8): 40","Enemies Slain (3): 6","Exordium Elites Killed (1): 10","Bosses Slain (0): 0","Ascension (20): 56"],"is_ascension_mode":true,"potions_obtained_alchemize":[[],[],[],[],[],[],[],[]],"campfire_choices":[],"lesson_learned_per_floor":[[],[],[],[],[],[],[],[]],"neow_cost":"PERCENT_DAMAGE","improvable_cards":{},"seed_source_timestamp":2534324208100,"shop_contents":[{"floor":3,"relics":["Calipers","Unceasing Top","TheAbacus"],"cards":["Uppercut","Battle Trance","True Grit","Metallicize","Deep Breath","Master of Strategy"],"potions":["AttackPotion","BloodPotion"]}],"circlet_count":0,"master_deck":["AscendersBane","Strike_R","Strike_R","Strike_R","Strike_R","Strike_R","Defend_R","Defend_R","Defend_R","Defend_R","Bash","Perfected Strike+1","Battle Trance","Anger","Iron Wave+1","Disarm"],"potion_use_per_floor":[[],[],[],[],[],["AttackPotion"],[],["SneckoOil"]],"relics":["Burning Blood","Lizard Tail","Happy Flower"],"potions_floor_usage":[6,8],"damage_taken":[{"damage":5,"enemies":"2 Louse","floor":1,"turns":4},{"damage":7,"enemies":"Jaw Worm","floor":2,"turns":3},{"damage":11,"enemies":"Small Slimes","floor":4,"turns":3},{"damage":24,"enemies":"Gremlin Nob","floor":6,"turns":4},{"damage":50,"enemies":"3 Sentries","floor":8,"turns":8}],"green_key_taken_log":6,"seed_played":"-5829297189986031573","neow_bonus_log":{"cardsObtained":[],"cardsUpgraded":[],"cardsRemoved":[],"cardsTransformed":[],"relicsObtained":["Lizard Tail"],"maxHpGained":0,"goldGained":0,"damageTaken":18,"goldLost":0,"maxHpLost":0},"potions_obtained":[{"floor":6,"key":"SneckoOil"}],"is_trial":false,"path_per_floor":["M","M","$","M","?","E","?","E"],"character_chosen":"IRONCLAD","basemod:card_modifiers":[null,null,null,null,null,null,null,null,null,null,null,null,null,null,null,null],"items_purchased":["Anger","AttackPotion"],"campfire_rested":0,"item_purchase_floors":[3,3],"current_hp_per_floor":[51,50,50,45,22,43,43,0],"gold":47,"neow_bonus":"ONE_RARE_RELIC","is_prod":false,"is_daily":false,"rewards_skipped":[],"chose_seed":false,"campfire_upgraded":0,"win_rate":0,"floor_exit_playtime":[69,91,110,155,159,200,204],"timestamp":1720467667,"path_taken":["M","M","$","M","?","E","?","E"],"build_version":"2022-12-18","purchased_purges":0,"victory":false,"max_hp_per_floor":[75,75,75,75,75,75,75,75],"relic_stats":{"Lizard Tail":37,"Happy Flower":[2],"counters":[5,22],"obtain_stats":[{"Lizard Tail":0,"Happy Flower":6,"Burning Blood":0},{"Lizard Tail":0,"Happy Flower":4,"Burning Blood":0},{"Lizard Tail":0,"Happy Flower":14,"Burning Blood":0}],"Burning Blood":24},"card_choices":[{"not_picked":["Dark Embrace","Cleave"],"picked":"Perfected Strike","floor":1},{"not_picked":["Armaments","Shrug It Off"],"picked":"Battle Trance","floor":2},{"not_picked":["Fire Breathing","Entrench"],"picked":"Iron Wave","floor":4},{"not_picked":["Clothesline","Limit Break"],"picked":"Disarm","floor":6}],"player_experience":2619903,"relics_obtained":[{"floor":6,"key":"Happy Flower"}],"event_choices":[{"damage_healed":0,"gold_gain":0,"player_choice":"Entered Light","damage_taken":23,"max_hp_gain":0,"max_hp_loss":0,"event_name":"Shining Light","floor":5,"gold_loss":0,"cards_upgraded":["Perfected Strike","Iron Wave"]},{"damage_healed":0,"gold_gain":0,"player_choice":"Ignored","damage_taken":0,"max_hp_gain":0,"max_hp_loss":0,"event_name":"Liars Game","floor":7,"gold_loss":0}],"is_beta":false,"boss_relics":[],"items_purged_floors":[],"is_endless":false,"potions_floor_spawned":[6],"killed_by":"3 Sentries","ascension_level":20,"potion_discard_per_floor":[[],[],[],[],[],[],[],[]]}