{"neow_bonuses_skipped_log":["THREE_CARDS","TWO_FIFTY_GOLD","BOSS_RELIC"],"potions_obtained_entropic_brew":[[],[],[],[],[],[],[],[]],"neow_costs_skipped_log":["NONE","TEN_PERCENT_HP_LOSS","NONE"],"gold_per_floor":[114,134,144,144,164,208,208,208],"floor_reached":8,"playtime":382,"items_purged":[],"score":116,"play_id":"f9e7a948-897c-4672-b90a-3f1f1bd20b0a","local_time":"20240708154737","score_breakdown":["Floors Climbed (8): 40","Enemies Slain (4): 8","Exordium Elites Killed (1): 10","Bosses Slain (0): 0","Ascension (20): 58"],"is_ascension_mode":true,"potions_obtained_alchemize":[[],[],[],[],[],[],[],[]],"campfire_choices":[{"data":"Inflame","floor":7,"key":"SMITH"}],"lesson_learned_per_floor":[[],[],[],[],[],[],[],[]],"neow_cost":"NONE","improvable_cards":{},"seed_source_timestamp":2840609507800,"shop_contents":[],"circlet_count":0,"master_deck":["AscendersBane","Strike_R","Strike_R","Strike_R","Strike_R","Strike_R","Defend_R+1","Defend_R+1","Defend_R","Defend_R","Bash","Twin Strike","Iron Wave","Inflame+1","Thunderclap","Anger"],"potion_use_per_floor":[[],[],[],[],[],["Weak Potion","FairyPotion"],[],[]],"relics":["Burning Blood","Bronze Scales","Golden Idol","War Paint"],"potions_floor_usage":[6],"damage_taken":[{"damage":17,"enemies":"Small Slimes","floor":1,"turns":4},{"damage":19,"enemies":"Jaw Worm","floor":2,"turns":4},{"damage":1,"enemies":"Cultist","floor":3,"turns":3},{"damage":25,"enemies":"Large Slime","floor":5,"turns":7},{"damage":40,"enemies":"Lagavulin","floor":6,"turns":6},{"damage":29,"enemies":"3 Sentries","floor":8,"turns":5}],"seed_played":"-6838400607045165982","neow_bonus_log":{"cardsObtained":[],"cardsUpgraded":[],"cardsRemoved":[],"cardsTransformed":[],"relicsObtained":["Bronze Scales"],"maxHpGained":0,"goldGained":0,"damageTaken":0,"goldLost":0,"maxHpLost":0},"potions_obtained":[{"floor":2,"key":"Weak Potion"},{"floor":3,"key":"FairyPotion"}],"is_trial":false,"path_per_floor":["M","M","M","?","M","E","R","E"],"character_chosen":"IRONCLAD","basemod:card_modifiers":[null,null,null,null,null,null,null,null,null,null,null,null,null,null,null,null],"items_purchased":[],"campfire_rested":0,"item_purchase_floors":[],"current_hp_per_floor":[57,44,49,49,30,26,26,0],"gold":208,"neow_bonus":"RANDOM_COMMON_RELIC","is_prod":false,"is_daily":false,"rewards_skipped":[],"chose_seed":false,"campfire_upgraded":1,"win_rate":0,"floor_exit_playtime":[49,86,117,121,219,283,316],"timestamp":1720468057,"path_taken":["M","M","M","?","M","E","R","E"],"build_version":"2022-12-18","purchased_purges":0,"victory":false,"max_hp_per_floor":[75,75,75,68,68,68,68,68],"relic_stats":{"counters":[6,29],"Golden Idol":13,"Bronze Scales":[50],"War Paint":["Defend_R","Defend_R"],"obtain_stats":[{"Golden Idol":4,"Bronze Scales":0,"War Paint":6,"Burning Blood":0},{"Golden Idol":3,"Bronze Scales":0,"War Paint":5,"Burning Blood":0},{"Golden Idol":11,"Bronze Scales":0,"War Paint":24,"Burning Blood":0}],"Burning Blood":30},"card_choices":[{"not_picked":["Rage","Sword Boomerang"],"picked":"Twin Strike","floor":1},{"not_picked":["Havoc","Wild Strike"],"picked":"Iron Wave","floor":2},{"not_picked":["Clothesline","Wild Strike"],"picked":"Inflame","floor":3},{"not_picked":["Metallicize","Rage"],"picked":"Thunderclap","floor":5},{"not_picked":["Perfected Strike","Clash"],"picked":"Anger","floor":6}],"player_experience":2620201,"relics_obtained":[{"floor":6,"key":"War Paint"}],"event_choices":[{"damage_healed":0,"gold_gain":0,"player_choice":"Lose Max HP","damage_taken":0,"relics_obtained":["Golden Idol"],"max_hp_gain":0,"max_hp_loss":7,"event_name":"Golden Idol","floor":4,"gold_loss":0}],"is_beta":false,"boss_relics":[],"items_purged_floors":[],"is_endless":false,"potions_floor_spawned":[2,3],"killed_by":"3 Sentries","ascension_level":20,"potion_discard_per_floor":[[],[],[],[],[],[],[],[]]}