{"neow_bonuses_skipped_log":["REMOVE_CARD","THREE_SMALL_POTIONS","BOSS_RELIC"],"potions_obtained_entropic_brew":[[],[],[],[],[],[],[],[],[],[],[],[],[],[],[],[],[],[],[],[],[],[],[],[],[],[],[],[],[],[],[],[],[],[],[],[],[],[],[],[],[],[],[],[],[],[],[],[],[],[],[],[],[],[],[],[],[]],"neow_costs_skipped_log":["NONE","NONE","NONE"],"gold_per_floor":[118,132,2,2,18,46,46,59,59,91,91,141,152,186,186,261,261,279,53,73,91,107,142,142,169,240,340,390,390,410,439,439,516,516,535,545,142,153,153,178,192,67,93,93,125,125,154,166,166,166,166,166,166,37,66,66],"floor_reached":57,"playtime":9011,"items_purged":["Decay","Clothesline","Twin Strike"],"score":2740,"play_id":"de4f63b1-c4d5-45d8-b24f-b32f089fcf4b","local_time":"20240708182432","score_breakdown":["Floors Climbed (57): 285","Enemies Slain (15): 30","Exordium Elites Killed (3): 30","City Elites Killed (3): 60","Beyond Elites Killed (3): 90","Bosses Slain (5): 750","Ascension (20): 1245","Heartbreaker: 250"],"is_ascension_mode":true,"potions_obtained_alchemize":[[],[],[],[],[],[],[],[],[],[],[],[],[],[],[],[],[],[],[],[],[],[],[],[],[],[],[],[],[],[],[],[],[],[],[],[],[],[],[],[],[],[],[],[],[],[],[],[],[],[],[],[],[],[],[],[],[]],"campfire_choices":[{"data":"Hemokinesis","floor":7,"key":"SMITH"},{"floor":15,"key":"REST"},{"data":"Corruption","floor":24,"key":"SMITH"},{"data":"Spot Weakness","floor":32,"key":"SMITH"},{"data":"Warcry","floor":44,"key":"SMITH"},{"floor":49,"key":"RECALL"},{"data":"Bash","floor":53,"key":"SMITH"}],"lesson_learned_per_floor":[[],[],[],[],[],[],[],[],[],[],[],[],[],[],[],[],[],[],[],[],[],[],[],[],[],[],[],[],[],[],[],[],[],[],[],[],[],[],[],[],[],[],[],[],[],[],[],[],[],[],[],[],[],[],[],[],[]],"neow_cost":"CURSE","improvable_cards":{},"seed_source_timestamp":3613389746800,"shop_contents":[{"floor":3,"relics":["War Paint","Charon\u0027s Ashes","Strange Spoon"],"cards":["Anger","Carnage","True Grit","Ghostly Armor","Evolve","Purity","Magnetism"],"potions":["AttackPotion","DuplicationPotion"]},{"floor":19,"relics":["Blue Candle","Bag of Marbles"],"cards":["Heavy Blade+1","Twin Strike+1","Power Through","Evolve+1","Jack Of All Trades","Panache+1"],"potions":["LiquidMemories","CultistPotion","Ancient Potion"]},{"floor":37,"relics":["Bottled Lightning","Frozen Eye"],"cards":["Thunderclap+1","Perfected Strike+1","Exhume","Dual Wield","Madness","The Bomb"],"potions":["Weak Potion","DistilledChaos"]},{"floor":42,"relics":["Ancient Tea Set","Boot","ClockworkSouvenir"],"cards":["Wild Strike+1","Sword Boomerang+1","Warcry","Impervious","Metallicize+1","Panacea","The Bomb"],"potions":["ColorlessPotion","LiquidMemories","DuplicationPotion"]},{"floor":46,"relics":["Dead Branch","Eternal Feather","Membership Card"],"cards":["Wild Strike+1","Dropkick+1","Flame Barrier","Second Wind","Inflame+1","Good Instincts","Master of Strategy"],"potions":["Explosive Potion","EntropicBrew","LiquidBronze"]},{"floor":54,"relics":["Thread and Needle","Mercury Hourglass","Lee\u0027s Waffle"],"cards":["Carnage+1","Immolate+1","Intimidate","Finesse","Metamorphosis"],"potions":["ElixirPotion","Block Potion","SmokeBomb"]}],"circlet_count":0,"master_deck":["AscendersBane","Defend_R","Defend_R","Defend_R","Defend_R","Bash+1","Reckless Charge","Pummel","Hemokinesis+1","Corruption+1","Fire Breathing+1","Sword Boomerang+1","Shrug It Off","Juggernaut+1","Whirlwind+1","Shrug It Off","Shockwave+1","Spot Weakness+1","Warcry+1","Pommel Strike+1","Battle Trance","Dark Embrace+1","Burning Pact+1","Reaper+1","Headbutt+1","Pommel Strike+1","Dark Embrace+1","Inflame+1","Feel No Pain+1","Shockwave"],"potion_use_per_floor":[[],[],[],[],[],["PowerPotion"],[],[],[],["Strength Potion"],[],[],[],[],[],["Strength Potion"],[],[],[],[],[],[],[],[],["GamblersBrew"],[],["FearPotion"],[],[],[],[],[],["Strength Potion"],[],[],[],[],[],[],[],[],[],[],[],[],[],[],[],[],[],[],[],[],[],[],[],[]],"relics":["Burning Blood","Pear","Frozen Egg 2","Molten Egg 2","Self Forming Clay","Runic Pyramid","Sling","Pen Nib","Centennial Puzzle","Sundial","Lizard Tail","Letter Opener","Du-Vu Doll","Coffee Dripper","Happy Flower","Gremlin Horn","Unceasing Top","Singing Bowl","InkBottle"],"potions_floor_usage":[6,10,16,25,27,33],"damage_taken":[{"damage":6,"enemies":"2 Louse","floor":1,"turns":2},{"damage":16,"enemies":"Jaw Worm","floor":2,"turns":4},{"damage":2,"enemies":"Small Slimes","floor":5,"turns":3},{"damage":12,"enemies":"3 Sentries","floor":6,"turns":5},{"damage":7,"enemies":"3 Louse","floor":8,"turns":3},{"damage":8,"enemies":"Gremlin Nob","floor":10,"turns":3},{"damage":19,"enemies":"Exordium Wildlife","floor":13,"turns":3},{"damage":27,"enemies":"3 Sentries","floor":14,"turns":5},{"damage":28,"enemies":"The Guardian","floor":16,"turns":11},{"damage":10,"enemies":"Spheric Guardian","floor":18,"turns":4},{"damage":3,"enemies":"Chosen","floor":20,"turns":5},{"damage":3,"enemies":"3 Cultists","floor":21,"turns":5},{"damage":0,"enemies":"Centurion and Healer","floor":22,"turns":5},{"damage":28,"enemies":"Book of Stabbing","floor":23,"turns":5},{"damage":37,"enemies":"Slavers","floor":25,"turns":3},{"damage":11,"enemies":"Colosseum Slavers","floor":27,"turns":4},{"damage":2,"enemies":"Colosseum Nobs","floor":27,"turns":4},{"damage":12,"enemies":"Snake Plant","floor":30,"turns":4},{"damage":17,"enemies":"Book of Stabbing","floor":31,"turns":4},{"damage":37,"enemies":"Collector","floor":33,"turns":6},{"damage":1,"enemies":"Orb Walker","floor":35,"turns":3},{"damage":13,"enemies":"3 Shapes","floor":36,"turns":3},{"damage":0,"enemies":"3 Darklings","floor":38,"turns":3},{"damage":18,"enemies":"Reptomancer","floor":40,"turns":4},{"damage":21,"enemies":"4 Shapes","floor":41,"turns":5},{"damage":13,"enemies":"Giant Head","floor":45,"turns":4},{"damage":5,"enemies":"Nemesis","floor":47,"turns":3},{"damage":29,"enemies":"Jaw Worm Horde","floor":48,"turns":2},{"damage":39,"enemies":"Donu and Deca","floor":50,"turns":4},{"damage":53,"enemies":"Time Eater","floor":51,"turns":5},{"damage":30,"enemies":"Shield and Spear","floor":55,"turns":5},{"damage":109,"enemies":"The Heart","floor":56,"turns":7}],"green_key_taken_log":40,"seed_played":"-6099071547099280883","neow_bonus_log":{"cardsObtained":["Decay","Reckless Charge","Pummel"],"cardsUpgraded":[],"cardsRemoved":[],"cardsTransformed":["Strike_R","Strike_R"],"relicsObtained":[],"maxHpGained":0,"goldGained":0,"damageTaken":0,"goldLost":0,"maxHpLost":0},"potions_obtained":[{"floor":1,"key":"PowerPotion"},{"floor":6,"key":"FearPotion"},{"floor":13,"key":"Strength Potion"},{"floor":20,"key":"GamblersBrew"},{"floor":30,"key":"Strength Potion"},{"floor":38,"key":"Fire Potion"}],"is_trial":false,"path_per_floor":["M","M","$","?","M","E","R","M","T","E","?","?","M","E","R","B",null,"M","$","M","M","M","E","R","E","T","?","?","?","M","E","R","B",null,"M","M","$","M","?","E","M","$","T","R","E","$","E","M","R","B","B",null,"R","$","E","B",null],"character_chosen":"IRONCLAD","basemod:card_modifiers":[null,null,null,null,null,null,null,null,null,null,null,null,null,null,null,null,null,null,null,null,null,null,null,null,null,null,null,null,null,null],"items_purchased":["Strength Potion","Sling","Shrug It Off","Dark Embrace+1","Happy Flower","Energy Potion","Feel No Pain+1","Shockwave"],"campfire_rested":1,"item_purchase_floors":[3,19,19,37,37,37,54,54],"current_hp_per_floor":[68,58,58,51,55,59,59,58,58,56,56,48,35,14,39,17,68,64,64,67,70,76,54,54,23,23,22,22,22,16,48,48,17,68,83,85,85,85,85,73,69,69,69,69,85,85,87,89,89,89,61,82,82,82,91,39],"gold":66,"neow_bonus":"TRANSFORM_TWO_CARDS","is_prod":false,"is_daily":false,"rewards_skipped":[{"floor":8,"relics":[],"potions":["DistilledChaos"]},{"floor":14,"relics":[],"potions":["Dexterity Potion"]},{"floor":22,"relics":[],"potions":["LiquidMemories"]},{"floor":23,"relics":[],"potions":["SneckoOil"]},{"floor":40,"relics":[],"potions":["Explosive Potion"]},{"floor":45,"relics":[],"potions":["BloodPotion"]},{"floor":55,"relics":[],"potions":["Explosive Potion"]}],"chose_seed":false,"campfire_upgraded":5,"win_rate":0,"floor_exit_playtime":[72,108,131,141,183,254,264,322,325,377,395,399,446,537,543,816,832,889,920,971,1046,1129,1216,1233,1317,1321,1569,1573,1588,1651,1737,1747,1903,2166,7521,7596,7670,7772,7784,7919,8041,8072,8075,8082,8193,8221,8289,8329,8333,8466,8605,8616,8629,8648,8819,9011],"timestamp":1720477472,"blue_key_relic_skipped_log":{"floor":43,"relicID":"Oddly Smooth Stone"},"path_taken":["M","M","$","?","M","E","R","M","T","E","?","?","M","E","R","BOSS","M","$","?","M","M","E","R","E","T","?","?","?","M","E","R","BOSS","M","M","$","M","?","E","M","?","T","R","E","$","E","M","R","BOSS","BOSS","R","$","E","BOSS"],"build_version":"2022-12-18","purchased_purges":3,"victory":true,"max_hp_per_floor":[75,75,75,75,75,85,85,85,85,85,85,85,85,85,85,85,85,85,85,85,85,85,85,85,85,85,85,85,85,85,85,85,85,85,85,85,85,85,85,85,85,85,85,85,85,85,87,89,89,89,89,89,89,89,91,91],"relic_stats":{"Happy Flower":[14],"Gremlin Horn":[4,5],"Singing Bowl":6,"counters":[32,136],"Self Forming Clay":[315],"Pen Nib":[13],"Letter Opener":[187],"Burning Blood":160,"Centennial Puzzle":[43],"Lizard Tail":42,"Sundial":[40],"obtain_stats":[{"Pear":6,"Happy Flower":37,"Gremlin Horn":40,"Singing Bowl":47,"Self Forming Clay":14,"Pen Nib":23,"Letter Opener":27,"Frozen Egg 2":9,"Sling":19,"Burning Blood":0,"Du-Vu Doll":31,"Centennial Puzzle":25,"Lizard Tail":27,"Sundial":26,"Molten Egg 2":10,"Coffee Dripper":34,"Unceasing Top":45,"InkBottle":55,"Runic Pyramid":17},{"Pear":4,"Happy Flower":22,"Gremlin Horn":24,"Singing Bowl":27,"Self Forming Clay":8,"Pen Nib":14,"Letter Opener":17,"Frozen Egg 2":5,"Sling":10,"Burning Blood":0,"Du-Vu Doll":19,"Centennial Puzzle":15,"Lizard Tail":17,"Sundial":15,"Molten Egg 2":6,"Coffee Dripper":20,"Unceasing Top":26,"InkBottle":31,"Runic Pyramid":9},{"Pear":14,"Happy Flower":94,"Gremlin Horn":101,"Singing Bowl":113,"Self Forming Clay":28,"Pen Nib":63,"Letter Opener":74,"Frozen Egg 2":17,"Sling":43,"Burning Blood":0,"Du-Vu Doll":82,"Centennial Puzzle":66,"Lizard Tail":74,"Sundial":66,"Molten Egg 2":20,"Coffee Dripper":88,"Unceasing Top":110,"InkBottle":129,"Runic Pyramid":39}],"Unceasing Top":[0],"InkBottle":[1]},"card_choices":[{"not_picked":["True Grit","Heavy Blade"],"picked":"Clothesline","floor":1},{"not_picked":["Thunderclap","Body Slam"],"picked":"Twin Strike","floor":2},{"not_picked":["Body Slam","Carnage"],"picked":"Hemokinesis","floor":5},{"not_picked":["Perfected Strike","Clothesline"],"picked":"Corruption","floor":6},{"not_picked":["Iron Wave","Dual Wield","Thunderclap"],"picked":"SKIP","floor":8},{"not_picked":["Iron Wave","Dual Wield","Thunderclap"],"picked":"SKIP","floor":8},{"not_picked":["Combust+1","Flex"],"picked":"Fire Breathing+1","floor":10},{"not_picked":["Clothesline+1","True Grit"],"picked":"Shrug It Off","floor":13},{"not_picked":["Pummel+1","Rage","Body Slam+1"],"picked":"SKIP","floor":14},{"not_picked":["Feed+1","Barricade+1"],"picked":"Juggernaut+1","floor":16},{"not_picked":["Flex","Burning Pact"],"picked":"Whirlwind+1","floor":18},{"not_picked":["Sever Soul+1","Rupture+1"],"picked":"Shockwave","floor":20},{"not_picked":["Shockwave","Power Through"],"picked":"Spot Weakness","floor":21},{"not_picked":["Sever Soul+1","Infernal Blade"],"picked":"Warcry","floor":22},{"not_picked":["Disarm","Twin Strike+1"],"picked":"Pommel Strike+1","floor":23},{"not_picked":["Reckless Charge+1","Hemokinesis+1"],"picked":"Battle Trance","floor":25},{"not_picked":["Shrug It Off","Disarm+1"],"picked":"Dark Embrace+1","floor":27},{"not_picked":["Battle Trance","Cleave+1","Fire Breathing+1"],"picked":"SKIP","floor":30},{"not_picked":["Warcry","Battle Trance+1"],"picked":"Burning Pact+1","floor":31},{"not_picked":["Berserk+1","Immolate+1"],"picked":"Reaper+1","floor":33},{"not_picked":["Fire Breathing+1","Clash+1"],"picked":"Headbutt+1","floor":35},{"not_picked":["Twin Strike+1","Armaments"],"picked":"Pommel Strike+1","floor":36},{"not_picked":["Armaments","Wild Strike+1"],"picked":"Inflame+1","floor":38},{"not_picked":["Power Through","Blood for Blood+1","Rampage+1"],"picked":"SKIP","floor":40},{"not_picked":["Intimidate","Rampage+1","Power Through"],"picked":"SKIP","floor":41},{"not_picked":["Intimidate","Rampage+1","Power Through"],"picked":"SKIP","floor":41},{"not_picked":["Intimidate","Rampage+1","Power Through"],"picked":"SKIP","floor":41},{"not_picked":["Pommel Strike+1","Clash+1","Bludgeon+1"],"picked":"SKIP","floor":45},{"not_picked":["Second Wind","Dark Embrace+1","Armaments"],"picked":"Singing Bowl","floor":47},{"not_picked":["Sever Soul+1","Heavy Blade+1","Clash+1"],"picked":"Singing Bowl","floor":48},{"not_picked":["Anger+1","Perfected Strike+1","Iron Wave+1"],"picked":"Singing Bowl","floor":55}],"player_experience":2620897,"relics_obtained":[{"floor":6,"key":"Pear"},{"floor":9,"key":"Frozen Egg 2"},{"floor":10,"key":"Molten Egg 2"},{"floor":14,"key":"Self Forming Clay"},{"floor":23,"key":"Pen Nib"},{"floor":25,"key":"Centennial Puzzle"},{"floor":26,"key":"Sundial"},{"floor":27,"key":"Lizard Tail"},{"floor":27,"key":"Letter Opener"},{"floor":31,"key":"Du-Vu Doll"},{"floor":40,"key":"Gremlin Horn"},{"floor":45,"key":"Unceasing Top"},{"floor":47,"key":"Singing Bowl"},{"floor":55,"key":"InkBottle"}],"event_choices":[{"cards_removed":["Strike_R"],"damage_healed":0,"gold_gain":0,"player_choice":"Card Removal","damage_taken":7,"max_hp_gain":0,"max_hp_loss":0,"event_name":"Golden Wing","floor":4,"gold_loss":0},{"damage_healed":0,"gold_gain":0,"cards_transformed":["Strike_R"],"player_choice":"Change","damage_taken":0,"max_hp_gain":0,"max_hp_loss":0,"event_name":"Living Wall","floor":11,"gold_loss":0,"cards_obtained":["Sword Boomerang"]},{"damage_healed":0,"gold_gain":50,"player_choice":"Touch","damage_taken":8,"max_hp_gain":0,"max_hp_loss":0,"event_name":"FaceTrader","floor":12,"gold_loss":0},{"damage_healed":0,"gold_gain":0,"player_choice":"Fight","damage_taken":0,"max_hp_gain":0,"max_hp_loss":0,"event_name":"Colosseum","floor":27,"gold_loss":0},{"damage_healed":0,"gold_gain":0,"player_choice":"Fought Nobs","damage_taken":0,"max_hp_gain":0,"max_hp_loss":0,"event_name":"Colosseum","floor":27,"gold_loss":0},{"damage_healed":0,"gold_gain":50,"player_choice":"Stole From Cult","damage_taken":0,"max_hp_gain":0,"max_hp_loss":0,"event_name":"Nest","floor":28,"gold_loss":0},{"cards_removed":["Strike_R"],"damage_healed":0,"gold_gain":0,"player_choice":"Elegance","damage_taken":0,"max_hp_gain":0,"max_hp_loss":0,"event_name":"Back to Basics","floor":29,"gold_loss":0},{"damage_healed":0,"gold_gain":0,"player_choice":"Forge","damage_taken":0,"max_hp_gain":0,"max_hp_loss":0,"event_name":"Accursed Blacksmith","floor":39,"gold_loss":0,"cards_upgraded":["Shockwave"]}],"is_beta":false,"boss_relics":[{"not_picked":["SacredBark","Cursed Key"],"picked":"Runic Pyramid"},{"not_picked":["Calling Bell","Busted Crown"],"picked":"Coffee Dripper"}],"items_purged_floors":[3,37,42],"is_endless":false,"potions_floor_spawned":[1,6,8,13,14,20,22,23,27,30,38,40,45,55],"ascension_level":20,"potion_discard_per_floor":[[],[],[],[],[],[],[],[],[],[],[],[],[],[],[],[],[],[],[],[],[],[],[],[],[],[],[],[],[],[],[],[],[],[],[],[],[],[],[],[],[],[],[],[],[],[],[],[],[],[],[],[],[],[],[],[],[]]}