{"neow_bonuses_skipped_log":["ONE_RANDOM_RARE_CARD","THREE_SMALL_POTIONS","BOSS_RELIC"],"neow_costs_skipped_log":["NONE","NONE","NONE"],"potions_obtained_entropic_brew":[[],[],[],[],[],[],[],[],[],[],[],[],[],[],[],[],[],[],[],[],[],[],[],[],[],[],[],[],[],[],[],[],[],[],[],[],[],[],[],[],[],[],[],[],[],[],[],[],[],[],[],[],[],[],[],[],[]],"gold_per_floor":[19,19,19,40,64,103,103,137,164,189,189,205,205,246,246,339,339,358,358,88,109,148,148,184,184,209,253,52,52,92,117,117,210,210,231,245,245,40,64,405,425,446,473,509,168,228,262,293,293,293,293,293,293,30,61,61],"floor_reached":57,"playtime":3565,"items_purged":["Strike_R+1","Strike_R+1","Defend_R+1"],"score":3107,"play_id":"8e84f85e-737e-4812-8e69-7526dcddcd74","local_time":"20240828145953","score_breakdown":["Floors Climbed (57): 285","Enemies Slain (13): 26","Exordium Elites Killed (3): 30","City Elites Killed (3): 60","Beyond Elites Killed (3): 90","Bosses Slain (5): 750","Speedster: 25","I Like Shiny: 50","Money Money (1341): 25","Librarian: 25","Stuffed: 50","Champion (3): 75","Overkill: 25","Ascension (20): 1341","Heartbreaker: 250"],"is_ascension_mode":true,"potions_obtained_alchemize":[[],[],[],[],[],[],[],[],[],[],[],[],[],[],[],[],[],[],[],[],[],[],[],[],[],[],[],[],[],[],[],[],[],[],[],[],[],[],[],[],[],[],[],[],[],[],[],[],[],[],[],[],[],[],[],[],[]],"campfire_choices":[{"data":"Whirlwind","floor":7,"key":"SMITH"},{"data":"Fiend Fire","floor":11,"key":"SMITH"},{"data":"Blood for Blood","floor":13,"key":"SMITH"},{"data":"Bash","floor":15,"key":"SMITH"},{"data":"Corruption","floor":23,"key":"SMITH"},{"data":"Feel No Pain","floor":25,"key":"SMITH"},{"data":"Pommel Strike","floor":32,"key":"SMITH"},{"floor":49,"key":"RECALL"},{"data":"Dark Embrace","floor":53,"key":"SMITH"}],"lesson_learned_per_floor":[[],[],[],[],[],[],[],[],[],[],[],[],[],[],[],[],[],[],[],[],[],[],[],[],[],[],[],[],[],[],[],[],[],[],[],[],[],[],[],[],[],[],[],[],[],[],[],[],[],[],[],[],[],[],[],[],[]],"neow_cost":"NO_GOLD","improvable_cards":{},"seed_source_timestamp":327697270806400,"shop_contents":[{"floor":20,"relics":["Dream Catcher","Whetstone","Strange Spoon"],"cards":["Searing Blow","Twin Strike","Armaments+1","Warcry+1","Rupture","Discovery+1"],"potions":["Energy Potion","Ancient Potion","ColorlessPotion"]},{"floor":28,"relics":["Molten Egg 2","Ancient Tea Set","Lee\u0027s Waffle"],"cards":["Wild Strike","Cleave","Flex+1","Metallicize","Discovery+1","Metamorphosis+1"],"potions":["LiquidBronze","BloodPotion","LiquidBronze"]},{"floor":38,"relics":["Bag of Preparation","Sundial"],"cards":["Cleave","Perfected Strike","Havoc+1","Evolve","Enlightenment+1","Panache"],"potions":["AttackPotion","Dexterity Potion","Strength Potion"]},{"floor":45,"relics":["Turnip","HandDrill"],"cards":["Iron Wave","Anger","Infernal Blade+1","Mind Blast","Chrysalis+1"],"potions":["GamblersBrew","Explosive Potion"]},{"floor":54,"relics":["Anchor","Sling"],"cards":["Heavy Blade","Panacea+1","Secret Weapon+1"],"potions":["BlessingOfTheForge","LiquidMemories","AttackPotion"]}],"circlet_count":0,"master_deck":["AscendersBane","Defend_R+1","Defend_R+1","Defend_R+1","Bash+1","Flame Barrier","Blood for Blood+1","Whirlwind+1","Infernal Blade+1","Feel No Pain+1","Metallicize","Fiend Fire+1","Anger","Seeing Red+1","Corruption+1","Impervious+1","Dual Wield+1","True Grit+1","Apotheosis+1","Shrug It Off+1","Body Slam+1","Spot Weakness+1","Exhume+1","Ghostly Armor+1","Reckless Charge","Pommel Strike+1","Sentinel+1","Exhume+1","Feed","CurseOfTheBell","Burning Pact+1","Burning Pact+1","Bloodletting+1","Spot Weakness+1","Impervious+1","Shockwave+1","Dark Embrace+1","Shrug It Off+1","Feel No Pain","Shrug It Off+1","Pommel Strike","Bloodletting+1","Disarm+1"],"potion_use_per_floor":[[],[],[],[],[],["Fire Potion"],[],["Strength Potion"],[],[],[],[],[],["Weak Potion"],[],["ColorlessPotion"],[],[],[],[],[],[],[],["EssenceOfSteel"],[],[],[],[],[],["SteroidPotion"],[],[],[],[],[],[],[],[],[],[],[],[],[],["Energy Potion"],[],[],[],[],[],[],[],[],[],[],[],["Ancient Potion"],[]],"relics":["Burning Blood","Golden Idol","Toxic Egg 2","Prayer Wheel","Regal Pillow","Vajra","Toy Ornithopter","Runic Pyramid","Red Mask","Smiling Mask","PreservedInsect","Red Skull","Pen Nib","Calling Bell","MealTicket","Paper Frog","Charon\u0027s Ashes","Membership Card","Old Coin","Champion Belt","Bird Faced Urn","CaptainsWheel","Oddly Smooth Stone","Lizard Tail","Self Forming Clay","Akabeko"],"potions_floor_usage":[6,8,14,16,24,30,44,56],"damage_taken":[{"damage":9,"enemies":"Jaw Worm","floor":1,"turns":4},{"damage":4,"enemies":"2 Louse","floor":4,"turns":4},{"damage":0,"enemies":"Small Slimes","floor":5,"turns":3},{"damage":20,"enemies":"Lagavulin","floor":6,"turns":6},{"damage":8,"enemies":"Gremlin Nob","floor":8,"turns":3},{"damage":11,"enemies":"Exordium Wildlife","floor":10,"turns":2},{"damage":4,"enemies":"Large Slime","floor":12,"turns":4},{"damage":0,"enemies":"Lagavulin","floor":14,"turns":6},{"damage":30,"enemies":"Hexaghost","floor":16,"turns":9},{"damage":0,"enemies":"Chosen","floor":18,"turns":2},{"damage":0,"enemies":"Spheric Guardian","floor":21,"turns":3},{"damage":6,"enemies":"Masked Bandits","floor":22,"turns":5},{"damage":10,"enemies":"Slavers","floor":24,"turns":4},{"damage":1,"enemies":"Book of Stabbing","floor":27,"turns":3},{"damage":0,"enemies":"Slavers","floor":30,"turns":1},{"damage":0,"enemies":"Chosen and Byrds","floor":31,"turns":5},{"damage":4,"enemies":"Champ","floor":33,"turns":14},{"damage":1,"enemies":"3 Shapes","floor":35,"turns":7},{"damage":0,"enemies":"Orb Walker","floor":36,"turns":3},{"damage":6,"enemies":"Maw","floor":39,"turns":8},{"damage":3,"enemies":"Nemesis","floor":40,"turns":5},{"damage":4,"enemies":"Sphere and 2 Shapes","floor":41,"turns":4},{"damage":14,"enemies":"4 Shapes","floor":42,"turns":5},{"damage":26,"enemies":"Reptomancer","floor":44,"turns":7},{"damage":2,"enemies":"2 Orb Walkers","floor":46,"turns":4},{"damage":0,"enemies":"Giant Head","floor":47,"turns":4},{"damage":3,"enemies":"Mind Bloom Boss Battle","floor":48,"turns":3},{"damage":51,"enemies":"Donu and Deca","floor":50,"turns":6},{"damage":29,"enemies":"Awakened One","floor":51,"turns":10},{"damage":56,"enemies":"Shield and Spear","floor":55,"turns":6},{"damage":43,"enemies":"The Heart","floor":56,"turns":8}],"green_key_taken_log":27,"seed_played":"-5711692849049770604","neow_bonus_log":{"cardsObtained":["Flame Barrier","Blood for Blood"],"cardsUpgraded":[],"cardsRemoved":[],"cardsTransformed":["Strike_R","Strike_R"],"relicsObtained":[],"maxHpGained":0,"goldGained":0,"damageTaken":0,"goldLost":99,"maxHpLost":0},"potions_obtained":[{"floor":1,"key":"Fire Potion"},{"floor":6,"key":"Strength Potion"},{"floor":8,"key":"ColorlessPotion"},{"floor":10,"key":"Weak Potion"},{"floor":18,"key":"PowerPotion"},{"floor":21,"key":"EssenceOfSteel"},{"floor":22,"key":"SteroidPotion"},{"floor":30,"key":"Regen Potion"},{"floor":35,"key":"Ancient Potion"},{"floor":40,"key":"Energy Potion"}],"is_trial":false,"path_per_floor":["M","?","T","M","M","E","R","E","T","M","R","M","R","E","R","B",null,"M","?","$","M","?","R","E","R","T","E","$","?","E","M","R","B",null,"M","M","?","$","M","E","M","M","T","E","$","?","E","?","R","B","B",null,"R","$","E","B",null],"character_chosen":"IRONCLAD","basemod:card_modifiers":[null,null,null,null,null,null,null,null,null,null,null,null,null,null,null,null,null,null,null,null,null,null,null,null,null,null,null,null,null,null,null,null,null,null,null,null,null,null,null,null,null,null,null],"items_purchased":["Apotheosis+1","Exhume+1","Membership Card","Burning Pact+1","Shockwave+1","Dark Embrace","Bird Faced Urn","FairyPotion","Self Forming Clay","Feel No Pain","Shrug It Off+1","Pommel Strike","Bloodletting+1"],"campfire_rested":0,"item_purchase_floors":[20,28,38,38,45,45,45,45,54,54,54,54,54],"current_hp_per_floor":[65,65,65,67,68,54,54,52,52,47,47,49,49,55,55,36,60,66,66,66,68,68,68,64,64,64,68,68,68,68,68,68,68,68,76,76,76,76,80,84,88,89,89,78,93,109,113,117,117,92,81,117,117,129,95,75],"gold":61,"neow_bonus":"TRANSFORM_TWO_CARDS","is_prod":false,"is_daily":false,"rewards_skipped":[{"floor":41,"relics":[],"potions":["Dexterity Potion"]},{"floor":42,"relics":[],"potions":["ElixirPotion"]},{"floor":47,"relics":[],"potions":["FearPotion"]},{"floor":48,"relics":[],"potions":["CultistPotion"]},{"floor":55,"relics":[],"potions":["LiquidBronze"]}],"chose_seed":false,"campfire_upgraded":8,"win_rate":0,"floor_exit_playtime":[67,72,74,138,172,225,233,265,267,315,321,364,377,453,460,582,601,632,646,675,738,836,842,950,970,972,1038,1059,1074,1100,1175,1179,1520,1548,1659,1705,1708,1727,1870,1987,2110,2222,2225,2406,2429,2519,2619,2711,2713,2924,3141,3152,3158,3204,3359,3565],"timestamp":1724871593,"blue_key_relic_skipped_log":{"floor":43,"relicID":"Art of War"},"path_taken":["M","?","?","M","M","E","R","E","T","M","R","M","R","E","R","BOSS","M","?","$","M","?","R","E","R","T","E","?","?","E","M","R","BOSS","M","M","?","?","M","E","M","M","T","E","$","?","E","?","R","BOSS","BOSS","R","$","E","BOSS"],"build_version":"2022-12-18","purchased_purges":3,"victory":true,"max_hp_per_floor":[75,68,68,68,68,68,68,68,68,68,68,68,68,68,68,68,68,68,68,68,68,68,68,68,68,68,68,68,68,68,68,68,68,68,76,76,76,76,80,84,88,97,97,101,101,109,113,117,117,125,129,129,129,129,137,137],"relic_stats":{"Regal Pillow":0,"counters":[31,158],"Golden Idol":247,"Self Forming Clay":[54],"PreservedInsect":402,"Pen Nib":[15],"Charon\u0027s Ashes":[972],"Smiling Mask":63,"Burning Blood":133,"Lizard Tail":0,"Bird Faced Urn":[48],"Prayer Wheel":10,"MealTicket":27,"Membership Card":650,"Champion Belt":[16],"obtain_stats":[{"Regal Pillow":8,"Vajra":9,"Smiling Mask":24,"Burning Blood":0,"Old Coin":40,"Lizard Tail":48,"Prayer Wheel":6,"MealTicket":34,"Red Mask":22,"Toxic Egg 2":3,"Red Skull":27,"Runic Pyramid":17,"Paper Frog":34,"Golden Idol":2,"Self Forming Clay":54,"Oddly Smooth Stone":47,"PreservedInsect":26,"Pen Nib":30,"Charon\u0027s Ashes":34,"Akabeko":55,"Calling Bell":34,"CaptainsWheel":46,"Bird Faced Urn":45,"Membership Card":38,"Champion Belt":44,"Toy Ornithopter":14},{"Regal Pillow":5,"Vajra":5,"Smiling Mask":13,"Burning Blood":0,"Old Coin":21,"Lizard Tail":27,"Prayer Wheel":4,"MealTicket":17,"Red Mask":12,"Toxic Egg 2":1,"Red Skull":14,"Runic Pyramid":9,"Paper Frog":17,"Golden Idol":1,"Self Forming Clay":29,"Oddly Smooth Stone":26,"PreservedInsect":13,"Pen Nib":15,"Charon\u0027s Ashes":17,"Akabeko":30,"Calling Bell":17,"CaptainsWheel":25,"Bird Faced Urn":24,"Membership Card":19,"Champion Belt":24,"Toy Ornithopter":8},{"Regal Pillow":20,"Vajra":20,"Smiling Mask":55,"Burning Blood":0,"Old Coin":101,"Lizard Tail":128,"Prayer Wheel":17,"MealTicket":78,"Red Mask":51,"Toxic Egg 2":4,"Red Skull":58,"Runic Pyramid":41,"Paper Frog":78,"Golden Idol":4,"Self Forming Clay":144,"Oddly Smooth Stone":125,"PreservedInsect":55,"Pen Nib":59,"Charon\u0027s Ashes":78,"Akabeko":150,"Calling Bell":78,"CaptainsWheel":121,"Bird Faced Urn":117,"Membership Card":88,"Champion Belt":117,"Toy Ornithopter":32}],"Toy Ornithopter":15},"card_choices":[{"not_picked":["True Grit","Pommel Strike"],"picked":"Anger","floor":1},{"not_picked":["Carnage","Body Slam"],"picked":"Whirlwind","floor":4},{"not_picked":["Dark Embrace","Cleave"],"picked":"Infernal Blade+1","floor":5},{"not_picked":["Havoc+1","Armaments+1"],"picked":"Feel No Pain","floor":6},{"not_picked":["Wild Strike","Anger"],"picked":"Metallicize","floor":8},{"not_picked":["Cleave","Anger"],"picked":"Fiend Fire","floor":10},{"not_picked":["Searing Blow","Twin Strike"],"picked":"Anger","floor":10},{"not_picked":["Thunderclap","Pummel"],"picked":"Seeing Red+1","floor":12},{"not_picked":["Sword Boomerang","Armaments+1"],"picked":"Corruption","floor":12},{"not_picked":["Pommel Strike","Sword Boomerang","Anger"],"picked":"SKIP","floor":14},{"not_picked":["Juggernaut","Reaper"],"picked":"Impervious+1","floor":16},{"not_picked":["Combust","Sever Soul"],"picked":"Dual Wield+1","floor":18},{"not_picked":["Searing Blow","Sever Soul"],"picked":"True Grit+1","floor":18},{"not_picked":["Sword Boomerang","Body Slam"],"picked":"Shrug It Off+1","floor":21},{"not_picked":["Entrench+1","Searing Blow"],"picked":"Body Slam+1","floor":21},{"not_picked":["Clash+1","Dual Wield+1","Clothesline"],"picked":"SKIP","floor":22},{"not_picked":["Anger","Bloodletting+1"],"picked":"Spot Weakness+1","floor":24},{"not_picked":["Perfected Strike","Body Slam+1","Flex+1"],"picked":"SKIP","floor":27},{"not_picked":["Heavy Blade","Cleave"],"picked":"Pommel Strike","floor":30},{"not_picked":["Havoc+1","Sword Boomerang"],"picked":"Sentinel+1","floor":31},{"not_picked":["Rage+1","Sever Soul"],"picked":"Exhume+1","floor":31},{"not_picked":["Brutality","Bludgeon"],"picked":"Feed","floor":33},{"not_picked":["Flame Barrier+1","Sever Soul","Pommel Strike"],"picked":"SKIP","floor":35},{"not_picked":["Anger","Headbutt+1","Clash"],"picked":"SKIP","floor":35},{"not_picked":["Fire Breathing","Anger"],"picked":"Burning Pact+1","floor":36},{"not_picked":["Perfected Strike","Berserk","Clash"],"picked":"SKIP","floor":36},{"not_picked":["Thunderclap+1","Clothesline","Pommel Strike"],"picked":"SKIP","floor":39},{"not_picked":["Whirlwind","Armaments+1","Intimidate+1"],"picked":"SKIP","floor":39},{"not_picked":["Clash","True Grit+1"],"picked":"Bloodletting+1","floor":40},{"not_picked":["Twin Strike+1","Thunderclap","Entrench+1"],"picked":"SKIP","floor":41},{"not_picked":["Flame Barrier+1","Burning Pact+1","Hemokinesis"],"picked":"SKIP","floor":41},{"not_picked":["Twin Strike+1","Thunderclap","Entrench+1"],"picked":"SKIP","floor":41},{"not_picked":["Flame Barrier+1","Burning Pact+1","Hemokinesis"],"picked":"SKIP","floor":41},{"not_picked":["Carnage","Feed"],"picked":"Spot Weakness+1","floor":42},{"not_picked":["Iron Wave","Armaments+1","Heavy Blade+1"],"picked":"SKIP","floor":42},{"not_picked":["Body Slam","Ghostly Armor+1"],"picked":"Impervious+1","floor":44},{"not_picked":["Pummel","Infernal Blade+1","Rampage+1"],"picked":"SKIP","floor":46},{"not_picked":["Power Through+1","Brutality"],"picked":"Shrug It Off+1","floor":47},{"not_picked":["Reckless Charge+1","Twin Strike+1","Ghostly Armor+1"],"picked":"SKIP","floor":48},{"not_picked":["Flame Barrier+1","Evolve"],"picked":"Disarm+1","floor":55}],"player_experience":2678570,"relics_obtained":[{"floor":3,"key":"Toxic Egg 2"},{"floor":6,"key":"Prayer Wheel"},{"floor":8,"key":"Regal Pillow"},{"floor":9,"key":"Vajra"},{"floor":14,"key":"Toy Ornithopter"},{"floor":22,"key":"Red Mask"},{"floor":24,"key":"Smiling Mask"},{"floor":26,"key":"PreservedInsect"},{"floor":27,"key":"Red Skull"},{"floor":30,"key":"Pen Nib"},{"floor":34,"key":"MealTicket"},{"floor":34,"key":"Paper Frog"},{"floor":34,"key":"Charon\u0027s Ashes"},{"floor":40,"key":"Old Coin"},{"floor":44,"key":"Champion Belt"},{"floor":46,"key":"CaptainsWheel"},{"floor":47,"key":"Oddly Smooth Stone"},{"floor":48,"key":"Lizard Tail"},{"floor":55,"key":"Akabeko"}],"event_choices":[{"damage_healed":0,"gold_gain":0,"player_choice":"Lose Max HP","damage_taken":0,"relics_obtained":["Golden Idol"],"max_hp_gain":0,"max_hp_loss":7,"event_name":"Golden Idol","floor":2,"gold_loss":0},{"damage_healed":0,"gold_gain":0,"player_choice":"Simplicity","damage_taken":0,"max_hp_gain":0,"max_hp_loss":0,"event_name":"Back to Basics","floor":19,"gold_loss":0,"cards_upgraded":["Strike_R","Strike_R","Strike_R","Defend_R","Defend_R","Defend_R","Defend_R"]},{"damage_healed":0,"gold_gain":0,"player_choice":"Fought Bandits","damage_taken":0,"max_hp_gain":0,"max_hp_loss":0,"event_name":"Masked Bandits","floor":22,"gold_loss":0},{"damage_healed":0,"gold_gain":0,"cards_transformed":["Strike_R","Anger"],"player_choice":"Became Test Subject","damage_taken":0,"max_hp_gain":0,"max_hp_loss":0,"event_name":"Drug Dealer","floor":29,"gold_loss":0,"cards_obtained":["Ghostly Armor","Reckless Charge"]},{"damage_healed":0,"gold_gain":0,"player_choice":"Ignored","damage_taken":0,"max_hp_gain":0,"max_hp_loss":0,"event_name":"SecretPortal","floor":37,"gold_loss":0},{"damage_healed":0,"gold_gain":0,"player_choice":"Fight","damage_taken":0,"max_hp_gain":0,"max_hp_loss":0,"event_name":"Mysterious Sphere","floor":46,"gold_loss":0},{"damage_healed":0,"gold_gain":0,"player_choice":"Fight","damage_taken":0,"max_hp_gain":0,"max_hp_loss":0,"event_name":"MindBloom","floor":48,"gold_loss":0}],"is_beta":false,"boss_relics":[{"not_picked":["Philosopher\u0027s Stone","Runic Dome"],"picked":"Runic Pyramid"},{"not_picked":["Sozu","Snecko Eye"],"picked":"Calling Bell"}],"items_purged_floors":[20,28,45],"is_endless":false,"potions_floor_spawned":[1,6,8,10,18,21,22,30,35,40,41,42,47,48,55],"ascension_level":20,"potion_discard_per_floor":[[],[],[],[],[],[],[],[],[],[],[],[],[],[],[],[],[],[],[],[],[],["PowerPotion"],[],[],[],[],[],[],[],[],[],[],[],[],[],[],[],[],[],["Regen Potion"],[],[],[],[],[],[],[],[],[],[],[],[],[],[],[],[],[]]}