{"neow_bonuses_skipped_log":["TRANSFORM_CARD","TEN_PERCENT_HP_BONUS","BOSS_RELIC"],"neow_costs_skipped_log":["NONE","NONE","NONE"],"potions_obtained_entropic_brew":[[],[],[],[],[],[],[],[],[],[],[],[],[],[],[],[],[],[],[],[],[],[],[],[],[],[],[],[],[],[],[],[],[],[],[],[],[],[],[],[]],"gold_per_floor":[118,118,193,211,230,230,261,226,226,226,255,255,268,49,49,128,128,144,59,74,74,74,105,105,120,120,139,39,71,71,82,82,155,155,172,172,172,183,203,203],"floor_reached":40,"playtime":1717,"items_purged":["Strike_R","Strike_R"],"score":868,"play_id":"3e6cbe4d-d01a-4c99-b90a-a0de687b7356","local_time":"20240829075547","score_breakdown":["Floors Climbed (40): 200","Enemies Slain (12): 24","Exordium Elites Killed (2): 20","City Elites Killed (2): 40","Beyond Elites Killed (0): 0","Bosses Slain (2): 150","Ascension (20): 434"],"is_ascension_mode":true,"potions_obtained_alchemize":[[],[],[],[],[],[],[],[],[],[],[],[],[],[],[],[],[],[],[],[],[],[],[],[],[],[],[],[],[],[],[],[],[],[],[],[],[],[],[],[]],"campfire_choices":[{"data":"Fiend Fire","floor":6.0,"key":"SMITH"},{"data":"Dark Embrace","floor":10.0,"key":"SMITH"},{"floor":12.0,"key":"REST"},{"data":"Pommel Strike","floor":15.0,"key":"SMITH"},{"data":"Corruption","floor":24.0,"key":"SMITH"},{"data":"Battle Trance","floor":32,"key":"SMITH"}],"lesson_learned_per_floor":[[],[],[],[],[],[],[],[],[],[],[],[],[],[],[],[],[],[],[],[],[],[],[],[],[],[],[],[],[],[],[],[],[],[],[],[],[],[],[],[]],"neow_cost":"PERCENT_DAMAGE","improvable_cards":{},"seed_source_timestamp":390574702028600,"shop_contents":[{"floor":14,"relics":["Eternal Feather","White Beast Statue","DollysMirror"],"cards":["Sword Boomerang","Warcry","Rupture","Blind","Transmutation"],"potions":["EssenceOfSteel","AttackPotion","Energy Potion"]},{"floor":28,"relics":["Boot","Bag of Preparation","Lee\u0027s Waffle"],"cards":["Whirlwind","Fiend Fire","Offering","True Grit","Juggernaut","Finesse","Mayhem"],"potions":["SteroidPotion","FearPotion","Explosive Potion"]}],"circlet_count":0,"master_deck":["AscendersBane","Strike_R","Strike_R","Strike_R","Defend_R","Defend_R","Defend_R","Defend_R","Bash","Fiend Fire+1","Dark Embrace+1","Power Through","Flame Barrier","Inflame","Sword Boomerang","Ghostly Armor","Spot Weakness","Pommel Strike+1","Corruption+1","Disarm+1","Sentinel","Shockwave","Fire Breathing","Evolve+1","Battle Trance+1","Limit Break","Second Wind+1","Flash of Steel","Secret Technique","Anger","Pommel Strike"],"special_seed":0,"potion_use_per_floor":[[],[],[],[],[],[],["CultistPotion"],[],[],[],[],[],[],[],[],["SpeedPotion"],[],[],[],[],[],[],[],[],[],[],[],[],["HeartOfIron"],[],[],[],["Strength Potion"],[],[],[],[],["EssenceOfSteel"],[],[]],"relics":["Burning Blood","Unceasing Top","Tiny Chest","Cursed Key","Akabeko","Question Card","Anchor","Fusion Hammer"],"potions_floor_usage":[29,33,38],"damage_taken":[{"damage":16.0,"enemies":"Jaw Worm","floor":1.0,"turns":6.0},{"damage":0.0,"enemies":"Small Slimes","floor":4.0,"turns":3.0},{"damage":9.0,"enemies":"2 Louse","floor":5.0,"turns":3.0},{"damage":20.0,"enemies":"3 Sentries","floor":7.0,"turns":9.0},{"damage":34.0,"enemies":"Lagavulin","floor":11.0,"turns":9.0},{"damage":3.0,"enemies":"Blue Slaver","floor":13.0,"turns":4.0},{"damage":30.0,"enemies":"The Guardian","floor":16.0,"turns":17.0},{"damage":8.0,"enemies":"Chosen","floor":18.0,"turns":5.0},{"damage":2.0,"enemies":"2 Thieves","floor":20.0,"turns":3.0},{"damage":27.0,"enemies":"Gremlin Leader","floor":23.0,"turns":8.0},{"damage":9.0,"enemies":"3 Cultists","floor":25.0,"turns":4.0},{"damage":10,"enemies":"Chosen and Byrds","floor":27,"turns":5},{"damage":11,"enemies":"Slavers","floor":29,"turns":5},{"damage":0,"enemies":"Snake Plant","floor":31,"turns":3},{"damage":15,"enemies":"Automaton","floor":33,"turns":6},{"damage":0,"enemies":"Orb Walker","floor":35,"turns":3},{"damage":17,"enemies":"3 Darklings","floor":38,"turns":4},{"damage":0,"enemies":"Transient","floor":39,"turns":6},{"damage":60,"enemies":"Reptomancer","floor":40,"turns":4}],"seed_played":"6127015068066714206","neow_bonus_log":{"cardsObtained":[],"cardsUpgraded":[],"cardsRemoved":[],"cardsTransformed":[],"relicsObtained":[],"maxHpGained":0,"goldGained":0,"damageTaken":18,"goldLost":0,"maxHpLost":0},"potions_obtained":[{"floor":1.0,"key":"SpeedPotion"},{"floor":4.0,"key":"CultistPotion"},{"floor":7.0,"key":"Ancient Potion"},{"floor":23.0,"key":"Strength Potion"},{"floor":25.0,"key":"HeartOfIron"},{"floor":33,"key":"DuplicationPotion"},{"floor":35,"key":"EssenceOfSteel"}],"is_trial":false,"path_per_floor":["M","?","?","M","M","R","E","?","T","R","E","R","M","$","R","B",null,"M","?","M","?","T","E","R","M","T","M","$","E","T","M","R","B",null,"M","?","?","M","M","E"],"character_chosen":"IRONCLAD","basemod:card_modifiers":[null,null,null,null,null,null,null,null,null,null,null,null,null,null,null,null,null,null,null,null,null,null,null,null,null,null,null,null,null,null,null],"items_purchased":["Spot Weakness","Pommel Strike"],"campfire_rested":1,"item_purchase_floors":[14,14],"current_hp_per_floor":[40,40,29,35,32,32,18,36,36,36,8,30,33,33,33,9,59,57,57,61,61,61,40,40,37,37,33,33,28,28,34,34,25,63,69,69,59,48,54,0],"gold":203,"neow_bonus":"THREE_RARE_CARDS","is_prod":false,"is_daily":false,"rewards_skipped":[{"floor":27,"relics":[],"potions":["ColorlessPotion"]}],"chose_seed":false,"campfire_upgraded":5,"win_rate":0,"floor_exit_playtime":[78,84,89,119,162,168,279,283,288,299,386,392,431,453,466,617,650,705,709,752,756,759,878,883,961,964,1024,1034,1122,1127,1165,1183,1317,1334,1380,1385,1417,1512,1622],"timestamp":1724932547,"blue_key_relic_skipped_log":{"floor":9,"relicID":"Blue Candle"},"path_taken":["M","?","?","M","M","R","E","?","T","R","E","R","M","?","R","BOSS","M","?","M","?","?","E","R","M","T","M","$","E","?","M","R","BOSS","M","?","?","M","M","E"],"build_version":"2022-12-18","purchased_purges":2,"victory":false,"max_hp_per_floor":[75,75,75,75,75,75,75,75,75,75,75,75,75,75,75,75,75,75,75,75,75,75,75,75,75,75,75,75,75,75,75,75,75,75,75,71,71,71,71,71],"relic_stats":{"counters":[19,107],"Tiny Chest":1,"Cursed Key":0,"Question Card":11,"obtain_stats":[{"Anchor":29,"Tiny Chest":11,"Fusion Hammer":34,"Cursed Key":17,"Question Card":23,"Burning Blood":0,"Unceasing Top":7,"Akabeko":19},{"Anchor":13,"Tiny Chest":5,"Fusion Hammer":15,"Cursed Key":7,"Question Card":10,"Burning Blood":0,"Unceasing Top":4,"Akabeko":8},{"Anchor":81,"Tiny Chest":30,"Fusion Hammer":90,"Cursed Key":51,"Question Card":67,"Burning Blood":0,"Unceasing Top":21,"Akabeko":56}],"Burning Blood":108,"Unceasing Top":[10]},"card_choices":[{"not_picked":["Limit Break","Impervious"],"picked":"Fiend Fire","floor":0.0},{"not_picked":["Warcry","Blood for Blood"],"picked":"Dark Embrace","floor":1.0},{"not_picked":["Burning Pact","Havoc"],"picked":"Power Through","floor":4.0},{"not_picked":["True Grit","Armaments"],"picked":"Flame Barrier","floor":5.0},{"not_picked":["Sword Boomerang","Bloodletting"],"picked":"Inflame","floor":7.0},{"not_picked":["Power Through","Iron Wave"],"picked":"Sword Boomerang","floor":11.0},{"not_picked":["Wild Strike","Sword Boomerang"],"picked":"Ghostly Armor","floor":13.0},{"not_picked":["Immolate","Berserk"],"picked":"Corruption","floor":16.0},{"not_picked":["Iron Wave","Clothesline+1"],"picked":"Disarm+1","floor":18.0},{"not_picked":["Armaments","Twin Strike"],"picked":"Sentinel","floor":20.0},{"not_picked":["Twin Strike","Battle Trance"],"picked":"Shockwave","floor":23.0},{"not_picked":["Rage","Sword Boomerang","Pummel"],"picked":"Fire Breathing","floor":25.0},{"not_picked":["Havoc","Headbutt","Wild Strike","Heavy Blade"],"picked":"SKIP","floor":27},{"not_picked":["Havoc","Warcry","Sword Boomerang"],"picked":"Evolve+1","floor":29},{"not_picked":["Power Through","Intimidate","Exhume"],"picked":"Battle Trance","floor":31},{"not_picked":["Corruption","Bludgeon","Exhume"],"picked":"Limit Break","floor":33},{"not_picked":["Hemokinesis+1","Dark Embrace+1","Thunderclap"],"picked":"Second Wind+1","floor":35},{"not_picked":["Mayhem","Chrysalis","Madness"],"picked":"Flash of Steel","floor":37},{"not_picked":["Dramatic Entrance","Metamorphosis","Blind"],"picked":"Secret Technique","floor":37},{"not_picked":["PanicButton","Enlightenment","Chrysalis","Trip"],"picked":"SKIP","floor":37},{"not_picked":["Dropkick","Thunderclap","Havoc+1"],"picked":"Anger","floor":38},{"not_picked":["Rupture","Ghostly Armor","Body Slam"],"picked":"Pommel Strike","floor":39}],"player_experience":2685020,"relics_obtained":[{"floor":7.0,"key":"Unceasing Top"},{"floor":11.0,"key":"Tiny Chest"},{"floor":23.0,"key":"Question Card"},{"floor":29,"key":"Anchor"}],"event_choices":[{"damage_healed":0.0,"max_hp_gain":0.0,"max_hp_loss":0.0,"gold_gain":0.0,"event_name":"Liars Game","player_choice":"Ignored","floor":2.0,"gold_loss":0.0,"damage_taken":0.0},{"damage_healed":0.0,"max_hp_gain":0.0,"max_hp_loss":0.0,"gold_gain":75.0,"event_name":"World of Goop","player_choice":"Gather Gold","floor":3.0,"gold_loss":0.0,"damage_taken":11.0},{"damage_healed":18.0,"max_hp_gain":0.0,"max_hp_loss":0.0,"gold_gain":0.0,"event_name":"The Cleric","player_choice":"Healed","floor":8.0,"gold_loss":35.0,"damage_taken":0.0},{"damage_healed":0.0,"max_hp_gain":0.0,"max_hp_loss":0.0,"gold_gain":0.0,"event_name":"Addict","player_choice":"Obtained Relic","floor":19.0,"gold_loss":85.0,"damage_taken":0.0,"relics_obtained":["Akabeko"]},{"damage_healed":0.0,"max_hp_gain":0.0,"max_hp_loss":0.0,"gold_gain":0.0,"event_name":"The Mausoleum","player_choice":"Ignored","floor":21.0,"gold_loss":0.0,"damage_taken":0.0},{"damage_healed":0,"gold_gain":0,"player_choice":"Max HP","damage_taken":0,"max_hp_gain":0,"max_hp_loss":4,"event_name":"Winding Halls","floor":36,"gold_loss":0},{"damage_healed":0,"gold_gain":0,"player_choice":"Memory 3","damage_taken":10,"max_hp_gain":0,"max_hp_loss":0,"event_name":"SensoryStone","floor":37,"gold_loss":0}],"is_beta":false,"boss_relics":[{"not_picked":["Busted Crown","Mark of Pain"],"picked":"Cursed Key"},{"not_picked":["SacredBark","Empty Cage"],"picked":"Fusion Hammer"}],"items_purged_floors":[14,28],"is_endless":false,"potions_floor_spawned":[1,4,7,23,25,27,33,35],"killed_by":"Reptomancer","ascension_level":20,"potion_discard_per_floor":[[],[],[],[],[],[],[],[],[],[],[],[],[],[],[],[],[],[],[],[],[],[],[],[],["Ancient Potion"],[],[],[],[],[],[],[],[],[],[],[],[],[],[],[]]}