{"neow_bonuses_skipped_log":["ONE_RANDOM_RARE_CARD","ONE_RARE_RELIC","BOSS_RELIC"],"potions_obtained_entropic_brew":[[],[],[],[],[],[],[],[],[],[],[],[],[],[],[],[],[],[],[],[],[],[],[],[],[],[],[],[]],"neow_costs_skipped_log":["NONE","NO_GOLD","NONE"],"gold_per_floor":[213,227,13,28,44,44,79,79,79,98,110,135,145,145,145,222,222,237,250,270,192,210,235,235,264,264,281,281],"floor_reached":28,"playtime":1128,"items_purged":["Strike_R","Strike_R"],"score":548,"play_id":"c051c70a-76a3-4a40-b51a-d03b7a7dd53e","local_time":"20240826051215","score_breakdown":["Floors Climbed (28): 140","Enemies Slain (12): 24","Exordium Elites Killed (2): 20","City Elites Killed (2): 40","Bosses Slain (1): 50","Ascension (20): 274"],"is_ascension_mode":true,"potions_obtained_alchemize":[[],[],[],[],[],[],[],[],[],[],[],[],[],[],[],[],[],[],[],[],[],[],[],[],[],[],[],[]],"campfire_choices":[{"data":"Anger","floor":6.0,"key":"SMITH"},{"data":"Pommel Strike","floor":8.0,"key":"SMITH"},{"data":"Evolve","floor":15,"key":"SMITH"},{"data":"Corruption","floor":24,"key":"SMITH"}],"lesson_learned_per_floor":[[],[],[],[],[],[],[],[],[],[],[],[],[],[],[],[],[],[],[],[],[],[],[],[],[],[],[],[]],"neow_cost":"NONE","improvable_cards":{},"seed_source_timestamp":122170793641500,"shop_contents":[{"floor":3,"relics":["Self Forming Clay","Orichalcum"],"cards":["Perfected Strike","Entrench","Flex","Evolve","Jack Of All Trades","Mayhem"],"potions":["Regen Potion","LiquidBronze","GamblersBrew"]},{"floor":21,"relics":["Lizard Tail","Du-Vu Doll","Strange Spoon"],"cards":["Carnage","Whirlwind","Warcry","Evolve","Impatience","HandOfGreed"],"potions":["CultistPotion","PowerPotion","Weak Potion"]}],"circlet_count":0,"master_deck":["AscendersBane","Strike_R","Strike_R","Strike_R","Defend_R","Defend_R","Defend_R","Defend_R","Bash","Anger+1","Pommel Strike+1","Pommel Strike","Power Through","Demon Form","Evolve+1","Shrug It Off","Immolate","Pummel+1","Disarm+1","True Grit","Corruption+1","Dark Embrace"],"special_seed":0,"potion_use_per_floor":[[],[],[],[],[],[],["SpeedPotion"],[],[],["Fire Potion"],[],["SkillPotion"],[],[],[],[],[],[],[],[],[],[],["Explosive Potion","SteroidPotion"],[],[],[],[],[]],"relics":["Burning Blood","Membership Card","Red Skull","HornCleat","Kunai","Sozu","Blue Candle","Pear","Akabeko"],"potions_floor_usage":[12,23,23],"damage_taken":[{"damage":16.0,"enemies":"2 Louse","floor":1.0,"turns":3.0},{"damage":2.0,"enemies":"Cultist","floor":2.0,"turns":4.0},{"damage":2.0,"enemies":"Small Slimes","floor":4.0,"turns":3.0},{"damage":12.0,"enemies":"Looter","floor":5.0,"turns":4.0},{"damage":21.0,"enemies":"Lagavulin","floor":7.0,"turns":9.0},{"damage":0.0,"enemies":"Gremlin Gang","floor":10.0,"turns":4.0},{"damage":1.0,"enemies":"Exordium Thugs","floor":11.0,"turns":4.0},{"damage":17,"enemies":"Gremlin Nob","floor":12,"turns":5},{"damage":0,"enemies":"3 Louse","floor":13,"turns":5},{"damage":27,"enemies":"Hexaghost","floor":16,"turns":9},{"damage":3,"enemies":"Chosen","floor":18,"turns":4},{"damage":33,"enemies":"Shell Parasite","floor":19,"turns":4},{"damage":6,"enemies":"3 Cultists","floor":20,"turns":5},{"damage":3,"enemies":"Snake Plant","floor":22,"turns":3},{"damage":13,"enemies":"Gremlin Leader","floor":23,"turns":5},{"damage":28,"enemies":"Book of Stabbing","floor":25,"turns":5},{"damage":15,"enemies":"Snecko","floor":27,"turns":4},{"damage":16,"enemies":"Shelled Parasite and Fungi","floor":28,"turns":5}],"seed_played":"350028001120774374","neow_bonus_log":{"cardsObtained":[],"cardsUpgraded":[],"cardsRemoved":[],"cardsTransformed":[],"relicsObtained":[],"maxHpGained":0,"goldGained":100,"damageTaken":0,"goldLost":0,"maxHpLost":0},"potions_obtained":[{"floor":2.0,"key":"SpeedPotion"},{"floor":5.0,"key":"Fire Potion"},{"floor":10.0,"key":"SkillPotion"},{"floor":14,"key":"Explosive Potion"},{"floor":14,"key":"SmokeBomb"},{"floor":16,"key":"SteroidPotion"}],"is_trial":false,"path_per_floor":["M","M","$","M","M","R","E","R","T","M","M","E","M","?","R","B",null,"M","M","M","$","M","E","R","E","T","M","M"],"character_chosen":"IRONCLAD","basemod:card_modifiers":[null,null,null,null,null,null,null,null,null,null,null,null,null,null,null,null,null,null,null,null,null,null],"items_purchased":["Membership Card","Pommel Strike","True Grit"],"campfire_rested":0,"item_purchase_floors":[3,3,21],"current_hp_per_floor":[58,62,62,66,60,60,45,45,45,51,56,45,51,51,51,30,64,67,40,40,40,43,36,36,24,24,15,0],"gold":281,"neow_bonus":"HUNDRED_GOLD","is_prod":false,"is_daily":false,"rewards_skipped":[{"floor":20,"relics":[],"potions":["Weak Potion"]},{"floor":22,"relics":[],"potions":["LiquidBronze"]},{"floor":27,"relics":[],"potions":["SteroidPotion"]}],"chose_seed":false,"campfire_upgraded":4,"win_rate":0,"floor_exit_playtime":[37,66,89,113,157,163,244,250,253,296,324,375,424,428,443,534,557,598,656,721,767,806,896,911,982,985,1040],"timestamp":1724663535,"path_taken":["M","M","$","M","M","R","E","R","T","M","M","E","M","?","R","BOSS","M","M","M","$","M","E","R","E","T","?","M"],"build_version":"2022-12-18","purchased_purges":2,"victory":false,"max_hp_per_floor":[75,75,75,75,75,75,75,75,75,75,75,75,75,75,75,75,75,75,75,75,75,75,75,75,85,85,85,85],"relic_stats":{"Sozu":3,"counters":[18,85],"Blue Candle":[0],"Membership Card":126,"Kunai":[15],"obtain_stats":[{"Sozu":17,"HornCleat":9,"Pear":25,"Blue Candle":23,"Membership Card":3,"Kunai":12,"Burning Blood":0,"Red Skull":7,"Akabeko":26},{"Sozu":10,"HornCleat":5,"Pear":16,"Blue Candle":15,"Membership Card":2,"Kunai":8,"Burning Blood":0,"Red Skull":5,"Akabeko":16},{"Sozu":50,"HornCleat":23,"Pear":76,"Blue Candle":71,"Membership Card":7,"Kunai":36,"Burning Blood":0,"Red Skull":23,"Akabeko":76}],"Burning Blood":102},"card_choices":[{"not_picked":["Thunderclap","Heavy Blade"],"picked":"Anger","floor":1.0},{"not_picked":["Perfected Strike","Sword Boomerang"],"picked":"Pommel Strike","floor":2.0},{"not_picked":["Clash","Thunderclap"],"picked":"Power Through","floor":4.0},{"not_picked":["Twin Strike","Iron Wave","Seeing Red"],"picked":"SKIP","floor":5.0},{"not_picked":["Perfected Strike","Bloodletting"],"picked":"Demon Form","floor":7.0},{"not_picked":["Power Through","Clash","Clothesline"],"picked":"SKIP","floor":10.0},{"not_picked":["Clothesline","Flex","Perfected Strike"],"picked":"SKIP","floor":11.0},{"not_picked":["Clash","Flex"],"picked":"Evolve","floor":12},{"not_picked":["Havoc","Juggernaut"],"picked":"Shrug It Off","floor":13},{"not_picked":["Double Tap","Limit Break"],"picked":"Immolate","floor":16},{"not_picked":["Dual Wield","Blood for Blood"],"picked":"Pummel+1","floor":18},{"not_picked":["Dark Embrace","Second Wind"],"picked":"Disarm+1","floor":19},{"not_picked":["Heavy Blade+1","Whirlwind","Rampage"],"picked":"SKIP","floor":20},{"not_picked":["Dropkick","Wild Strike","Sever Soul"],"picked":"SKIP","floor":22},{"not_picked":["Battle Trance","Rupture"],"picked":"Corruption","floor":23},{"not_picked":["Flex","Clothesline+1"],"picked":"Dark Embrace","floor":25},{"not_picked":["Sever Soul","Headbutt","Rupture"],"picked":"SKIP","floor":27}],"player_experience":2674796,"relics_obtained":[{"floor":7.0,"key":"Red Skull"},{"floor":9.0,"key":"HornCleat"},{"floor":12,"key":"Kunai"},{"floor":23,"key":"Blue Candle"},{"floor":25,"key":"Pear"},{"floor":26,"key":"Akabeko"}],"event_choices":[{"damage_healed":0,"gold_gain":0,"player_choice":"Got Potions","damage_taken":0,"max_hp_gain":0,"max_hp_loss":0,"event_name":"Lab","floor":14,"gold_loss":0}],"is_beta":false,"boss_relics":[{"not_picked":["Calling Bell","Ectoplasm"],"picked":"Sozu"}],"items_purged_floors":[3,21],"is_endless":false,"potions_floor_spawned":[2,5,10,16,20,22,27],"killed_by":"Shelled Parasite and Fungi","ascension_level":20,"potion_discard_per_floor":[[],[],[],[],[],[],[],[],[],[],[],[],[],[],[],["SmokeBomb"],[],[],[],[],[],[],[],[],[],[],[],[]]}