{"neow_bonuses_skipped_log":["TRANSFORM_CARD","THREE_ENEMY_KILL","BOSS_RELIC"],"neow_costs_skipped_log":["NONE","NONE","NONE"],"potions_obtained_entropic_brew":[[],[],[],[],[],[],[],[],[],[],[],[],[],[],[],[],[],[],[],[],[],[],[]],"gold_per_floor":[118,118,137,152,152,178,178,194,194,214,214,8,42,59,59,136,136,156,169,204,31,42,42],"floor_reached":23,"playtime":1294,"items_purged":["Barricade"],"score":431,"play_id":"447dc31c-64aa-460d-bca1-549b6c23be73","local_time":"20240828133333","score_breakdown":["Floors Climbed (23): 115","Enemies Slain (9): 18","Exordium Elites Killed (2): 20","City Elites Killed (0): 0","Bosses Slain (1): 50","Well Fed: 25","Ascension (20): 203"],"is_ascension_mode":true,"potions_obtained_alchemize":[[],[],[],[],[],[],[],[],[],[],[],[],[],[],[],[],[],[],[],[],[],[],[]],"campfire_choices":[{"data":"Whirlwind","floor":7,"key":"SMITH"},{"data":"Carnage","floor":11,"key":"SMITH"},{"data":"Evolve","floor":15,"key":"SMITH"}],"lesson_learned_per_floor":[[],[],[],[],[],[],[],[],[],[],[],[],[],[],[],[],[],[],[],[],[],[],[]],"neow_cost":"TEN_PERCENT_HP_LOSS","improvable_cards":{},"seed_source_timestamp":324898838090300,"shop_contents":[{"floor":12,"relics":["MealTicket","Mercury Hourglass"],"cards":["Headbutt","Sword Boomerang","Double Tap","Dark Embrace","Dark Shackles","Secret Weapon"],"potions":["SmokeBomb","Strength Potion","AttackPotion"]},{"floor":21,"relics":["Mango","Shuriken","PrismaticShard"],"cards":["Bludgeon","Pommel Strike","Flex","Warcry","Fire Breathing","Chrysalis"],"potions":["DuplicationPotion","Ancient Potion","ElixirPotion"]}],"circlet_count":0,"master_deck":["AscendersBane","Bash","Feed+1","Rampage","Ghostly Armor","Whirlwind+1","Shrug It Off","Carnage+1","Power Through","Evolve+1","Impervious","Sword Boomerang","Rage","Blood for Blood","Thunderclap","Anger","Armaments","Inflame","Brutality","Pummel+1","Battle Trance","Pommel Strike","Flash of Steel","Anger"],"potion_use_per_floor":[[],[],[],[],[],["AttackPotion"],[],[],[],[],[],[],["FearPotion"],[],[],["ElixirPotion","Fire Potion"],[],[],[],["Swift Potion"],[],[],["PowerPotion","Weak Potion"]],"relics":["Burning Blood","Peace Pipe","Torii","Brimstone","Prayer Wheel","Pandora\u0027s Box","Red Mask"],"potions_floor_usage":[6,13,16,16,20,23,23],"damage_taken":[{"damage":7,"enemies":"Cultist","floor":1,"turns":4},{"damage":9,"enemies":"Jaw Worm","floor":3,"turns":3},{"damage":0,"enemies":"Small Slimes","floor":4,"turns":2},{"damage":50,"enemies":"Lagavulin","floor":6,"turns":8},{"damage":2,"enemies":"2 Fungi Beasts","floor":8,"turns":4},{"damage":15,"enemies":"Red Slaver","floor":10,"turns":5},{"damage":8,"enemies":"Gremlin Nob","floor":13,"turns":3},{"damage":10,"enemies":"Exordium Wildlife","floor":14,"turns":4},{"damage":35,"enemies":"Hexaghost","floor":16,"turns":8},{"damage":37,"enemies":"3 Byrds","floor":18,"turns":5},{"damage":13,"enemies":"2 Thieves","floor":19,"turns":4},{"damage":29,"enemies":"Masked Bandits","floor":20,"turns":4},{"damage":11,"enemies":"Snake Plant","floor":22,"turns":3},{"damage":16,"enemies":"Book of Stabbing","floor":23,"turns":3}],"seed_played":"-7650283909823059129","neow_bonus_log":{"cardsObtained":[],"cardsUpgraded":[],"cardsRemoved":[],"cardsTransformed":[],"relicsObtained":[],"maxHpGained":0,"goldGained":0,"damageTaken":0,"goldLost":0,"maxHpLost":7},"potions_obtained":[{"floor":1,"key":"AttackPotion"},{"floor":8,"key":"Fire Potion"},{"floor":10,"key":"FearPotion"},{"floor":13,"key":"ElixirPotion"},{"floor":16,"key":"PowerPotion"},{"floor":18,"key":"Swift Potion"},{"floor":22,"key":"Weak Potion"}],"is_trial":false,"path_per_floor":["M","?","M","M","?","E","R","M","T","M","R","$","E","M","R","B",null,"M","M","?","$","M","E"],"character_chosen":"IRONCLAD","basemod:card_modifiers":[null,null,null,null,null,null,null,null,null,null,null,null,null,null,null,null,null,null,null,null,null,null,null,null],"items_purchased":["Brimstone","Power Through","Flash of Steel"],"campfire_rested":0,"item_purchase_floors":[12,12,21],"current_hp_per_floor":[70,70,71,79,79,35,35,43,43,34,34,34,36,36,36,7,70,43,36,17,17,12,0],"gold":42,"neow_bonus":"THREE_RARE_CARDS","is_prod":false,"is_daily":false,"rewards_skipped":[{"floor":19,"relics":[],"potions":["SpeedPotion"]}],"chose_seed":false,"campfire_upgraded":3,"win_rate":0,"floor_exit_playtime":[247,255,289,309,329,396,401,465,467,520,524,541,574,638,659,764,794,912,1003,1101,1182,1241],"timestamp":1724866413,"path_taken":["M","?","M","M","?","E","R","M","T","M","R","?","E","M","R","BOSS","M","M","?","$","M","E"],"build_version":"2022-12-18","purchased_purges":1,"victory":false,"max_hp_per_floor":[71,71,75,79,79,79,79,83,83,83,83,83,87,91,91,91,91,95,95,99,99,99,99],"relic_stats":{"Peace Pipe":0,"Torii":42,"counters":[14,60],"Prayer Wheel":4,"Pandora\u0027s Box":["Sword Boomerang","Rage","Blood for Blood","Thunderclap","Anger","Barricade","Armaments","Inflame","Brutality"],"obtain_stats":[{"Peace Pipe":6,"Torii":9,"Brimstone":12,"Prayer Wheel":13,"Pandora\u0027s Box":17,"Red Mask":20,"Burning Blood":0},{"Peace Pipe":4,"Torii":5,"Brimstone":6,"Prayer Wheel":7,"Pandora\u0027s Box":9,"Red Mask":12,"Burning Blood":0},{"Peace Pipe":17,"Torii":21,"Brimstone":26,"Prayer Wheel":29,"Pandora\u0027s Box":41,"Red Mask":54,"Burning Blood":0}],"Burning Blood":76},"card_choices":[{"not_picked":["Berserk","Immolate"],"picked":"Feed","floor":0},{"not_picked":["Pummel","Body Slam","Flex"],"picked":"SKIP","floor":1},{"not_picked":["Clash","Clothesline"],"picked":"Rampage","floor":3},{"not_picked":["Iron Wave","Body Slam"],"picked":"Ghostly Armor","floor":4},{"not_picked":["Sever Soul","Perfected Strike"],"picked":"Whirlwind","floor":6},{"not_picked":["True Grit","Twin Strike"],"picked":"Shrug It Off","floor":8},{"not_picked":["Rupture","Shrug It Off"],"picked":"Carnage","floor":10},{"not_picked":["Dropkick","Perfected Strike","Wild Strike"],"picked":"SKIP","floor":13},{"not_picked":["Perfected Strike","Warcry"],"picked":"Evolve","floor":14},{"not_picked":["Intimidate","Metallicize","Thunderclap"],"picked":"SKIP","floor":14},{"not_picked":["Brutality","Juggernaut"],"picked":"Impervious","floor":16},{"not_picked":["Headbutt","Anger"],"picked":"Pummel+1","floor":18},{"not_picked":["Anger","Twin Strike","Body Slam"],"picked":"SKIP","floor":18},{"not_picked":["Pommel Strike","Shockwave"],"picked":"Battle Trance","floor":19},{"not_picked":["Rage","Flame Barrier","Twin Strike"],"picked":"SKIP","floor":19},{"not_picked":["Twin Strike","Hemokinesis"],"picked":"Pommel Strike","floor":20},{"not_picked":["Entrench","Clash"],"picked":"Anger","floor":22},{"not_picked":["Perfected Strike","Uppercut","Armaments"],"picked":"SKIP","floor":22}],"player_experience":2675924,"relics_obtained":[{"floor":6,"key":"Peace Pipe"},{"floor":9,"key":"Torii"},{"floor":13,"key":"Prayer Wheel"},{"floor":20,"key":"Red Mask"}],"event_choices":[{"damage_healed":0,"gold_gain":0,"player_choice":"Grow","damage_taken":0,"max_hp_gain":0,"max_hp_loss":0,"event_name":"Living Wall","floor":2,"gold_loss":0,"cards_upgraded":["Feed"]},{"damage_healed":0,"gold_gain":0,"player_choice":"Ignored","damage_taken":0,"max_hp_gain":0,"max_hp_loss":0,"event_name":"Liars Game","floor":5,"gold_loss":0},{"damage_healed":0,"gold_gain":0,"player_choice":"Fought Bandits","damage_taken":0,"max_hp_gain":0,"max_hp_loss":0,"event_name":"Masked Bandits","floor":20,"gold_loss":0}],"is_beta":false,"boss_relics":[{"not_picked":["Velvet Choker","Coffee Dripper"],"picked":"Pandora\u0027s Box"}],"items_purged_floors":[21],"is_endless":false,"potions_floor_spawned":[1,8,10,13,16,18,19,22],"killed_by":"Book of Stabbing","ascension_level":20,"potion_discard_per_floor":[[],[],[],[],[],[],[],[],[],[],[],[],[],[],[],[],[],[],[],[],[],[],[]]}