{"neow_bonuses_skipped_log":["REMOVE_CARD","TEN_PERCENT_HP_BONUS","BOSS_RELIC"],"potions_obtained_entropic_brew":[[],[],[],[],[],[],[],[],[],[],[],[],[],[],[],["DuplicationPotion","SpeedPotion"],[],[],[],[],[],[],[],[]],"neow_costs_skipped_log":["NONE","NONE","NONE"],"gold_per_floor":[111,127,202,218,18,50,50,85,132,132,147,159,169,181,181,259,259,277,277,287,307,320,320,320],"floor_reached":24,"playtime":1221,"items_purged":[],"score":424,"play_id":"c17b4d88-81a0-4382-95a2-c8cbc1a33a41","local_time":"20240913154523","score_breakdown":["Floors Climbed (24): 120","Enemies Slain (11): 22","Exordium Elites Killed (2): 20","City Elites Killed (0): 0","Bosses Slain (1): 50","Ascension (20): 212"],"is_ascension_mode":true,"potions_obtained_alchemize":[[],[],[],[],[],[],[],[],[],[],[],[],[],[],[],[],[],[],[],[],[],[],[],[]],"campfire_choices":[{"data":"Apotheosis","floor":7,"key":"SMITH"},{"floor":10,"key":"REST"},{"data":"Burning Pact","floor":15,"key":"SMITH"},{"data":"Bloodletting","floor":23,"key":"SMITH"}],"lesson_learned_per_floor":[[],[],[],[],[],[],[],[],[],[],[],[],[],[],[],[],[],[],[],[],[],[],[],[]],"neow_cost":"TEN_PERCENT_HP_LOSS","improvable_cards":{},"seed_source_timestamp":123858808977700,"shop_contents":[{"floor":5,"relics":["Molten Egg 2","Art of War","Orrery"],"cards":["Carnage","Clash","Battle Trance","Spot Weakness","Inflame","Bandage Up"],"potions":["BloodPotion","ElixirPotion","PowerPotion"]}],"circlet_count":0,"master_deck":["AscendersBane","Strike_R","Strike_R","Strike_R","Strike_R","Defend_R","Defend_R","Defend_R","Defend_R","Bash","Blood for Blood","Second Wind","Anger","Apotheosis+1","Burning Pact+1","Havoc","Bloodletting+1","True Grit","Warcry","Demon Form","Second Wind","Fiend Fire"],"potion_use_per_floor":[[],[],[],[],[],[],[],["GamblersBrew","SkillPotion"],[],[],[],[],[],[],[],["BlessingOfTheForge","EntropicBrew"],[],[],[],[],["BloodPotion"],[],[],["GamblersBrew","DuplicationPotion"]],"relics":["Burning Blood","Dead Branch","The Courier","Tiny Chest","Smiling Mask","Cursed Key"],"potions_floor_usage":[8,8,16,16,21,24,24],"damage_taken":[{"damage":4,"enemies":"2 Louse","floor":1,"turns":4},{"damage":9,"enemies":"Jaw Worm","floor":2,"turns":3},{"damage":0,"enemies":"Cultist","floor":4,"turns":3},{"damage":27,"enemies":"3 Sentries","floor":6,"turns":6},{"damage":34,"enemies":"Gremlin Nob","floor":8,"turns":4},{"damage":0,"enemies":"Looter","floor":11,"turns":2},{"damage":9,"enemies":"Exordium Thugs","floor":12,"turns":5},{"damage":2,"enemies":"2 Fungi Beasts","floor":13,"turns":4},{"damage":9,"enemies":"Looter","floor":14,"turns":4},{"damage":24,"enemies":"Slime Boss","floor":16,"turns":10},{"damage":14,"enemies":"3 Byrds","floor":18,"turns":4},{"damage":19,"enemies":"Shell Parasite","floor":20,"turns":4},{"damage":6,"enemies":"Shelled Parasite and Fungi","floor":21,"turns":4},{"damage":3,"enemies":"Sentry and Sphere","floor":22,"turns":4},{"damage":62,"enemies":"Slavers","floor":24,"turns":4}],"seed_played":"3391230145300811920","neow_bonus_log":{"cardsObtained":[],"cardsUpgraded":[],"cardsRemoved":[],"cardsTransformed":[],"relicsObtained":["Dead Branch"],"maxHpGained":0,"goldGained":0,"damageTaken":0,"goldLost":0,"maxHpLost":7},"potions_obtained":[{"floor":4,"key":"GamblersBrew"},{"floor":6,"key":"SkillPotion"},{"floor":11,"key":"EntropicBrew"},{"floor":12,"key":"BlessingOfTheForge"},{"floor":20,"key":"BloodPotion"},{"floor":21,"key":"GamblersBrew"}],"is_trial":false,"path_per_floor":["M","M","?","M","$","E","R","E","T","R","M","M","M","M","R","B",null,"M","?","M","M","M","R","E"],"character_chosen":"IRONCLAD","basemod:card_modifiers":[null,null,null,null,null,null,null,null,null,null,null,null,null,null,null,null,null,null,null,null,null,null],"items_purchased":["Apotheosis"],"campfire_rested":1,"item_purchase_floors":[5],"current_hp_per_floor":[68,65,54,60,60,39,39,11,11,31,37,34,38,35,35,17,55,47,47,34,47,50,50,0],"gold":320,"neow_bonus":"ONE_RARE_RELIC","is_prod":false,"is_daily":false,"rewards_skipped":[],"chose_seed":false,"campfire_upgraded":3,"win_rate":0,"floor_exit_playtime":[48,70,73,124,139,215,221,277,280,285,313,380,438,492,502,711,734,817,823,898,991,1128,1136],"timestamp":1726256723,"path_taken":["M","M","?","M","$","E","R","E","T","R","M","M","M","M","R","BOSS","M","?","?","M","M","R","E"],"build_version":"2022-12-18","purchased_purges":0,"victory":false,"max_hp_per_floor":[68,68,68,68,68,68,68,68,68,68,68,68,68,68,68,68,68,68,68,68,68,68,68,68],"relic_stats":{"counters":[15,65],"Dead Branch":[131],"Tiny Chest":0,"The Courier":0,"Smiling Mask":0,"Cursed Key":0,"obtain_stats":[{"Dead Branch":0,"Tiny Chest":8,"The Courier":6,"Smiling Mask":9,"Cursed Key":17,"Burning Blood":0},{"Dead Branch":0,"Tiny Chest":5,"The Courier":4,"Smiling Mask":5,"Cursed Key":10,"Burning Blood":0},{"Dead Branch":0,"Tiny Chest":20,"The Courier":16,"Smiling Mask":20,"Cursed Key":45,"Burning Blood":0}],"Burning Blood":82},"card_choices":[{"not_picked":["Shrug It Off","Spot Weakness"],"picked":"Blood for Blood","floor":1},{"not_picked":["Shrug It Off","Headbutt"],"picked":"Second Wind","floor":2},{"not_picked":["Clash","Headbutt"],"picked":"Anger","floor":4},{"not_picked":["Armaments","Havoc"],"picked":"Burning Pact","floor":6},{"not_picked":["Searing Blow","Combust"],"picked":"Havoc","floor":8},{"not_picked":["Wild Strike","Flex"],"picked":"Bloodletting","floor":11},{"not_picked":["Body Slam","Warcry"],"picked":"True Grit","floor":12},{"not_picked":["Exhume","Sword Boomerang","Perfected Strike"],"picked":"SKIP","floor":13},{"not_picked":["True Grit","Anger"],"picked":"Warcry","floor":14},{"not_picked":["Double Tap","Bludgeon"],"picked":"Demon Form","floor":16},{"not_picked":["Entrench","Sever Soul","Combust+1"],"picked":"SKIP","floor":18},{"not_picked":["Sword Boomerang","Heavy Blade","Clothesline"],"picked":"SKIP","floor":20},{"not_picked":["Thunderclap","Anger"],"picked":"Second Wind","floor":21},{"not_picked":["Clothesline","Havoc"],"picked":"Fiend Fire","floor":22}],"player_experience":2706331,"relics_obtained":[{"floor":6,"key":"The Courier"},{"floor":8,"key":"Tiny Chest"},{"floor":9,"key":"Smiling Mask"}],"event_choices":[{"damage_healed":0,"gold_gain":75,"player_choice":"Gather Gold","damage_taken":11,"max_hp_gain":0,"max_hp_loss":0,"event_name":"World of Goop","floor":3,"gold_loss":0},{"cards_removed":["Strike_R"],"damage_healed":0,"gold_gain":0,"player_choice":"Purged","damage_taken":0,"max_hp_gain":0,"max_hp_loss":0,"event_name":"Purifier","floor":19,"gold_loss":0}],"is_beta":false,"boss_relics":[{"not_picked":["Calling Bell","Snecko Eye"],"picked":"Cursed Key"}],"items_purged_floors":[],"is_endless":false,"potions_floor_spawned":[4,6,11,12,20,21],"killed_by":"Slavers","ascension_level":20,"potion_discard_per_floor":[[],[],[],[],[],[],[],[],[],[],[],[],[],[],[],[],[],[],[],["SpeedPotion"],[],[],[],[]]}