{"neow_bonuses_skipped_log":["THREE_CARDS","RANDOM_COMMON_RELIC","BOSS_RELIC"],"neow_costs_skipped_log":["NONE","NONE","NONE"],"potions_obtained_entropic_brew":[[],[],[],[],[],[],[],[],[],[],[],[],[],[],[],[]],"gold_per_floor":[109,34,53,64,78,78,78,91,167,201,34,44,58,68,68,68],"floor_reached":16,"playtime":673,"items_purged":["Strike_R"],"score":237,"play_id":"11ccf297-71b4-4f9a-8015-87af8c8e784d","local_time":"20240920163229","score_breakdown":["Floors Climbed (16): 80","Enemies Slain (8): 16","Exordium Elites Killed (1): 10","Bosses Slain (0): 0","Well Fed: 25","Ascension (20): 106"],"is_ascension_mode":true,"potions_obtained_alchemize":[[],[],[],[],[],[],[],[],[],[],[],[],[],[],[],[]],"campfire_choices":[{"data":"Feed","floor":6,"key":"SMITH"},{"data":"Whirlwind","floor":15,"key":"SMITH"}],"lesson_learned_per_floor":[[],[],[],[],[],[],[],[],[],[],[],[],[],[],[],[]],"neow_cost":"PERCENT_DAMAGE","improvable_cards":{},"seed_source_timestamp":732028503574000,"shop_contents":[{"floor":2,"relics":["PreservedInsect","Pear","Orrery"],"cards":["Thunderclap","Reaper","Havoc","Armaments","Panacea","Thinking Ahead"],"potions":["DistilledChaos","HeartOfIron","EntropicBrew"]},{"floor":11,"relics":["Mango","Peace Pipe","HandDrill"],"cards":["Heavy Blade","Flex","Sentinel","Combust","Purity","The Bomb"],"potions":["Energy Potion","Weak Potion"]}],"circlet_count":0,"master_deck":["AscendersBane","Strike_R","Strike_R","Strike_R","Defend_R","Defend_R","Defend_R","Defend_R","Bash","Feed+1","Carnage","Feel No Pain","Whirlwind+1","Anger","Battle Trance","Spot Weakness","Hemokinesis","Flame Barrier","Sentinel"],"potion_use_per_floor":[[],[],[],[],["GamblersBrew"],[],[],["SpeedPotion"],[],["HeartOfIron"],[],[],[],[],[],["EssenceOfSteel","SteroidPotion"]],"relics":["Burning Blood","Ornamental Fan","WingedGreaves"],"potions_floor_usage":[5,8,10,16,16],"damage_taken":[{"damage":12,"enemies":"Cultist","floor":1,"turns":4},{"damage":3,"enemies":"2 Louse","floor":3,"turns":3},{"damage":9,"enemies":"Jaw Worm","floor":4,"turns":5},{"damage":25,"enemies":"Lots of Slimes","floor":5,"turns":3},{"damage":14,"enemies":"Blue Slaver","floor":8,"turns":6},{"damage":12,"enemies":"Gremlin Nob","floor":10,"turns":4},{"damage":11,"enemies":"3 Louse","floor":12,"turns":4},{"damage":5,"enemies":"Looter","floor":13,"turns":3},{"damage":6,"enemies":"2 Fungi Beasts","floor":14,"turns":3},{"damage":31,"enemies":"The Guardian","floor":16,"turns":15}],"seed_played":"-2117381515563520935","neow_bonus_log":{"cardsObtained":[],"cardsUpgraded":[],"cardsRemoved":[],"cardsTransformed":[],"relicsObtained":[],"maxHpGained":0,"goldGained":0,"damageTaken":18,"goldLost":0,"maxHpLost":0},"potions_obtained":[{"floor":4,"key":"GamblersBrew"},{"floor":5,"key":"SpeedPotion"},{"floor":8,"key":"HeartOfIron"},{"floor":14,"key":"EssenceOfSteel"}],"is_trial":false,"path_per_floor":["M","$","M","M","M","R","?","M","T","E","$","M","M","M","R","B"],"character_chosen":"IRONCLAD","basemod:card_modifiers":[null,null,null,null,null,null,null,null,null,null,null,null,null,null,null,null,null,null,null],"items_purchased":["Feel No Pain","Hemokinesis","SteroidPotion"],"campfire_rested":0,"item_purchase_floors":[2,11,11],"current_hp_per_floor":[47,47,53,53,37,37,30,26,26,20,20,19,24,28,28,0],"gold":68,"neow_bonus":"THREE_RARE_CARDS","is_prod":false,"is_daily":false,"rewards_skipped":[],"chose_seed":false,"campfire_upgraded":2,"win_rate":0,"floor_exit_playtime":[59,70,91,132,191,202,207,255,257,311,331,393,425,522,535],"timestamp":1726864349,"path_taken":["M","?","M","M","M","R","?","M","T","E","$","M","M","M","R","BOSS"],"build_version":"2022-12-18","purchased_purges":1,"victory":false,"max_hp_per_floor":[78,78,81,84,87,87,87,91,91,91,91,95,99,103,103,103],"relic_stats":{"counters":[10,50],"Ornamental Fan":[16],"WingedGreaves":0,"obtain_stats":[{"Ornamental Fan":9,"WingedGreaves":10,"Burning Blood":0},{"Ornamental Fan":5,"WingedGreaves":6,"Burning Blood":0},{"Ornamental Fan":21,"WingedGreaves":25,"Burning Blood":0}],"Burning Blood":54},"card_choices":[{"not_picked":["Impervious","Offering"],"picked":"Feed","floor":0},{"not_picked":["True Grit","Entrench"],"picked":"Carnage","floor":1},{"not_picked":["Combust","Fire Breathing"],"picked":"Whirlwind","floor":3},{"not_picked":["Thunderclap","Headbutt"],"picked":"Anger","floor":4},{"not_picked":["Anger","True Grit","Whirlwind"],"picked":"SKIP","floor":5},{"not_picked":["Twin Strike","Flex"],"picked":"Battle Trance","floor":8},{"not_picked":["Brutality","Pommel Strike"],"picked":"Spot Weakness","floor":10},{"not_picked":["Blood for Blood","Heavy Blade","Thunderclap"],"picked":"SKIP","floor":12},{"not_picked":["Headbutt","Entrench"],"picked":"Flame Barrier","floor":13},{"not_picked":["Perfected Strike","Twin Strike"],"picked":"Sentinel","floor":14}],"player_experience":2718308,"relics_obtained":[{"floor":9,"key":"Ornamental Fan"},{"floor":10,"key":"WingedGreaves"}],"event_choices":[{"cards_removed":["Strike_R"],"damage_healed":0,"gold_gain":0,"player_choice":"Card Removal","damage_taken":7,"max_hp_gain":0,"max_hp_loss":0,"event_name":"Golden Wing","floor":7,"gold_loss":0}],"is_beta":false,"boss_relics":[],"items_purged_floors":[11],"is_endless":false,"potions_floor_spawned":[4,5,8,14],"killed_by":"The Guardian","ascension_level":20,"potion_discard_per_floor":[[],[],[],[],[],[],[],[],[],[],[],[],[],[],[],[]]}