{"neow_bonuses_skipped_log":["TRANSFORM_CARD","RANDOM_COLORLESS_2","BOSS_RELIC"],"neow_costs_skipped_log":["NONE","PERCENT_DAMAGE","NONE"],"potions_obtained_entropic_brew":[[],[],[],[],[],[],[],[],[],[],[],[],[],[],[],[]],"gold_per_floor":[111,130,148,128,146,177,195,195,269,294,345,115,115,140,140,140],"floor_reached":16,"playtime":946,"items_purged":["Strike_R"],"score":240,"play_id":"6b658fe1-57a2-4e81-8a56-31308108b432","local_time":"20241006190904","score_breakdown":["Floors Climbed (16): 80","Enemies Slain (5): 10","Exordium Elites Killed (3): 30","Bosses Slain (0): 0","Ascension (20): 120"],"is_ascension_mode":true,"potions_obtained_alchemize":[[],[],[],[],[],[],[],[],[],[],[],[],[],[],[],[]],"campfire_choices":[{"data":"Hemokinesis","floor":8,"key":"SMITH"},{"data":"Armaments","floor":13,"key":"SMITH"},{"data":"Offering","floor":15,"key":"SMITH"}],"lesson_learned_per_floor":[[],[],[],[],[],[],[],[],[],[],[],[],[],[],[],[]],"neow_cost":"NONE","improvable_cards":{},"seed_source_timestamp":2123550341916500,"shop_contents":[{"floor":12,"relics":["Orichalcum","Self Forming Clay","Sling"],"cards":["Body Slam","Reaper","Armaments","Combust","Bandage Up","Secret Technique"],"potions":["SmokeBomb","ColorlessPotion","SpeedPotion"]}],"circlet_count":0,"master_deck":["AscendersBane","Strike_R","Strike_R","Strike_R","Strike_R","Defend_R","Defend_R","Defend_R","Defend_R","Bash","Armaments+1","Hemokinesis+1","Sever Soul","Bloodletting","Headbutt","Intimidate","Feel No Pain","Offering+1","Disarm"],"potion_use_per_floor":[[],[],[],[],[],["Strength Potion"],["Regen Potion"],[],[],["FearPotion"],[],[],[],[],[],["Weak Potion","BloodPotion"]],"relics":["Burning Blood","Akabeko","Pantograph","Blue Candle","Bird Faced Urn","Art of War","Juzu Bracelet"],"potions_floor_usage":[6,7,10,16,16],"damage_taken":[{"damage":0,"enemies":"2 Louse","floor":1,"turns":3},{"damage":2,"enemies":"Cultist","floor":2,"turns":4},{"damage":3,"enemies":"Small Slimes","floor":3,"turns":3},{"damage":4,"enemies":"Gremlin Gang","floor":5,"turns":4},{"damage":34,"enemies":"Gremlin Nob","floor":6,"turns":4},{"damage":12,"enemies":"Looter","floor":7,"turns":4},{"damage":17,"enemies":"Lagavulin","floor":10,"turns":7},{"damage":15,"enemies":"Gremlin Nob","floor":14,"turns":3},{"damage":77,"enemies":"Slime Boss","floor":16,"turns":10}],"seed_played":"8444837708159060221","neow_bonus_log":{"cardsObtained":[],"cardsUpgraded":[],"cardsRemoved":[],"cardsTransformed":[],"relicsObtained":["Akabeko"],"maxHpGained":0,"goldGained":0,"damageTaken":0,"goldLost":0,"maxHpLost":0},"potions_obtained":[{"floor":2,"key":"Regen Potion"},{"floor":4,"key":"Strength Potion"},{"floor":6,"key":"FearPotion"},{"floor":10,"key":"BloodPotion"},{"floor":14,"key":"Weak Potion"}],"is_trial":false,"path_per_floor":["M","M","M","?","M","E","M","R","T","E","T","$","R","E","R","B"],"character_chosen":"IRONCLAD","basemod:card_modifiers":[null,null,null,null,null,null,null,null,null,null,null,null,null,null,null,null,null,null,null],"items_purchased":["Offering"],"campfire_rested":0,"item_purchase_floors":[12],"current_hp_per_floor":[74,75,75,75,75,47,53,53,53,42,42,42,42,35,35,0],"gold":140,"neow_bonus":"RANDOM_COMMON_RELIC","is_prod":false,"is_daily":false,"rewards_skipped":[],"chose_seed":false,"campfire_upgraded":3,"win_rate":0,"floor_exit_playtime":[91,132,214,220,271,338,385,391,395,609,616,652,659,713,719],"timestamp":1728256144,"path_taken":["M","M","M","?","?","E","M","R","T","E","?","$","R","E","R","BOSS"],"build_version":"2022-12-18","purchased_purges":1,"victory":false,"max_hp_per_floor":[75,75,75,75,75,75,75,75,75,75,75,75,75,75,75,75],"relic_stats":{"counters":[9,42],"Pantograph":25,"Blue Candle":[1],"Bird Faced Urn":[4],"Art of War":[1],"Juzu Bracelet":0,"obtain_stats":[{"Pantograph":6,"Blue Candle":9,"Bird Faced Urn":10,"Art of War":11,"Juzu Bracelet":14,"Burning Blood":0,"Akabeko":0},{"Pantograph":5,"Blue Candle":6,"Bird Faced Urn":7,"Art of War":7,"Juzu Bracelet":8,"Burning Blood":0,"Akabeko":0},{"Pantograph":18,"Blue Candle":22,"Bird Faced Urn":29,"Art of War":29,"Juzu Bracelet":32,"Burning Blood":0,"Akabeko":0}],"Burning Blood":40},"card_choices":[{"not_picked":["Wild Strike","Clash"],"picked":"Armaments","floor":1},{"not_picked":["Havoc","Rampage"],"picked":"Hemokinesis","floor":2},{"not_picked":["Disarm","Searing Blow"],"picked":"Sever Soul","floor":3},{"not_picked":["Perfected Strike","Thunderclap"],"picked":"Bloodletting","floor":5},{"not_picked":["Sword Boomerang","Fire Breathing"],"picked":"Headbutt","floor":6},{"not_picked":["Searing Blow","Twin Strike"],"picked":"Intimidate","floor":7},{"not_picked":["Dark Embrace","True Grit"],"picked":"Feel No Pain","floor":10},{"not_picked":["Fire Breathing","Sword Boomerang"],"picked":"Disarm","floor":14}],"player_experience":2727095,"relics_obtained":[{"floor":6,"key":"Pantograph"},{"floor":9,"key":"Blue Candle"},{"floor":10,"key":"Bird Faced Urn"},{"floor":11,"key":"Art of War"},{"floor":14,"key":"Juzu Bracelet"}],"event_choices":[{"damage_healed":0,"gold_gain":0,"player_choice":"Bought 1 Potion","damage_taken":0,"max_hp_gain":0,"max_hp_loss":0,"event_name":"The Woman in Blue","floor":4,"gold_loss":0}],"is_beta":false,"boss_relics":[],"items_purged_floors":[12],"is_endless":false,"potions_floor_spawned":[2,6,10,14],"killed_by":"Slime Boss","ascension_level":20,"potion_discard_per_floor":[[],[],[],[],[],[],[],[],[],[],[],[],[],[],[],[]]}