{"neow_bonuses_skipped_log":["THREE_CARDS","THREE_SMALL_POTIONS","BOSS_RELIC"],"neow_costs_skipped_log":["NONE","NONE","NONE"],"potions_obtained_entropic_brew":[[],[],[],[],[],[],["Block Potion","Energy Potion"],[],[],[],[],[],[],[]],"gold_per_floor":[117,129,2,52,70,70,104,179,179,179,198,216,232,232],"floor_reached":14,"playtime":423,"items_purged":["Normality"],"score":184,"play_id":"8240a2a5-2a3e-4331-91b4-b3f9221687b7","local_time":"20241007165336","score_breakdown":["Floors Climbed (14): 70","Enemies Slain (6): 12","Exordium Elites Killed (1): 10","Bosses Slain (0): 0","Ascension (20): 92"],"is_ascension_mode":true,"potions_obtained_alchemize":[[],[],[],[],[],[],[],[],[],[],[],[],[],[]],"campfire_choices":[{"data":"Combust","floor":6,"key":"SMITH"},{"floor":10,"key":"REST"}],"lesson_learned_per_floor":[[],[],[],[],[],[],[],[],[],[],[],[],[],[]],"neow_cost":"CURSE","improvable_cards":{},"seed_source_timestamp":54061364136600,"shop_contents":[{"floor":3,"relics":["TungstenRod","Bag of Marbles","Sling"],"cards":["Sever Soul","Flex","Warcry","Evolve","Forethought","Secret Weapon"],"potions":["Energy Potion","Explosive Potion","BlessingOfTheForge"]}],"circlet_count":0,"master_deck":["AscendersBane","Strike_R","Strike_R","Strike_R","Strike_R","Defend_R","Defend_R","Defend_R","Bash","Inflame","Havoc","Combust+1","Bloodletting","Anger","Shrug It Off","Anger","Second Wind","Cleave","Impervious"],"potion_use_per_floor":[[],[],[],[],[],[],["EntropicBrew","Energy Potion","Block Potion"],[],[],[],[],["SteroidPotion"],[],["Weak Potion"]],"relics":["Burning Blood","White Beast Statue","Ornamental Fan"],"potions_floor_usage":[7,7,7,12,14],"damage_taken":[{"damage":6,"enemies":"Cultist","floor":1,"turns":4},{"damage":15,"enemies":"Small Slimes","floor":2,"turns":4},{"damage":19,"enemies":"Jaw Worm","floor":5,"turns":4},{"damage":22,"enemies":"Gremlin Nob","floor":7,"turns":4},{"damage":11,"enemies":"Blue Slaver","floor":11,"turns":4},{"damage":18,"enemies":"Lots of Slimes","floor":12,"turns":3},{"damage":9,"enemies":"Exordium Thugs","floor":13,"turns":4},{"damage":15,"enemies":"Gremlin Gang","floor":14,"turns":1}],"seed_played":"-911098436467476965","neow_bonus_log":{"cardsObtained":["Normality","Inflame","Havoc"],"cardsUpgraded":[],"cardsRemoved":[],"cardsTransformed":["Defend_R","Strike_R"],"relicsObtained":[],"maxHpGained":0,"goldGained":0,"damageTaken":0,"goldLost":0,"maxHpLost":0},"potions_obtained":[{"floor":5,"key":"EntropicBrew"},{"floor":7,"key":"SteroidPotion"},{"floor":11,"key":"Ancient Potion"},{"floor":12,"key":"SteroidPotion"},{"floor":13,"key":"Weak Potion"}],"is_trial":false,"path_per_floor":["M","M","$","?","M","R","E","?","T","R","M","M","M","M"],"character_chosen":"IRONCLAD","basemod:card_modifiers":[null,null,null,null,null,null,null,null,null,null,null,null,null,null,null,null,null,null,null],"items_purchased":["Anger"],"campfire_rested":1,"item_purchase_floors":[3],"current_hp_per_floor":[68,59,59,52,39,39,23,12,12,34,29,17,14,0],"gold":232,"neow_bonus":"TRANSFORM_TWO_CARDS","is_prod":false,"is_daily":false,"rewards_skipped":[],"chose_seed":false,"campfire_upgraded":1,"win_rate":0,"floor_exit_playtime":[58,99,113,117,158,183,238,241,243,246,283,347,389],"timestamp":1728334416,"path_taken":["M","M","$","?","?","R","E","?","T","R","M","M","M","M"],"build_version":"2022-12-18","purchased_purges":1,"victory":false,"max_hp_per_floor":[75,75,75,75,75,75,75,75,75,75,75,75,75,75],"relic_stats":{"counters":[8,28],"Ornamental Fan":[0],"obtain_stats":[{"Ornamental Fan":9,"Burning Blood":0,"White Beast Statue":7},{"Ornamental Fan":4,"Burning Blood":0,"White Beast Statue":4},{"Ornamental Fan":16,"Burning Blood":0,"White Beast Statue":16}],"Burning Blood":42,"White Beast Statue":[0.0,0.024000000000000007,0.0,0.32800000000000007,0.0,0.5280000000000001,0.0,0.12000000000000002,0.0,0.0,0.0,1.2560000000000002]},"card_choices":[{"not_picked":["Warcry","Havoc"],"picked":"Combust","floor":1},{"not_picked":["Inflame","Wild Strike"],"picked":"Bloodletting","floor":2},{"not_picked":["Combust","Heavy Blade"],"picked":"Shrug It Off","floor":5},{"not_picked":["Entrench","Heavy Blade"],"picked":"Anger","floor":7},{"not_picked":["True Grit","Dark Embrace"],"picked":"Second Wind","floor":11},{"not_picked":["Clothesline","Flex"],"picked":"Cleave","floor":12},{"not_picked":["Pummel","Sentinel"],"picked":"Impervious","floor":13}],"player_experience":2735051,"relics_obtained":[{"floor":7,"key":"White Beast Statue"},{"floor":9,"key":"Ornamental Fan"}],"event_choices":[{"damage_healed":0,"gold_gain":50,"player_choice":"Touch","damage_taken":7,"max_hp_gain":0,"max_hp_loss":0,"event_name":"FaceTrader","floor":4,"gold_loss":0},{"damage_healed":0,"gold_gain":75,"player_choice":"Gather Gold","damage_taken":11,"max_hp_gain":0,"max_hp_loss":0,"event_name":"World of Goop","floor":8,"gold_loss":0}],"is_beta":false,"boss_relics":[],"items_purged_floors":[3],"is_endless":false,"potions_floor_spawned":[5,7,11,12,13],"killed_by":"Gremlin Gang","ascension_level":20,"potion_discard_per_floor":[[],[],[],[],[],[],[],[],[],[],[],[],["Ancient Potion"],[]]}