{"neow_bonuses_skipped_log":["THREE_SMALL_POTIONS","RANDOM_COLORLESS_2","BOSS_RELIC"],"neow_costs_skipped_log":["NONE","CURSE","NONE"],"potions_obtained_entropic_brew":[[],[],[],[],[],[],[],[],[],[],[],[],[],[],[],[],[],[],[],[],[],[],[],[],[],[],[],[],[],[],[],[],[],[],[],[],[],[],[],[],[],[],[],[],[],[],[],[],[],[]],"gold_per_floor":[115,131,131,141,141,141,169,169,194,194,209,226,226,94,94,169,169,184,184,197,214,51,82,82,93,120,120,152,165,165,180,180,255,255,273,286,186,197,213,213,230,255,279,279,304,315,315,344,344,344],"floor_reached":50,"playtime":2715,"items_purged":["Pain","Strike_R"],"score":1298,"play_id":"6d5f7ad5-a34c-4232-9348-239247521eb1","local_time":"20241007164621","score_breakdown":["Floors Climbed (50): 250","Enemies Slain (17): 34","Exordium Elites Killed (1): 10","City Elites Killed (2): 40","Beyond Elites Killed (3): 90","Bosses Slain (2): 150","Champion (2): 50","Overkill: 25","Ascension (20): 649"],"is_ascension_mode":true,"potions_obtained_alchemize":[[],[],[],[],[],[],[],[],[],[],[],[],[],[],[],[],[],[],[],[],[],[],[],[],[],[],[],[],[],[],[],[],[],[],[],[],[],[],[],[],[],[],[],[],[],[],[],[],[],[]],"campfire_choices":[{"data":"Bludgeon","floor":6,"key":"SMITH"},{"data":"True Grit","floor":8,"key":"SMITH"},{"floor":13,"key":"REST"},{"data":"Whirlwind","floor":15,"key":"SMITH"},{"data":"Burning Pact","floor":24,"key":"SMITH"},{"data":"Double Tap","floor":27,"key":"SMITH"},{"floor":32,"key":"REST"},{"data":"Limit Break","floor":40,"key":"SMITH"},{"floor":49,"key":"RECALL"}],"lesson_learned_per_floor":[[],[],[],[],[],[],[],[],[],[],[],[],[],[],[],[],[],[],[],[],[],[],[],[],[],[],[],[],[],[],[],[],[],[],[],[],[],[],[],[],[],[],[],[],[],[],[],[],[],[]],"neow_cost":"NONE","improvable_cards":{},"seed_source_timestamp":51328842392800,"shop_contents":[{"floor":14,"relics":["Bag of Preparation","Pen Nib","Sling"],"cards":["Blood for Blood","Perfected Strike","Shrug It Off","Warcry","Fire Breathing","Flash of Steel","Master of Strategy"],"potions":["Fire Potion","Block Potion"]},{"floor":22,"relics":["Shovel","Lantern"],"cards":["Dropkick","Pommel Strike","Havoc","Impervious","Fire Breathing","Finesse","Secret Technique"],"potions":["Strength Potion","BloodPotion","LiquidMemories"]},{"floor":37,"relics":["Champion Belt","Oddly Smooth Stone","HandDrill"],"cards":["Searing Blow","Perfected Strike","Warcry","Limit Break","Combust","Mind Blast","Chrysalis"],"potions":["AttackPotion","BlessingOfTheForge","FairyPotion"]}],"circlet_count":0,"master_deck":["AscendersBane","Strike_R","Strike_R","Strike_R","Defend_R","Defend_R","Defend_R+1","Defend_R","Bash","Clothesline","Pommel Strike","Bludgeon+1","True Grit+1","Bloodletting+1","Whirlwind+1","Burning Pact+1","Double Tap+1","Ghostly Armor","Cleave","Limit Break+1","Shrug It Off","Battle Trance","Intimidate","Flame Barrier","Sentinel","Sword Boomerang","Doubt","Anger","Discovery","Discovery","Feel No Pain+1"],"potion_use_per_floor":[[],[],[],[],[],[],[],[],[],[],[],["AttackPotion"],[],[],[],["Energy Potion"],[],[],[],[],[],[],["Energy Potion"],[],[],[],[],[],[],[],[],[],["SteroidPotion","HeartOfIron"],[],[],[],[],[],[],[],[],[],[],[],["Fire Potion"],[],[],[],[],["ElixirPotion"]],"relics":["Burning Blood","Akabeko","Ancient Tea Set","Regal Pillow","WarpedTongs","Runic Pyramid","Brimstone","War Paint","Blood Vial","PreservedInsect","Coffee Dripper","Paper Frog","Smiling Mask","Potion Belt"],"potions_floor_usage":[12,16,23,33,33,45,50],"damage_taken":[{"damage":10,"enemies":"Small Slimes","floor":1,"turns":4},{"damage":7,"enemies":"Jaw Worm","floor":2,"turns":3},{"damage":6,"enemies":"Cultist","floor":4,"turns":3},{"damage":30,"enemies":"3 Sentries","floor":7,"turns":7},{"damage":2,"enemies":"Exordium Thugs","floor":11,"turns":3},{"damage":19,"enemies":"Lots of Slimes","floor":12,"turns":4},{"damage":27,"enemies":"Slime Boss","floor":16,"turns":8},{"damage":3,"enemies":"3 Byrds","floor":18,"turns":2},{"damage":3,"enemies":"Shell Parasite","floor":20,"turns":1},{"damage":3,"enemies":"Centurion and Healer","floor":21,"turns":2},{"damage":23,"enemies":"Slavers","floor":23,"turns":2},{"damage":7,"enemies":"Chosen and Byrds","floor":25,"turns":4},{"damage":3,"enemies":"Gremlin Leader","floor":28,"turns":5},{"damage":38,"enemies":"Shelled Parasite and Fungi","floor":29,"turns":3},{"damage":0,"enemies":"3 Cultists","floor":31,"turns":3},{"damage":30,"enemies":"Collector","floor":33,"turns":6},{"damage":4,"enemies":"Orb Walker","floor":35,"turns":2},{"damage":25,"enemies":"3 Darklings","floor":36,"turns":3},{"damage":12,"enemies":"4 Shapes","floor":38,"turns":6},{"damage":23,"enemies":"Spire Growth","floor":39,"turns":4},{"damage":3,"enemies":"Sphere and 2 Shapes","floor":41,"turns":3},{"damage":23,"enemies":"Giant Head","floor":42,"turns":4},{"damage":26,"enemies":"Reptomancer","floor":45,"turns":4},{"damage":14,"enemies":"Maw","floor":46,"turns":5},{"damage":3,"enemies":"Giant Head","floor":48,"turns":5},{"damage":52,"enemies":"Donu and Deca","floor":50,"turns":5}],"green_key_taken_log":42,"seed_played":"-1923682152048321764","neow_bonus_log":{"cardsObtained":[],"cardsUpgraded":[],"cardsRemoved":[],"cardsTransformed":[],"relicsObtained":[],"maxHpGained":0,"goldGained":0,"damageTaken":0,"goldLost":0,"maxHpLost":0},"potions_obtained":[{"floor":11,"key":"AttackPotion"},{"floor":12,"key":"SteroidPotion"},{"floor":16,"key":"Energy Potion"},{"floor":29,"key":"BlessingOfTheForge"},{"floor":31,"key":"HeartOfIron"},{"floor":33,"key":"Fire Potion"},{"floor":35,"key":"ElixirPotion"},{"floor":48,"key":"FearPotion"}],"is_trial":false,"path_per_floor":["M","M","?","M","?","R","E","R","T","?","M","M","R","$","R","B",null,"M","?","M","M","$","E","R","M","T","R","E","M","?","M","R","B",null,"M","M","$","M","M","R","M","E","T","?","E","M","?","E","R","B"],"character_chosen":"IRONCLAD","basemod:card_modifiers":[null,null,null,null,null,null,null,null,null,null,null,null,null,null,null,null,null,null,null,null,null,null,null,null,null,null,null,null,null,null,null],"items_purchased":["Energy Potion","Brimstone"],"campfire_rested":2,"item_purchase_floors":[14,22],"current_hp_per_floor":[64,63,63,63,45,45,21,21,21,21,25,12,49,49,49,28,63,66,66,69,72,72,55,55,54,54,54,59,29,8,16,55,33,68,72,55,55,51,36,36,41,26,26,80,60,54,44,49,49,0],"gold":344,"neow_bonus":"THREE_CARDS","is_prod":false,"is_daily":false,"rewards_skipped":[{"floor":18,"relics":[],"potions":["BlessingOfTheForge"]},{"floor":20,"relics":[],"potions":["Strength Potion"]},{"floor":38,"relics":[],"potions":["ElixirPotion"]},{"floor":39,"relics":[],"potions":["FearPotion"]}],"chose_seed":false,"campfire_upgraded":6,"win_rate":0,"floor_exit_playtime":[243,274,279,321,325,334,405,418,421,437,478,572,578,607,612,773,791,837,842,876,941,956,993,1007,1104,1106,1117,1197,1277,1280,1322,1324,1465,1522,1573,1658,1683,1816,1948,1977,2059,2173,2178,2188,2348,2441,2464,2579,2583],"timestamp":1728333981,"blue_key_relic_skipped_log":{"floor":43,"relicID":"Bag of Marbles"},"path_taken":["M","M","?","M","?","R","E","R","T","?","?","M","R","$","R","BOSS","M","?","M","M","$","E","R","M","T","R","E","?","?","M","R","BOSS","M","M","$","M","M","R","M","E","T","?","E","M","?","E","R","BOSS"],"build_version":"2022-12-18","purchased_purges":2,"victory":false,"max_hp_per_floor":[75,75,75,75,75,75,75,75,75,75,75,75,75,75,75,75,75,75,75,75,75,75,75,75,75,75,75,75,75,80,80,80,80,80,80,80,80,80,80,80,80,80,80,80,80,80,80,80,80,80],"relic_stats":{"Blood Vial":26,"Regal Pillow":30,"counters":[26,101],"PreservedInsect":321,"War Paint":["Bloodletting","Defend_R"],"Ancient Tea Set":[14],"Smiling Mask":0,"obtain_stats":[{"Potion Belt":48,"Regal Pillow":9,"PreservedInsect":28,"War Paint":23,"Ancient Tea Set":7,"Smiling Mask":45,"Burning Blood":0,"Akabeko":5,"WarpedTongs":10,"Blood Vial":26,"Brimstone":22,"Coffee Dripper":34,"Runic Pyramid":17,"Paper Frog":42},{"Potion Belt":25,"Regal Pillow":4,"PreservedInsect":13,"War Paint":11,"Ancient Tea Set":4,"Smiling Mask":23,"Burning Blood":0,"Akabeko":3,"WarpedTongs":4,"Blood Vial":12,"Brimstone":10,"Coffee Dripper":16,"Runic Pyramid":7,"Paper Frog":22},{"Potion Belt":96,"Regal Pillow":17,"PreservedInsect":48,"War Paint":39,"Ancient Tea Set":17,"Smiling Mask":86,"Burning Blood":0,"Akabeko":10,"WarpedTongs":17,"Blood Vial":43,"Brimstone":37,"Coffee Dripper":60,"Runic Pyramid":32,"Paper Frog":82}],"Burning Blood":150,"WarpedTongs":[84]},"card_choices":[{"not_picked":["Dual Wield","Shrug It Off"],"picked":"Clothesline","floor":0},{"not_picked":["Body Slam","Iron Wave"],"picked":"Pommel Strike","floor":1},{"not_picked":["Clothesline","Entrench"],"picked":"Bludgeon","floor":2},{"not_picked":["Entrench","Cleave","True Grit"],"picked":"SKIP","floor":4},{"not_picked":["Entrench","Cleave"],"picked":"True Grit","floor":4},{"not_picked":["Shrug It Off","Brutality"],"picked":"Bloodletting","floor":7},{"not_picked":["Sever Soul","True Grit"],"picked":"Whirlwind","floor":11},{"not_picked":["Intimidate","Clash"],"picked":"Burning Pact","floor":12},{"not_picked":["Barricade","Bludgeon"],"picked":"Double Tap","floor":16},{"not_picked":["Second Wind","Clash","Evolve"],"picked":"SKIP","floor":18},{"not_picked":["Armaments","Cleave+1","Sever Soul"],"picked":"SKIP","floor":20},{"not_picked":["Rupture","Havoc","Heavy Blade"],"picked":"SKIP","floor":21},{"not_picked":["Sword Boomerang","Headbutt","Reckless Charge"],"picked":"SKIP","floor":23},{"not_picked":["Second Wind","Flex","Perfected Strike"],"picked":"SKIP","floor":25},{"not_picked":["Blood for Blood","Sever Soul","Clothesline"],"picked":"SKIP","floor":28},{"not_picked":["Warcry","Twin Strike","Perfected Strike"],"picked":"SKIP","floor":29},{"not_picked":["Uppercut","Hemokinesis"],"picked":"Cleave","floor":31},{"not_picked":["Immolate","Brutality"],"picked":"Limit Break","floor":33},{"not_picked":["Whirlwind","Flex"],"picked":"Shrug It Off","floor":35},{"not_picked":["Havoc","Sword Boomerang"],"picked":"Battle Trance","floor":36},{"not_picked":["Sword Boomerang","Clash"],"picked":"Intimidate","floor":38},{"not_picked":["Warcry","Sword Boomerang"],"picked":"Flame Barrier","floor":39},{"not_picked":["Power Through","Combust+1"],"picked":"Sentinel","floor":41},{"not_picked":["Combust+1","True Grit"],"picked":"Sword Boomerang","floor":42},{"not_picked":["Armaments","Dropkick"],"picked":"Anger","floor":45},{"not_picked":["Searing Blow","Juggernaut","Wild Strike"],"picked":"SKIP","floor":46},{"not_picked":["Panacea","Deep Breath"],"picked":"Discovery","floor":47},{"not_picked":["Mayhem","Panacea"],"picked":"Discovery","floor":47},{"not_picked":["Impatience","Violence","Mayhem"],"picked":"SKIP","floor":47},{"not_picked":["Cleave","Double Tap"],"picked":"Feel No Pain+1","floor":48}],"player_experience":2732336,"relics_obtained":[{"floor":7,"key":"Ancient Tea Set"},{"floor":9,"key":"Regal Pillow"},{"floor":23,"key":"War Paint"},{"floor":26,"key":"Blood Vial"},{"floor":28,"key":"PreservedInsect"},{"floor":42,"key":"Paper Frog"},{"floor":45,"key":"Smiling Mask"},{"floor":48,"key":"Potion Belt"}],"event_choices":[{"damage_healed":0,"gold_gain":0,"player_choice":"Ignored","damage_taken":0,"max_hp_gain":0,"max_hp_loss":0,"event_name":"Liars Game","floor":3,"gold_loss":0},{"damage_healed":0,"gold_gain":0,"player_choice":"Success","damage_taken":18,"relics_obtained":["Akabeko"],"max_hp_gain":0,"max_hp_loss":0,"event_name":"Scrap Ooze","floor":5,"gold_loss":0},{"damage_healed":0,"gold_gain":0,"player_choice":"Rummage","damage_taken":0,"relics_obtained":["WarpedTongs"],"max_hp_gain":0,"max_hp_loss":0,"event_name":"Accursed Blacksmith","floor":10,"gold_loss":0,"cards_obtained":["Pain"]},{"damage_healed":0,"gold_gain":0,"cards_transformed":["Strike_R"],"player_choice":"Transformed","damage_taken":0,"max_hp_gain":0,"max_hp_loss":0,"event_name":"Transmorgrifier","floor":19,"gold_loss":0,"cards_obtained":["Ghostly Armor"]},{"damage_healed":0,"gold_gain":0,"player_choice":"Shed Blood","damage_taken":26,"max_hp_gain":5,"max_hp_loss":0,"event_name":"Forgotten Altar","floor":30,"gold_loss":0},{"damage_healed":54,"gold_gain":0,"player_choice":"Heal","damage_taken":0,"max_hp_gain":0,"max_hp_loss":0,"event_name":"MindBloom","floor":44,"gold_loss":0,"cards_obtained":["Doubt"]},{"damage_healed":0,"gold_gain":0,"player_choice":"Memory 3","damage_taken":10,"max_hp_gain":0,"max_hp_loss":0,"event_name":"SensoryStone","floor":47,"gold_loss":0}],"is_beta":false,"boss_relics":[{"not_picked":["Runic Dome","Snecko Eye"],"picked":"Runic Pyramid"},{"not_picked":["Tiny House","Runic Cube"],"picked":"Coffee Dripper"}],"items_purged_floors":[14,37],"is_endless":false,"potions_floor_spawned":[11,12,16,18,20,29,31,33,35,38,39,48],"killed_by":"Donu and Deca","ascension_level":20,"potion_discard_per_floor":[[],[],[],[],[],[],[],[],[],[],[],[],[],[],[],[],[],[],[],[],[],[],[],[],[],[],[],[],[],[],["BlessingOfTheForge"],[],[],[],[],[],[],[],[],[],[],[],[],[],[],[],[],[],[],[]]}