{"neow_bonuses_skipped_log":["REMOVE_CARD","HUNDRED_GOLD","BOSS_RELIC"],"potions_obtained_entropic_brew":[[],[],[],[],[],[],[],[],[],[],[],[],[],[],[],[]],"neow_costs_skipped_log":["NONE","NONE","NONE"],"gold_per_floor":[116,116,129,139,58,58,84,102,102,130,130,130,146,159,159,159],"floor_reached":16,"playtime":618,"items_purged":[],"score":224,"play_id":"3c2366d0-0c17-4b05-b774-518bf75132c4","local_time":"20241017125849","score_breakdown":["Floors Climbed (16): 80","Enemies Slain (6): 12","Exordium Elites Killed (2): 20","Bosses Slain (0): 0","Ascension (20): 112"],"is_ascension_mode":true,"potions_obtained_alchemize":[[],[],[],[],[],[],[],[],[],[],[],[],[],[],[],[]],"campfire_choices":[{"floor":6,"key":"REST"},{"floor":12,"key":"REST"},{"data":"Uppercut","floor":15,"key":"SMITH"}],"lesson_learned_per_floor":[[],[],[],[],[],[],[],[],[],[],[],[],[],[],[],[]],"neow_cost":"PERCENT_DAMAGE","improvable_cards":{},"seed_source_timestamp":560787111194800,"shop_contents":[{"floor":5,"relics":["Dream Catcher","Mango","ClockworkSouvenir"],"cards":["Fiend Fire","Uppercut","Seeing Red","True Grit","Madness","Secret Technique"],"potions":["Swift Potion","FairyPotion","FairyPotion"]}],"circlet_count":0,"master_deck":["AscendersBane","Strike_R","Strike_R","Strike_R+1","Strike_R","Strike_R","Defend_R","Defend_R","Defend_R","Defend_R","Bash","Demon Form+1","Wild Strike","Fire Breathing","Ghostly Armor","Sword Boomerang","Uppercut+1","Dark Embrace","Pommel Strike"],"potion_use_per_floor":[[],[],[],[],[],[],[],[],[],["Fire Potion"],[],[],[],[],[],["Dexterity Potion"]],"relics":["Burning Blood","Peace Pipe","Incense Burner","Ice Cream","Bag of Marbles"],"potions_floor_usage":[10,16],"damage_taken":[{"damage":14,"enemies":"Jaw Worm","floor":1,"turns":4},{"damage":2,"enemies":"Cultist","floor":3,"turns":4},{"damage":4,"enemies":"Small Slimes","floor":4,"turns":4},{"damage":32,"enemies":"Gremlin Nob","floor":7,"turns":4},{"damage":6,"enemies":"Blue Slaver","floor":8,"turns":5},{"damage":20,"enemies":"3 Sentries","floor":10,"turns":6},{"damage":11,"enemies":"3 Louse","floor":13,"turns":4},{"damage":11,"enemies":"Large Slime","floor":14,"turns":6},{"damage":23,"enemies":"Hexaghost","floor":16,"turns":9}],"seed_played":"3726026848479431668","neow_bonus_log":{"cardsObtained":[],"cardsUpgraded":[],"cardsRemoved":[],"cardsTransformed":[],"relicsObtained":[],"maxHpGained":0,"goldGained":0,"damageTaken":18,"goldLost":0,"maxHpLost":0},"potions_obtained":[{"floor":7,"key":"FearPotion"},{"floor":8,"key":"Fire Potion"},{"floor":10,"key":"Dexterity Potion"}],"is_trial":false,"path_per_floor":["M","?","M","M","$","R","E","M","T","E","?","R","M","M","R","B"],"character_chosen":"IRONCLAD","basemod:card_modifiers":[null,null,null,null,null,null,null,null,null,null,null,null,null,null,null,null,null,null,null],"items_purchased":["Fire Breathing"],"campfire_rested":2,"item_purchase_floors":[5],"current_hp_per_floor":[42,19,23,25,25,47,21,21,21,7,7,29,24,19,19,0],"gold":159,"neow_bonus":"THREE_RARE_CARDS","is_prod":false,"is_daily":false,"rewards_skipped":[{"floor":13,"relics":[],"potions":["Ancient Potion"]}],"chose_seed":false,"campfire_upgraded":1,"win_rate":0,"floor_exit_playtime":[79,84,118,168,213,217,251,292,296,369,376,378,455,511,520],"timestamp":1729184329,"path_taken":["M","?","M","M","$","R","E","M","T","E","?","R","?","M","R","BOSS"],"build_version":"2022-12-18","purchased_purges":0,"victory":false,"max_hp_per_floor":[75,75,75,75,75,75,75,75,75,75,75,75,75,75,75,75],"relic_stats":{"Peace Pipe":0,"Ice Cream":[13],"counters":[9,46],"obtain_stats":[{"Peace Pipe":7,"Ice Cream":10,"Incense Burner":9,"Bag of Marbles":11,"Burning Blood":0},{"Peace Pipe":4,"Ice Cream":6,"Incense Burner":5,"Bag of Marbles":6,"Burning Blood":0},{"Peace Pipe":16,"Ice Cream":27,"Incense Burner":21,"Bag of Marbles":27,"Burning Blood":0}],"Burning Blood":48},"card_choices":[{"not_picked":["Limit Break","Barricade"],"picked":"Demon Form","floor":0},{"not_picked":["Warcry","Spot Weakness"],"picked":"Iron Wave","floor":1},{"not_picked":["Rage","Warcry","Body Slam"],"picked":"SKIP","floor":3},{"not_picked":["Clash","Seeing Red"],"picked":"Wild Strike","floor":4},{"not_picked":["Thunderclap","Body Slam"],"picked":"Ghostly Armor","floor":7},{"not_picked":["Iron Wave","True Grit"],"picked":"Sword Boomerang","floor":8},{"not_picked":["Sever Soul","Clothesline"],"picked":"Uppercut","floor":10},{"not_picked":["Pommel Strike","Dropkick"],"picked":"Dark Embrace","floor":13},{"not_picked":["Heavy Blade","Exhume"],"picked":"Pommel Strike","floor":14}],"player_experience":2750571,"relics_obtained":[{"floor":7,"key":"Peace Pipe"},{"floor":9,"key":"Incense Burner"},{"floor":10,"key":"Ice Cream"}],"event_choices":[{"damage_healed":0,"gold_gain":0,"player_choice":"Entered Light","damage_taken":23,"max_hp_gain":0,"max_hp_loss":0,"event_name":"Shining Light","floor":2,"gold_loss":0,"cards_upgraded":["Demon Form","Strike_R"]},{"cards_removed":["Iron Wave"],"damage_healed":0,"gold_gain":0,"player_choice":"Gave Card","damage_taken":0,"relics_obtained":["Bag of Marbles"],"max_hp_gain":0,"max_hp_loss":0,"event_name":"WeMeetAgain","floor":11,"gold_loss":0}],"is_beta":false,"boss_relics":[],"items_purged_floors":[],"is_endless":false,"potions_floor_spawned":[7,8,10,13],"killed_by":"Hexaghost","ascension_level":20,"potion_discard_per_floor":[[],[],[],[],[],[],[],[],[],[],[],[],[],[],[],[]]}