{"neow_bonuses_skipped_log":["THREE_CARDS","TWENTY_PERCENT_HP_BONUS","BOSS_RELIC"],"potions_obtained_entropic_brew":[[],[],[],[],[],[],[],[],[],[],[],[],[],[],[],[],[],[],[],[],[],[],[],[],[],[],[],[],[],[],[],[],[],[],[],[],[],[],[],[],[],[]],"neow_costs_skipped_log":["NONE","PERCENT_DAMAGE","NONE"],"gold_per_floor":[113,113,35,35,54,83,83,116,143,159,178,212,223,279,279,357,357,373,387,387,398,55,86,30,30,30,58,75,75,106,120,120,196,196,216,227,52,62,62,62,76,76],"floor_reached":42,"playtime":2278,"items_purged":["Strike_R"],"score":956,"play_id":"2de3b571-08ec-4aa3-9319-2217515af264","local_time":"20241017160250","score_breakdown":["Floors Climbed (42): 210","Enemies Slain (14): 28","Exordium Elites Killed (3): 30","City Elites Killed (3): 60","Beyond Elites Killed (0): 0","Bosses Slain (2): 150","Ascension (20): 478"],"is_ascension_mode":true,"potions_obtained_alchemize":[[],[],[],[],[],[],[],[],[],[],[],[],[],[],[],[],[],[],[],[],[],[],[],[],[],[],[],[],[],[],[],[],[],[],[],[],[],[],[],[],[],[]],"campfire_choices":[{"floor":7,"key":"REST"},{"data":"Armaments","floor":15,"key":"SMITH"},{"data":"Whirlwind","floor":25,"key":"SMITH"},{"data":"True Grit","floor":29,"key":"SMITH"},{"data":"Blood for Blood","floor":32,"key":"SMITH"},{"floor":40,"key":"RECALL"}],"lesson_learned_per_floor":[[],[],[],[],[],[],[],[],[],[],[],[],[],[],[],[],[],[],[],[],[],[],[],[],[],[],[],[],[],[],[],[],[],[],[],[],[],[],[],[],[],[]],"neow_cost":"NONE","improvable_cards":{},"seed_source_timestamp":570167814882600,"shop_contents":[{"floor":3,"relics":["PreservedInsect","Red Skull","ClockworkSouvenir"],"cards":["Reckless Charge","Power Through","Shrug It Off","Metallicize","Dramatic Entrance","Apotheosis"],"potions":["Swift Potion","Ancient Potion","Explosive Potion"]},{"floor":22,"relics":["Unceasing Top","Frozen Eye"],"cards":["Body Slam","Perfected Strike","True Grit","Seeing Red","Rupture","Impatience","Master of Strategy"],"potions":["SpeedPotion","EssenceOfSteel","LiquidBronze"]},{"floor":24,"relics":["Bag of Preparation","White Beast Statue","Toolbox"],"cards":["Reaper","Thunderclap","Shrug It Off","Second Wind","Combust","Good Instincts","Apotheosis"],"potions":["EssenceOfSteel","SkillPotion"]},{"floor":37,"relics":["Ice Cream","Bag of Marbles","Lee\u0027s Waffle"],"cards":["Perfected Strike","Dropkick","Ghostly Armor","Rage","Impatience","Metamorphosis"],"potions":["Block Potion","ColorlessPotion","EntropicBrew"]}],"circlet_count":0,"master_deck":["AscendersBane","Strike_R+1","Strike_R","Strike_R","Defend_R","Defend_R","Defend_R","Defend_R","Bash+1","Armaments+1","Whirlwind+1","Perfected Strike","Metallicize","Spot Weakness","Headbutt","Blood for Blood+1","Shrug It Off","Metallicize","Corruption","Shrug It Off+1","Flame Barrier","Warcry","True Grit+1","Pommel Strike+1","Shrug It Off+1","Metallicize","Offering","Anger+1","Barricade","Madness","Madness","Exhume"],"potion_use_per_floor":[[],[],[],[],[],["Explosive Potion"],[],["ColorlessPotion"],[],[],[],["Explosive Potion"],[],["Swift Potion"],[],[],[],["BloodPotion"],[],[],[],[],[],["BloodPotion"],[],[],[],[],[],[],[],[],[],[],[],[],[],[],[],[],[],["PowerPotion"]],"relics":["Burning Blood","Art of War","Mummified Hand","Sundial","Akabeko","Whetstone","Charon\u0027s Ashes","Runic Pyramid","Shuriken","Oddly Smooth Stone","Paper Frog","FossilizedHelix","Ancient Tea Set","Fusion Hammer"],"potions_floor_usage":[6,8,12,14,18,24,42],"damage_taken":[{"damage":4,"enemies":"2 Louse","floor":1,"turns":4},{"damage":14,"enemies":"Jaw Worm","floor":5,"turns":4},{"damage":25,"enemies":"3 Sentries","floor":6,"turns":8},{"damage":30,"enemies":"Lagavulin","floor":8,"turns":7},{"damage":4,"enemies":"Small Slimes","floor":10,"turns":4},{"damage":3,"enemies":"Exordium Thugs","floor":11,"turns":4},{"damage":7,"enemies":"3 Sentries","floor":12,"turns":4},{"damage":3,"enemies":"Looter","floor":13,"turns":3},{"damage":5,"enemies":"Gremlin Nob","floor":14,"turns":3},{"damage":19,"enemies":"The Guardian","floor":16,"turns":12},{"damage":23,"enemies":"Shell Parasite","floor":18,"turns":4},{"damage":0,"enemies":"Chosen","floor":19,"turns":5},{"damage":0,"enemies":"Snecko","floor":21,"turns":4},{"damage":10,"enemies":"Book of Stabbing","floor":23,"turns":4},{"damage":11,"enemies":"Slavers","floor":27,"turns":4},{"damage":0,"enemies":"Snake Plant","floor":28,"turns":4},{"damage":12,"enemies":"Gremlin Leader","floor":30,"turns":5},{"damage":0,"enemies":"Centurion and Healer","floor":31,"turns":6},{"damage":16,"enemies":"Collector","floor":33,"turns":11},{"damage":0,"enemies":"3 Shapes","floor":35,"turns":7},{"damage":0,"enemies":"Orb Walker","floor":36,"turns":4},{"damage":6,"enemies":"Maw","floor":38,"turns":6},{"damage":7,"enemies":"4 Shapes","floor":41,"turns":6},{"damage":75,"enemies":"Reptomancer","floor":42,"turns":3}],"seed_played":"-1634603926087576102","neow_bonus_log":{"cardsObtained":[],"cardsUpgraded":[],"cardsRemoved":[],"cardsTransformed":[],"relicsObtained":[],"maxHpGained":0,"goldGained":0,"damageTaken":0,"goldLost":0,"maxHpLost":0},"potions_obtained":[{"floor":0,"key":"ColorlessPotion"},{"floor":0,"key":"Dexterity Potion"},{"floor":5,"key":"Explosive Potion"},{"floor":8,"key":"Explosive Potion"},{"floor":10,"key":"FairyPotion"},{"floor":12,"key":"Swift Potion"},{"floor":14,"key":"BloodPotion"},{"floor":18,"key":"BloodPotion"},{"floor":30,"key":"PowerPotion"}],"is_trial":false,"path_per_floor":["M","?","$","?","M","E","R","E","T","M","M","E","M","?","R","B",null,"M","M","?","M","$","E","$","R","T","E","M","R","E","M","R","B",null,"M","M","$","M","?","R","M","E"],"character_chosen":"IRONCLAD","basemod:card_modifiers":[null,null,null,null,null,null,null,null,null,null,null,null,null,null,null,null,null,null,null,null,null,null,null,null,null,null,null,null,null,null,null,null],"items_purchased":["Whirlwind","Shuriken","SteroidPotion","Barricade"],"campfire_rested":1,"item_purchase_floors":[3,22,24,37],"current_hp_per_floor":[70,70,70,44,36,17,39,15,15,17,20,19,22,23,23,10,59,57,63,63,69,69,65,75,75,75,70,75,75,69,75,75,65,73,75,75,75,75,61,61,60,0],"gold":76,"neow_bonus":"THREE_SMALL_POTIONS","is_prod":false,"is_daily":false,"rewards_skipped":[{"floor":0,"relics":[],"potions":["Swift Potion"]},{"floor":27,"relics":[],"potions":["DuplicationPotion"]},{"floor":28,"relics":[],"potions":["Swift Potion"]},{"floor":33,"relics":[],"potions":["SteroidPotion"]},{"floor":35,"relics":[],"potions":["CultistPotion"]},{"floor":41,"relics":[],"potions":["Energy Potion"]}],"chose_seed":false,"campfire_upgraded":4,"win_rate":0,"floor_exit_playtime":[157,163,191,199,241,319,323,405,407,442,501,571,603,655,661,823,843,928,979,985,1052,1085,1142,1163,1173,1176,1266,1320,1326,1428,1509,1516,1701,1731,1853,1904,1943,2038,2049,2053,2173],"timestamp":1729195370,"path_taken":["M","?","$","?","M","E","R","E","T","M","M","E","M","?","R","BOSS","M","M","?","M","?","E","$","R","T","E","M","R","E","M","R","BOSS","M","M","$","M","?","R","M","E"],"build_version":"2022-12-18","purchased_purges":1,"victory":false,"max_hp_per_floor":[75,75,75,75,75,75,75,75,75,75,75,75,75,75,75,75,75,75,75,75,75,75,75,75,75,75,75,75,75,75,75,75,75,75,75,75,75,75,75,75,75,75],"relic_stats":{"counters":[24,126],"Mummified Hand":[82],"Sundial":[8],"Shuriken":[6],"Charon\u0027s Ashes":[487],"Art of War":[20],"Whetstone":["Strike_R","Bash"],"Ancient Tea Set":[4],"obtain_stats":[{"Oddly Smooth Stone":23,"Charon\u0027s Ashes":14,"Whetstone":12,"Ancient Tea Set":30,"Burning Blood":0,"Akabeko":9,"Mummified Hand":6,"Sundial":8,"Shuriken":22,"Fusion Hammer":34,"Art of War":4,"FossilizedHelix":27,"Runic Pyramid":17,"Paper Frog":26},{"Oddly Smooth Stone":14,"Charon\u0027s Ashes":9,"Whetstone":7,"Ancient Tea Set":17,"Burning Blood":0,"Akabeko":4,"Mummified Hand":3,"Sundial":4,"Shuriken":13,"Fusion Hammer":19,"Art of War":1,"FossilizedHelix":15,"Runic Pyramid":10,"Paper Frog":14},{"Oddly Smooth Stone":70,"Charon\u0027s Ashes":41,"Whetstone":35,"Ancient Tea Set":83,"Burning Blood":0,"Akabeko":23,"Mummified Hand":16,"Sundial":23,"Shuriken":66,"Fusion Hammer":100,"Art of War":4,"FossilizedHelix":74,"Runic Pyramid":53,"Paper Frog":70}],"Burning Blood":127,"FossilizedHelix":[98]},"card_choices":[{"not_picked":["True Grit","Sever Soul"],"picked":"Armaments","floor":1},{"not_picked":["Warcry","Whirlwind"],"picked":"Perfected Strike","floor":5},{"not_picked":["Iron Wave","Shrug It Off"],"picked":"Metallicize","floor":6},{"not_picked":["Shrug It Off","Wild Strike"],"picked":"Spot Weakness","floor":8},{"not_picked":["Whirlwind","Pommel Strike"],"picked":"Headbutt","floor":10},{"not_picked":["Headbutt","Entrench"],"picked":"Blood for Blood","floor":11},{"not_picked":["Anger","Entrench"],"picked":"Shrug It Off","floor":12},{"not_picked":["Battle Trance","Wild Strike"],"picked":"Metallicize","floor":13},{"not_picked":["Sentinel","Pommel Strike","Wild Strike"],"picked":"SKIP","floor":14},{"not_picked":["Immolate","Bludgeon"],"picked":"Corruption","floor":16},{"not_picked":["Seeing Red","Rampage"],"picked":"Shrug It Off+1","floor":18},{"not_picked":["Warcry","Perfected Strike","Dropkick+1"],"picked":"SKIP","floor":19},{"not_picked":["Reckless Charge","Anger"],"picked":"Flame Barrier","floor":21},{"not_picked":["Cleave","Havoc"],"picked":"Warcry","floor":23},{"not_picked":["Infernal Blade","Warcry"],"picked":"True Grit","floor":27},{"not_picked":["Cleave+1","Second Wind"],"picked":"Pommel Strike+1","floor":28},{"not_picked":["Pommel Strike","Double Tap"],"picked":"Shrug It Off+1","floor":30},{"not_picked":["Cleave","Uppercut"],"picked":"Metallicize","floor":31},{"not_picked":["Impervious","Bludgeon"],"picked":"Offering","floor":33},{"not_picked":["Cleave+1","Havoc","Flex"],"picked":"SKIP","floor":35},{"not_picked":["Pummel","Body Slam"],"picked":"Anger+1","floor":36},{"not_picked":["Anger","Twin Strike","Thunderclap"],"picked":"SKIP","floor":38},{"not_picked":["Anger","Warcry"],"picked":"Exhume","floor":41}],"player_experience":2759741,"relics_obtained":[{"floor":6,"key":"Mummified Hand"},{"floor":8,"key":"Sundial"},{"floor":9,"key":"Akabeko"},{"floor":12,"key":"Whetstone"},{"floor":14,"key":"Charon\u0027s Ashes"},{"floor":23,"key":"Oddly Smooth Stone"},{"floor":26,"key":"Paper Frog"},{"floor":27,"key":"FossilizedHelix"},{"floor":30,"key":"Ancient Tea Set"}],"event_choices":[{"damage_healed":0,"gold_gain":0,"player_choice":"Leave","damage_taken":0,"max_hp_gain":0,"max_hp_loss":0,"event_name":"The Cleric","floor":2,"gold_loss":0},{"damage_healed":0,"gold_gain":0,"player_choice":"Success","damage_taken":26,"relics_obtained":["Art of War"],"max_hp_gain":0,"max_hp_loss":0,"event_name":"Scrap Ooze","floor":4,"gold_loss":0},{"damage_healed":0,"gold_gain":0,"player_choice":"Searched \u00271\u0027 times","damage_taken":0,"max_hp_gain":0,"max_hp_loss":0,"event_name":"Dead Adventurer","floor":14,"gold_loss":0},{"cards_removed":["Strike_R"],"damage_healed":0,"gold_gain":0,"player_choice":"Purged","damage_taken":0,"max_hp_gain":0,"max_hp_loss":0,"event_name":"Purifier","floor":20,"gold_loss":0},{"damage_healed":0,"gold_gain":0,"player_choice":"Embrace Madness","damage_taken":14,"max_hp_gain":0,"max_hp_loss":0,"event_name":"Winding Halls","floor":39,"gold_loss":0,"cards_obtained":["Madness","Madness"]}],"is_beta":false,"boss_relics":[{"not_picked":["Empty Cage","Coffee Dripper"],"picked":"Runic Pyramid"},{"not_picked":["Pandora\u0027s Box","Tiny House"],"picked":"Fusion Hammer"}],"items_purged_floors":[22],"is_endless":false,"potions_floor_spawned":[5,8,10,12,14,18,27,28,30,33,35,41],"killed_by":"Reptomancer","ascension_level":20,"potion_discard_per_floor":[[],[],[],[],["Dexterity Potion"],[],[],[],[],[],[],[],[],[],[],[],[],[],[],[],[],[],[],[],[],[],[],[],[],["FairyPotion"],[],[],[],[],[],[],[],[],[],[],[],[]]}