{"neow_bonuses_skipped_log":["UPGRADE_CARD","THREE_RARE_CARDS","BOSS_RELIC"],"potions_obtained_entropic_brew":[[],[],[],[],[],[],[],[],[],[],[],[],[],[],[],[],[],[],[],[],[],[],[],[],[],[],[],[],[],[],[],[],[],[],[],[],[],[],[],[],[],[],[],[],[],[],[],[],[],[],[],[],[],[],[],[]],"neow_costs_skipped_log":["NONE","NO_GOLD","NONE"],"gold_per_floor":[219,235,12,12,26,59,59,75,75,75,103,103,131,146,146,223,223,234,244,7,25,38,67,67,97,97,108,143,153,153,163,163,234,234,248,259,159,159,70,101,101,133,178,178,204,229,229,241,241,241,241,241,241,7,32,32],"floor_reached":56,"playtime":3291,"items_purged":["Strike_R","Strike_R"],"score":2030,"play_id":"eaec168b-7b66-4ae7-9f9f-831cb6ea7604","local_time":"20241029211531","falling_options_log":["Fiend Fire","Dark Embrace+1"],"score_breakdown":["Floors Climbed (56): 280","Enemies Slain (15): 30","Exordium Elites Killed (3): 30","City Elites Killed (3): 60","Beyond Elites Killed (3): 90","Bosses Slain (4): 500","Champion (1): 25","Ascension (20): 1015"],"is_ascension_mode":true,"potions_obtained_alchemize":[[],[],[],[],[],[],[],[],[],[],[],[],[],[],[],[],[],[],[],[],[],[],[],[],[],[],[],[],[],[],[],[],[],[],[],[],[],[],[],[],[],[],[],[],[],[],[],[],[],[],[],[],[],[],[],[]],"campfire_choices":[{"data":"Anger","floor":7.0,"key":"SMITH"},{"data":"Pommel Strike","floor":10.0,"key":"SMITH"},{"data":"Armaments","floor":15.0,"key":"SMITH"},{"data":"Offering","floor":24.0,"key":"SMITH"},{"data":"Battle Trance","floor":32.0,"key":"SMITH"},{"floor":41,"key":"RECALL"},{"data":"Pommel Strike","floor":47,"key":"SMITH"},{"data":"Disarm","floor":49,"key":"SMITH"},{"data":"Disarm","floor":53,"key":"SMITH"}],"lesson_learned_per_floor":[[],[],[],[],[],[],[],[],[],[],[],[],[],[],[],[],[],[],[],[],[],[],[],[],[],[],[],[],[],[],[],[],[],[],[],[],[],[],[],[],[],[],[],[],[],[],[],[],[],[],[],[],[],[],[],[]],"neow_cost":"NONE","improvable_cards":{},"seed_source_timestamp":1624699487307900,"shop_contents":[{"floor":3,"relics":["Boot","Cauldron"],"cards":["Bludgeon","Infernal Blade","Flex","Dark Embrace","Panacea","Transmutation"],"potions":["ElixirPotion","ElixirPotion","Strength Potion"]},{"floor":20,"relics":["Darkstone Periapt","CeramicFish","Frozen Eye"],"cards":["Carnage","Bludgeon","Flex","Rupture","Dramatic Entrance","Panache"],"potions":["DistilledChaos","BlessingOfTheForge","FairyPotion"]},{"floor":37,"relics":["Toxic Egg 2","Pantograph","Medical Kit"],"cards":["Carnage","Uppercut","Offering","Armaments","Inflame","Swift Strike","Thinking Ahead"],"potions":["Fruit Juice","Swift Potion","Weak Potion"]},{"floor":39,"relics":["Self Forming Clay","Matryoshka","OrangePellets"],"cards":["Body Slam","Heavy Blade","Havoc","Combust","Finesse","Sadistic Nature"],"potions":["Ancient Potion","Energy Potion","ColorlessPotion"]},{"floor":54,"relics":["Red Skull","War Paint","HandDrill"],"cards":["Dropkick","Impervious","Rupture","Bandage Up","Metamorphosis"],"potions":["Block Potion","Swift Potion","Explosive Potion"]}],"circlet_count":0,"master_deck":["AscendersBane","Strike_R","Strike_R","Defend_R","Defend_R","Defend_R","Defend_R","Bash","Hemokinesis+1","Anger+1","Carnage","Pommel Strike+1","Armaments+1","Shrug It Off","Dual Wield","Fiend Fire","Disarm+1","Offering+1","Spot Weakness","Spot Weakness","Dark Embrace+1","Twin Strike+1","Corruption","Intimidate","Disarm+1","Power Through+1","Pommel Strike+1","Second Wind","Limit Break","Heavy Blade","Sword Boomerang+1"],"special_seed":0,"potion_use_per_floor":[[],[],[],[],[],["ColorlessPotion"],[],[],[],[],[],[],[],[],[],["SpeedPotion"],[],[],[],[],[],[],[],[],[],[],[],["Swift Potion"],[],[],[],[],[],[],[],[],[],[],[],[],[],[],[],[],[],[],[],[],[],[],[],[],[],[],["LiquidMemories"],["FairyPotion"]],"relics":["Burning Blood","Centennial Puzzle","Blood Vial","Blue Candle","Mango","StrikeDummy","Kunai","Coffee Dripper","Omamori","Eternal Feather","Bag of Marbles","Toy Ornithopter","Philosopher\u0027s Stone","Bottled Lightning","CaptainsWheel","PreservedInsect","Prayer Wheel","Bird Faced Urn"],"potions_floor_usage":[55],"damage_taken":[{"damage":2.0,"enemies":"Cultist","floor":1.0,"turns":4.0},{"damage":8.0,"enemies":"2 Louse","floor":2.0,"turns":2.0},{"damage":7.0,"enemies":"Jaw Worm","floor":5.0,"turns":2.0},{"damage":22.0,"enemies":"Lagavulin","floor":6.0,"turns":4.0},{"damage":7.0,"enemies":"3 Louse","floor":8.0,"turns":3.0},{"damage":8.0,"enemies":"Gremlin Nob","floor":11.0,"turns":3.0},{"damage":13.0,"enemies":"3 Sentries","floor":13.0,"turns":5.0},{"damage":6.0,"enemies":"Lots of Slimes","floor":14.0,"turns":4.0},{"damage":41.0,"enemies":"Hexaghost","floor":16.0,"turns":8.0},{"damage":6.0,"enemies":"2 Thieves","floor":18.0,"turns":3.0},{"damage":19.0,"enemies":"Shell Parasite","floor":19.0,"turns":4.0},{"damage":1.0,"enemies":"Snake Plant","floor":21.0,"turns":2.0},{"damage":7.0,"enemies":"Snecko","floor":22.0,"turns":1.0},{"damage":31.0,"enemies":"Book of Stabbing","floor":23.0,"turns":4.0},{"damage":19.0,"enemies":"Slavers","floor":25.0,"turns":3.0},{"damage":15.0,"enemies":"Centurion and Healer","floor":27.0,"turns":5.0},{"damage":14.0,"enemies":"Gremlin Leader","floor":28.0,"turns":4.0},{"damage":7.0,"enemies":"Snake Plant","floor":29.0,"turns":1.0},{"damage":6.0,"enemies":"Cultist and Chosen","floor":31.0,"turns":3.0},{"damage":46.0,"enemies":"Champ","floor":33.0,"turns":8.0},{"damage":8.0,"enemies":"3 Darklings","floor":35.0,"turns":4.0},{"damage":4.0,"enemies":"Orb Walker","floor":36.0,"turns":2.0},{"damage":7,"enemies":"Reptomancer","floor":40,"turns":2},{"damage":26,"enemies":"Nemesis","floor":42,"turns":5},{"damage":12,"enemies":"Giant Head","floor":45,"turns":5},{"damage":8,"enemies":"Mind Bloom Boss Battle","floor":46,"turns":4},{"damage":10,"enemies":"Writhing Mass","floor":48,"turns":6},{"damage":35,"enemies":"Awakened One","floor":50,"turns":10},{"damage":57,"enemies":"Time Eater","floor":51,"turns":9},{"damage":35,"enemies":"Shield and Spear","floor":55,"turns":5},{"damage":100,"enemies":"The Heart","floor":56,"turns":5}],"green_key_taken_log":6,"seed_played":"2667915758431310826","neow_bonus_log":{"cardsObtained":[],"cardsUpgraded":[],"cardsRemoved":[],"cardsTransformed":[],"relicsObtained":[],"maxHpGained":0,"goldGained":100,"damageTaken":0,"goldLost":0,"maxHpLost":0},"potions_obtained":[{"floor":1.0,"key":"ColorlessPotion"},{"floor":6.0,"key":"SpeedPotion"},{"floor":13.0,"key":"Dexterity Potion"},{"floor":14.0,"key":"BlessingOfTheForge"},{"floor":18.0,"key":"FearPotion"},{"floor":19.0,"key":"Swift Potion"},{"floor":29.0,"key":"LiquidMemories"},{"floor":30.0,"key":"FairyPotion"}],"is_trial":false,"path_per_floor":["M","M","$","?","M","E","R","M","T","R","E","T","E","M","R","B",null,"M","M","$","M","M","E","R","E","T","M","E","M","?","M","R","B",null,"M","M","$","?","$","E","R","E","T","?","E","?","R","M","R","B","B",null,"R","$","E","B"],"character_chosen":"IRONCLAD","basemod:card_modifiers":[null,null,null,null,null,null,null,null,null,null,null,null,null,null,null,null,null,null,null,null,null,null,null,null,null,null,null,null,null,null,null],"items_purchased":["Anger","Centennial Puzzle","Offering","Disarm","Limit Break","Heavy Blade"],"campfire_rested":0,"item_purchase_floors":[3,3,20,39,54,54],"current_hp_per_floor":[72,70,70,70,69,53,53,54,54,54,68,68,63,65,65,32,75,77,66,66,73,74,51,51,40,40,33,27,28,28,30,45,7,69,69,73,73,73,73,74,89,69,69,69,65,65,80,78,89,60,11,70,85,85,63,0],"gold":32,"neow_bonus":"HUNDRED_GOLD","is_prod":false,"is_daily":false,"rewards_skipped":[{"floor":25,"relics":[],"potions":["Swift Potion"]},{"floor":30,"relics":[],"potions":["SneckoOil"]},{"floor":31,"relics":[],"potions":["Fire Potion"]},{"floor":36,"relics":[],"potions":["Energy Potion"]},{"floor":42,"relics":[],"potions":["Dexterity Potion"]},{"floor":46,"relics":[],"potions":["Fire Potion"]}],"chose_seed":false,"campfire_upgraded":8,"win_rate":0,"floor_exit_playtime":[50,74,105,114,155,202,207,253,257,261,354,357,454,556,561,653,674,719,778,796,837,863,932,945,1054,1058,1145,1258,1285,1293,1435,1442,1744,1768,1865,1919,1947,1963,1975,2069,2088,2206,2209,2219,2369,2436,2445,2569,2578,2758,2978,2991,3000,3050,3179],"timestamp":1730250931,"blue_key_relic_skipped_log":{"floor":43,"relicID":"Potion Belt"},"path_taken":["M","?","$","?","M","E","R","M","T","R","E","?","E","M","R","BOSS","M","M","$","M","M","E","R","E","T","M","E","M","?","?","R","BOSS","M","M","$","?","?","E","R","E","T","?","E","?","R","M","R","BOSS","BOSS","R","$","E","BOSS"],"build_version":"2022-12-18","purchased_purges":2,"victory":false,"max_hp_per_floor":[75,75,75,75,75,75,75,75,75,75,89,89,89,89,89,89,89,89,89,89,89,89,89,89,89,89,89,89,89,89,89,89,89,89,89,89,89,89,89,89,89,89,89,89,89,89,89,89,89,89,89,89,89,89,89,89],"relic_stats":{"counters":[31,130],"Blue Candle":[9],"Eternal Feather":71,"PreservedInsect":77,"Omamori":0,"Burning Blood":180,"Blood Vial":50,"Centennial Puzzle":[87],"Bird Faced Urn":[4],"Prayer Wheel":1,"Kunai":[49],"Bottled Lightning":"Offering","obtain_stats":[{"Blue Candle":9,"Mango":11,"Eternal Feather":25,"PreservedInsect":45,"Omamori":23,"Burning Blood":0,"Blood Vial":6,"Centennial Puzzle":3,"CaptainsWheel":42,"Bird Faced Urn":55,"Philosopher\u0027s Stone":34,"Prayer Wheel":46,"Coffee Dripper":17,"Bag of Marbles":26,"Kunai":13,"Bottled Lightning":40,"StrikeDummy":12,"Toy Ornithopter":28},{"Blue Candle":5,"Mango":6,"Eternal Feather":15,"PreservedInsect":25,"Omamori":14,"Burning Blood":0,"Blood Vial":4,"Centennial Puzzle":2,"CaptainsWheel":24,"Bird Faced Urn":30,"Philosopher\u0027s Stone":20,"Prayer Wheel":26,"Coffee Dripper":9,"Bag of Marbles":15,"Kunai":7,"Bottled Lightning":23,"StrikeDummy":6,"Toy Ornithopter":17},{"Blue Candle":15,"Mango":18,"Eternal Feather":52,"PreservedInsect":91,"Omamori":49,"Burning Blood":0,"Blood Vial":12,"Centennial Puzzle":6,"CaptainsWheel":86,"Bird Faced Urn":125,"Philosopher\u0027s Stone":73,"Prayer Wheel":95,"Coffee Dripper":35,"Bag of Marbles":52,"Kunai":23,"Bottled Lightning":81,"StrikeDummy":18,"Toy Ornithopter":61}],"Toy Ornithopter":5},"card_choices":[{"not_picked":["Armaments","Clash"],"picked":"Hemokinesis","floor":1.0},{"not_picked":["Body Slam","Clash","True Grit"],"picked":"SKIP","floor":2.0},{"not_picked":["Bloodletting","Fire Breathing"],"picked":"Battle Trance","floor":5.0},{"not_picked":["Exhume","Brutality"],"picked":"Carnage","floor":6.0},{"not_picked":["Clash","Infernal Blade"],"picked":"Pommel Strike","floor":8.0},{"not_picked":["Combust","Reckless Charge"],"picked":"Armaments","floor":11.0},{"not_picked":["Rage","Inflame"],"picked":"Shrug It Off","floor":13.0},{"not_picked":["Armaments","Flex"],"picked":"Dual Wield","floor":14.0},{"not_picked":["Berserk","Juggernaut"],"picked":"Fiend Fire","floor":16.0},{"not_picked":["Second Wind","Heavy Blade","Anger"],"picked":"SKIP","floor":18.0},{"not_picked":["Dual Wield","Warcry"],"picked":"Disarm","floor":19.0},{"not_picked":["Rampage+1","Warcry+1"],"picked":"Spot Weakness","floor":21.0},{"not_picked":["Searing Blow","Havoc","Armaments"],"picked":"SKIP","floor":22.0},{"not_picked":["Reckless Charge","Iron Wave"],"picked":"Spot Weakness","floor":23.0},{"not_picked":["Carnage","Armaments","Clash"],"picked":"SKIP","floor":25.0},{"not_picked":["Perfected Strike","Armaments","Clothesline"],"picked":"SKIP","floor":27.0},{"not_picked":["Juggernaut","Rage","Flex"],"picked":"SKIP","floor":28.0},{"not_picked":["Combust","Warcry"],"picked":"Dark Embrace+1","floor":29.0},{"not_picked":["Warcry","Body Slam"],"picked":"Twin Strike+1","floor":31.0},{"not_picked":["Offering","Barricade"],"picked":"Corruption","floor":33.0},{"not_picked":["Headbutt+1","Iron Wave","Fire Breathing"],"picked":"SKIP","floor":35.0},{"not_picked":["Iron Wave","Flex+1"],"picked":"Intimidate","floor":36.0},{"not_picked":["True Grit","Body Slam+1"],"picked":"Power Through+1","floor":40},{"not_picked":["Perfected Strike","Spot Weakness"],"picked":"Pommel Strike","floor":42},{"not_picked":["Infernal Blade","Combust","Double Tap"],"picked":"SKIP","floor":45},{"not_picked":["Armaments","Clothesline","Reckless Charge"],"picked":"SKIP","floor":46},{"not_picked":["Sword Boomerang","True Grit"],"picked":"Second Wind","floor":48},{"not_picked":["Clothesline","Perfected Strike","Cleave"],"picked":"SKIP","floor":48},{"not_picked":["Brutality","Dark Embrace"],"picked":"Sword Boomerang+1","floor":55}],"player_experience":2776985,"relics_obtained":[{"floor":6.0,"key":"Blood Vial"},{"floor":9.0,"key":"Blue Candle"},{"floor":11.0,"key":"Mango"},{"floor":12.0,"key":"StrikeDummy"},{"floor":13.0,"key":"Kunai"},{"floor":23.0,"key":"Omamori"},{"floor":25.0,"key":"Eternal Feather"},{"floor":26.0,"key":"Bag of Marbles"},{"floor":28.0,"key":"Toy Ornithopter"},{"floor":40,"key":"Bottled Lightning"},{"floor":42,"key":"CaptainsWheel"},{"floor":45,"key":"PreservedInsect"},{"floor":46,"key":"Prayer Wheel"},{"floor":55,"key":"Bird Faced Urn"}],"event_choices":[{"damage_healed":0.0,"max_hp_gain":0.0,"max_hp_loss":0.0,"gold_gain":0.0,"event_name":"Living Wall","player_choice":"Grow","floor":4.0,"gold_loss":0.0,"damage_taken":0.0,"cards_upgraded":["Hemokinesis"]},{"damage_healed":0.0,"max_hp_gain":0.0,"max_hp_loss":0.0,"gold_gain":0.0,"event_name":"Lab","player_choice":"Got Potions","floor":30.0,"gold_loss":0.0,"damage_taken":0.0},{"cards_removed":["Strike_R"],"damage_healed":0.0,"max_hp_gain":0.0,"max_hp_loss":0.0,"gold_gain":0.0,"event_name":"Bonfire Elementals","player_choice":"Offered Basic","floor":38.0,"gold_loss":0.0,"damage_taken":0.0},{"cards_removed":["Battle Trance"],"damage_healed":0,"gold_gain":0,"player_choice":"Removed Skill","damage_taken":0,"max_hp_gain":0,"max_hp_loss":0,"event_name":"Falling","floor":44,"gold_loss":0},{"damage_healed":0,"gold_gain":0,"player_choice":"Fight","damage_taken":0,"max_hp_gain":0,"max_hp_loss":0,"event_name":"MindBloom","floor":46,"gold_loss":0}],"is_beta":false,"boss_relics":[{"not_picked":["Cursed Key","Calling Bell"],"picked":"Coffee Dripper"},{"not_picked":["Mark of Pain","Black Star"],"picked":"Philosopher\u0027s Stone"}],"items_purged_floors":[20,37],"is_endless":false,"potions_floor_spawned":[1,6,13,14,18,19,25,29,31,36,42,46],"killed_by":"The Heart","ascension_level":20,"potion_discard_per_floor":[[],[],[],[],[],[],[],[],[],[],[],[],[],["Dexterity Potion"],[],[],[],[],["BlessingOfTheForge"],[],[],[],[],[],[],[],[],[],[],["FearPotion"],[],[],[],[],[],[],[],[],[],[],[],[],[],[],[],[],[],[],[],[],[],[],[],[],[],[]]}