{"neow_bonuses_skipped_log":["UPGRADE_CARD","ONE_RARE_RELIC","BOSS_RELIC"],"neow_costs_skipped_log":["NONE","CURSE","NONE"],"potions_obtained_entropic_brew":[[],[],[],[],[],[],[],[],[],[],[],[],[],[],[],[]],"gold_per_floor":[112,129,143,154,164,164,190,206,278,46,46,96,116,131,131,131],"floor_reached":16,"playtime":3430,"items_purged":[],"score":212,"play_id":"c1b1bd29-771f-4e24-bc42-7e8366bb78a4","local_time":"20250108181226","score_breakdown":["Floors Climbed (16): 80","Enemies Slain (8): 16","Exordium Elites Killed (1): 10","Bosses Slain (0): 0","Ascension (20): 106"],"is_ascension_mode":true,"potions_obtained_alchemize":[[],[],[],[],[],[],[],[],[],[],[],[],[],[],[],[]],"campfire_choices":[{"data":"Blood for Blood","floor":6,"key":"SMITH"},{"data":"Apotheosis","floor":11,"key":"SMITH"},{"data":"Dark Embrace","floor":15,"key":"SMITH"}],"lesson_learned_per_floor":[[],[],[],[],[],[],[],[],[],[],[],[],[],[],[],[]],"neow_cost":"NONE","improvable_cards":{},"seed_source_timestamp":2292906511822300,"shop_contents":[{"floor":10,"relics":["Juzu Bracelet","Turnip","Ornamental Fan"],"cards":["Wild Strike","Carnage","Flame Barrier","Armaments","Dark Embrace","Dramatic Entrance","Dark Shackles"],"potions":["Fire Potion","Strength Potion","PowerPotion"]}],"circlet_count":0,"master_deck":["AscendersBane","Strike_R","Strike_R","Strike_R","Strike_R","Strike_R","Defend_R","Defend_R","Defend_R","Defend_R","Bash","Armaments","Blood for Blood+1","Ghostly Armor","Rampage","Dark Embrace+1","Impervious","Apotheosis+1","Warcry","Inflame"],"potion_use_per_floor":[[],[],[],["Fire Potion"],["Block Potion"],[],[],["FairyPotion"],[],[],[],[],[],[],[],[]],"relics":["Burning Blood","The Courier","Eternal Feather","Membership Card"],"potions_floor_usage":[4,5],"damage_taken":[{"damage":6,"enemies":"Cultist","floor":1,"turns":4},{"damage":14,"enemies":"Jaw Worm","floor":2,"turns":4},{"damage":0,"enemies":"2 Louse","floor":3,"turns":6},{"damage":17,"enemies":"Gremlin Gang","floor":4,"turns":6},{"damage":14,"enemies":"Exordium Thugs","floor":5,"turns":10},{"damage":45,"enemies":"Lagavulin","floor":7,"turns":9},{"damage":14,"enemies":"3 Louse","floor":8,"turns":4},{"damage":5,"enemies":"Large Slime","floor":13,"turns":6},{"damage":13,"enemies":"Exordium Wildlife","floor":14,"turns":6},{"damage":45,"enemies":"Hexaghost","floor":16,"turns":9}],"seed_played":"8751784342013245094","neow_bonus_log":{"cardsObtained":[],"cardsUpgraded":[],"cardsRemoved":[],"cardsTransformed":[],"relicsObtained":[],"maxHpGained":0,"goldGained":0,"damageTaken":0,"goldLost":0,"maxHpLost":0},"potions_obtained":[{"floor":0,"key":"Fire Potion"},{"floor":0,"key":"Block Potion"},{"floor":4,"key":"FairyPotion"},{"floor":8,"key":"SteroidPotion"}],"is_trial":false,"path_per_floor":["M","M","M","M","M","R","E","M","T","$","R","?","M","M","R","B"],"character_chosen":"IRONCLAD","basemod:card_modifiers":[null,null,null,null,null,null,null,null,null,null,null,null,null,null,null,null,null,null,null,null],"items_purchased":["Membership Card","Apotheosis","Fire Potion"],"campfire_rested":0,"item_purchase_floors":[10,10,10],"current_hp_per_floor":[68,60,66,55,47,47,8,28,28,28,37,37,38,31,43,0],"gold":131,"neow_bonus":"THREE_SMALL_POTIONS","is_prod":false,"is_daily":false,"rewards_skipped":[{"floor":0,"relics":[],"potions":["Dexterity Potion"]},{"floor":13,"relics":[],"potions":["Energy Potion"]},{"floor":14,"relics":[],"potions":["SpeedPotion"]}],"chose_seed":false,"campfire_upgraded":3,"win_rate":0,"floor_exit_playtime":[2190,2244,2332,2562,2722,2728,2833,3147,3153,3171,3178,3181,3237,3332,3340],"timestamp":1736377946,"path_taken":["M","M","?","M","M","R","E","M","T","$","R","?","?","M","R","BOSS"],"build_version":"2022-12-18","purchased_purges":0,"victory":false,"max_hp_per_floor":[75,75,75,75,75,75,75,75,75,75,75,75,75,75,75,75],"relic_stats":{"counters":[10,64],"Eternal Feather":21,"The Courier":178,"Membership Card":178,"obtain_stats":[{"Eternal Feather":9,"The Courier":7,"Membership Card":10,"Burning Blood":0},{"Eternal Feather":7,"The Courier":6,"Membership Card":7,"Burning Blood":0},{"Eternal Feather":43,"The Courier":39,"Membership Card":43,"Burning Blood":0}],"Burning Blood":54},"card_choices":[{"not_picked":["Clash","Heavy Blade","Dropkick"],"picked":"SKIP","floor":1},{"not_picked":["Dark Embrace","Warcry"],"picked":"Armaments","floor":2},{"not_picked":["Intimidate","Rupture"],"picked":"Blood for Blood","floor":3},{"not_picked":["True Grit","Clash"],"picked":"Ghostly Armor","floor":4},{"not_picked":["Clothesline","Iron Wave"],"picked":"Rampage","floor":5},{"not_picked":["Pommel Strike","Cleave"],"picked":"Dark Embrace","floor":7},{"not_picked":["Dark Embrace","Body Slam"],"picked":"Impervious","floor":8},{"not_picked":["Entrench","Reckless Charge"],"picked":"Warcry","floor":13},{"not_picked":["Headbutt","Cleave"],"picked":"Inflame","floor":14}],"player_experience":2793207,"relics_obtained":[{"floor":7,"key":"The Courier"},{"floor":9,"key":"Eternal Feather"}],"event_choices":[{"damage_healed":0,"gold_gain":50,"player_choice":"Pray","damage_taken":0,"max_hp_gain":0,"max_hp_loss":0,"event_name":"Golden Shrine","floor":12,"gold_loss":0}],"is_beta":false,"boss_relics":[],"items_purged_floors":[],"is_endless":false,"potions_floor_spawned":[4,8,13,14],"killed_by":"Hexaghost","ascension_level":20,"potion_discard_per_floor":[[],[],[],[],[],[],[],[],[],[],[],[],[],[],[],[]]}