{"neow_bonuses_skipped_log":["THREE_CARDS","THREE_ENEMY_KILL","REMOVE_TWO"],"neow_costs_skipped_log":["NONE","NONE","NO_GOLD"],"potions_obtained_entropic_brew":[[],[],[],[],[]],"gold_per_floor":[116,130,130,149,149],"floor_reached":5,"playtime":291,"items_purged":[],"score":62,"play_id":"492cfa27-1727-4fb8-adb4-b961ea966942","local_time":"20250226030530","score_breakdown":["Floors Climbed (5): 25","Enemies Slain (3): 6","Exordium Elites Killed (0): 0","Bosses Slain (0): 0","Ascension (20): 31"],"is_ascension_mode":true,"potions_obtained_alchemize":[[],[],[],[],[]],"campfire_choices":[],"lesson_learned_per_floor":[[],[],[],[],[]],"neow_cost":"NONE","improvable_cards":{},"seed_source_timestamp":1202095908220100,"shop_contents":[],"circlet_count":0,"master_deck":["AscendersBane","Strike_R","Strike_R","Strike_R","Defend_R","Defend_R","Defend_R","Bash","Rampage+1","Searing Blow+1","Dark Embrace+1","Armaments","Uppercut"],"potion_use_per_floor":[[],[],[],[],[]],"relics":["Astrolabe","Singing Bowl"],"potions_floor_usage":[],"damage_taken":[{"damage":6,"enemies":"Cultist","floor":1,"turns":4},{"damage":9,"enemies":"Jaw Worm","floor":2,"turns":4},{"damage":2,"enemies":"2 Louse","floor":4,"turns":2},{"damage":26,"enemies":"Lots of Slimes","floor":5,"turns":4}],"seed_played":"-8850602884051499633","neow_bonus_log":{"cardsObtained":[],"cardsUpgraded":[],"cardsRemoved":[],"cardsTransformed":[],"relicsObtained":["Astrolabe"],"maxHpGained":0,"goldGained":0,"damageTaken":0,"goldLost":0,"maxHpLost":0},"potions_obtained":[{"floor":1,"key":"FearPotion"}],"is_trial":false,"path_per_floor":["M","M","T","M","M"],"character_chosen":"IRONCLAD","basemod:card_modifiers":[null,null,null,null,null,null,null,null,null,null,null,null,null],"items_purchased":[],"campfire_rested":0,"item_purchase_floors":[],"current_hp_per_floor":[62,53,53,53,27],"gold":149,"neow_bonus":"BOSS_RELIC","is_prod":false,"is_daily":false,"rewards_skipped":[],"chose_seed":false,"campfire_upgraded":0,"win_rate":0,"floor_exit_playtime":[107,195,199,223],"timestamp":1740557130,"path_taken":["M","M","?","M","M"],"build_version":"2022-12-18","purchased_purges":0,"victory":false,"max_hp_per_floor":[75,75,75,77,77],"relic_stats":{"Singing Bowl":2,"counters":[4,14],"Astrolabe":["Rampage","Searing Blow","Dark Embrace"],"obtain_stats":[{"Singing Bowl":3,"Astrolabe":0,"Burning Blood":0},{"Singing Bowl":2,"Astrolabe":0,"Burning Blood":0},{"Singing Bowl":8,"Astrolabe":0,"Burning Blood":0}]},"card_choices":[{"not_picked":["Inflame","Body Slam"],"picked":"Armaments","floor":1},{"not_picked":["Iron Wave","Dark Embrace"],"picked":"Uppercut","floor":2},{"not_picked":["Entrench","Wild Strike","Perfected Strike"],"picked":"Singing Bowl","floor":4}],"player_experience":2815591,"relics_obtained":[{"floor":3,"key":"Singing Bowl"}],"event_choices":[],"is_beta":false,"boss_relics":[],"items_purged_floors":[],"is_endless":false,"potions_floor_spawned":[1],"killed_by":"Lots of Slimes","ascension_level":20,"potion_discard_per_floor":[[],[],[],[],[]]}