{"neow_bonuses_skipped_log":["UPGRADE_CARD","THREE_ENEMY_KILL","BOSS_RELIC"],"neow_costs_skipped_log":["NONE","NONE","NONE"],"potions_obtained_entropic_brew":[[],[],[],[],[],[],[],[],[],[],[],[],[],[],[],[],[],[],[],[],[],[],[],[]],"gold_per_floor":[20,40,40,51,69,99,99,133,133,168,168,182,13,13,13,111,111,125,40,65,13,28,28,28],"floor_reached":24,"playtime":1145,"items_purged":[],"score":432,"play_id":"a07932a8-0a91-449f-8382-7d2069dc510f","local_time":"20250226032444","score_breakdown":["Floors Climbed (24): 120","Enemies Slain (8): 16","Exordium Elites Killed (3): 30","City Elites Killed (0): 0","Bosses Slain (1): 50","Ascension (20): 216"],"is_ascension_mode":true,"potions_obtained_alchemize":[[],[],[],[],[],[],[],[],[],[],[],[],[],[],[],[],[],[],[],[],[],[],[],[]],"campfire_choices":[{"data":"Offering","floor":7,"key":"SMITH"},{"data":"Sword Boomerang","floor":11,"key":"SMITH"},{"data":"Armaments","floor":15,"key":"SMITH"},{"floor":23,"key":"REST"}],"lesson_learned_per_floor":[[],[],[],[],[],[],[],[],[],[],[],[],[],[],[],[],[],[],[],[],[],[],[],[]],"neow_cost":"NO_GOLD","improvable_cards":{},"seed_source_timestamp":1202395223578800,"shop_contents":[{"floor":13,"relics":["Pantograph","Orichalcum"],"cards":["Carnage","Thunderclap","Battle Trance","Havoc","Fire Breathing","Blind","Apotheosis"],"potions":["Fire Potion","LiquidMemories","SteroidPotion"]},{"floor":21,"relics":["Charon\u0027s Ashes","Peace Pipe","DollysMirror"],"cards":["Dropkick","Twin Strike","Armaments+1","Inflame","Dark Shackles+1","Metamorphosis+1"],"potions":["Ancient Potion","BloodPotion","FearPotion"]}],"circlet_count":0,"master_deck":["AscendersBane","Strike_R","Strike_R","Strike_R","Strike_R","Defend_R","Defend_R","Defend_R","Defend_R","Bash","Sword Boomerang+1","Flame Barrier","Spot Weakness","Offering+1","Shrug It Off","Fire Breathing","Armaments+1","Demon Form","True Grit+1","Warcry+1","Exhume+1"],"potion_use_per_floor":[[],[],[],[],[],["Swift Potion"],[],["GamblersBrew"],[],[],[],[],[],[],[],[],[],["SteroidPotion"],[],["DistilledChaos"],[],[],[],[]],"relics":["Burning Blood","Mango","MealTicket","Ornamental Fan","Torii","ClockworkSouvenir","Golden Idol","Velvet Choker","Toxic Egg 2"],"potions_floor_usage":[6,8,18,20],"damage_taken":[{"damage":7,"enemies":"Jaw Worm","floor":1,"turns":3},{"damage":4,"enemies":"Small Slimes","floor":2,"turns":3},{"damage":7,"enemies":"2 Louse","floor":4,"turns":3},{"damage":4,"enemies":"Blue Slaver","floor":5,"turns":3},{"damage":38,"enemies":"3 Sentries","floor":6,"turns":8},{"damage":14,"enemies":"Gremlin Nob","floor":8,"turns":3},{"damage":34,"enemies":"3 Sentries","floor":10,"turns":10},{"damage":6,"enemies":"Exordium Wildlife","floor":12,"turns":2},{"damage":19,"enemies":"Slime Boss","floor":16,"turns":9},{"damage":16,"enemies":"Chosen","floor":18,"turns":4},{"damage":24,"enemies":"2 Thieves","floor":20,"turns":4},{"damage":31,"enemies":"Centurion and Healer","floor":22,"turns":6},{"damage":78,"enemies":"Slavers","floor":24,"turns":4}],"green_key_taken_log":10,"seed_played":"-2714600273569234022","neow_bonus_log":{"cardsObtained":[],"cardsUpgraded":[],"cardsRemoved":[],"cardsTransformed":[],"relicsObtained":[],"maxHpGained":14,"goldGained":0,"damageTaken":0,"goldLost":99,"maxHpLost":0},"potions_obtained":[{"floor":4,"key":"Swift Potion"},{"floor":5,"key":"GamblersBrew"},{"floor":8,"key":"DistilledChaos"},{"floor":10,"key":"Weak Potion"},{"floor":16,"key":"SteroidPotion"}],"is_trial":false,"path_per_floor":["M","M","?","M","M","E","R","E","T","E","R","M","$","?","R","B",null,"M","?","M","$","M","R","E"],"character_chosen":"IRONCLAD","basemod:card_modifiers":[null,null,null,null,null,null,null,null,null,null,null,null,null,null,null,null,null,null,null,null,null],"items_purchased":["ClockworkSouvenir","Warcry+1"],"campfire_rested":1,"item_purchase_floors":[13,21],"current_hp_per_floor":[81,83,83,82,84,66,66,58,58,30,30,30,45,45,45,32,78,68,68,50,65,40,67,0],"gold":28,"neow_bonus":"TWENTY_PERCENT_HP_BONUS","is_prod":false,"is_daily":false,"rewards_skipped":[{"floor":12,"relics":[],"potions":["SneckoOil"]}],"chose_seed":false,"campfire_upgraded":3,"win_rate":0,"floor_exit_playtime":[62,87,100,143,179,267,279,375,377,498,528,595,612,616,623,758,803,862,865,928,949,1063,1075],"timestamp":1740558284,"path_taken":["M","M","?","M","M","E","R","E","T","E","R","M","$","?","R","BOSS","M","?","M","$","M","R","E"],"build_version":"2022-12-18","purchased_purges":0,"victory":false,"max_hp_per_floor":[89,89,89,89,89,103,103,103,103,103,103,103,103,93,93,93,93,93,93,93,93,93,93,93],"relic_stats":{"Torii":9,"counters":[13,62],"Ornamental Fan":[12],"Golden Idol":31,"MealTicket":30,"obtain_stats":[{"Torii":10,"Ornamental Fan":9,"Golden Idol":14,"Velvet Choker":17,"Mango":6,"MealTicket":8,"Toxic Egg 2":19,"Burning Blood":0,"ClockworkSouvenir":13},{"Torii":7,"Ornamental Fan":6,"Golden Idol":8,"Velvet Choker":9,"Mango":5,"MealTicket":6,"Toxic Egg 2":10,"Burning Blood":0,"ClockworkSouvenir":8},{"Torii":33,"Ornamental Fan":23,"Golden Idol":35,"Velvet Choker":44,"Mango":20,"MealTicket":23,"Toxic Egg 2":48,"Burning Blood":0,"ClockworkSouvenir":35}],"Burning Blood":72},"card_choices":[{"not_picked":["Flex","Thunderclap"],"picked":"Sword Boomerang","floor":1},{"not_picked":["Armaments","Cleave"],"picked":"Flame Barrier","floor":2},{"not_picked":["Exhume","True Grit","Clothesline"],"picked":"SKIP","floor":4},{"not_picked":["True Grit","Dropkick","Clothesline"],"picked":"SKIP","floor":5},{"not_picked":["Intimidate","Warcry"],"picked":"Offering","floor":6},{"not_picked":["Sentinel","Evolve"],"picked":"Shrug It Off","floor":8},{"not_picked":["Clash","Battle Trance"],"picked":"Fire Breathing","floor":10},{"not_picked":["Dropkick","Intimidate"],"picked":"Armaments","floor":12},{"not_picked":["Offering","Brutality"],"picked":"Demon Form","floor":16},{"not_picked":["Heavy Blade","Rage","Clothesline"],"picked":"SKIP","floor":18},{"not_picked":["Thunderclap","Clothesline"],"picked":"True Grit+1","floor":20},{"not_picked":["Pummel","Havoc+1"],"picked":"Exhume+1","floor":22}],"player_experience":2815882,"relics_obtained":[{"floor":6,"key":"Mango"},{"floor":8,"key":"MealTicket"},{"floor":9,"key":"Ornamental Fan"},{"floor":10,"key":"Torii"}],"event_choices":[{"damage_healed":0,"gold_gain":0,"cards_transformed":["Strike_R"],"player_choice":"Change","damage_taken":0,"max_hp_gain":0,"max_hp_loss":0,"event_name":"Living Wall","floor":3,"gold_loss":0,"cards_obtained":["Spot Weakness"]},{"damage_healed":0,"gold_gain":0,"player_choice":"Lose Max HP","damage_taken":0,"relics_obtained":["Golden Idol"],"max_hp_gain":0,"max_hp_loss":10,"event_name":"Golden Idol","floor":14,"gold_loss":0},{"damage_healed":0,"gold_gain":0,"player_choice":"Obtained Relic","damage_taken":0,"relics_obtained":["Toxic Egg 2"],"max_hp_gain":0,"max_hp_loss":0,"event_name":"Addict","floor":19,"gold_loss":85}],"is_beta":false,"boss_relics":[{"not_picked":["Runic Cube","Ectoplasm"],"picked":"Velvet Choker"}],"items_purged_floors":[],"is_endless":false,"potions_floor_spawned":[4,5,8,10,12,16],"killed_by":"Slavers","ascension_level":20,"potion_discard_per_floor":[[],[],[],[],[],[],[],[],[],[],[],[],[],[],[],["Weak Potion"],[],[],[],[],[],[],[],[]]}