{"neow_bonuses_skipped_log":["RANDOM_COLORLESS","ONE_RARE_RELIC","BOSS_RELIC"],"neow_costs_skipped_log":["NONE","NO_GOLD","NONE"],"potions_obtained_entropic_brew":[[],[],[],[],[],[],[],[],[],[]],"gold_per_floor":[115,130,12,12,12,12,26,57,57,69],"floor_reached":10,"playtime":508,"items_purged":[],"score":132,"play_id":"509d4685-0fb1-4c8f-9fba-909361b07b91","local_time":"20250527194316","score_breakdown":["Floors Climbed (10): 50","Enemies Slain (3): 6","Exordium Elites Killed (1): 10","Bosses Slain (0): 0","Ascension (20): 66"],"is_ascension_mode":true,"potions_obtained_alchemize":[[],[],[],[],[],[],[],[],[],[]],"campfire_choices":[{"floor":6,"key":"REST"}],"lesson_learned_per_floor":[[],[],[],[],[],[],[],[],[],[]],"neow_cost":"NONE","improvable_cards":{},"seed_source_timestamp":1090061917003999,"shop_contents":[{"floor":3,"relics":["Whetstone","Eternal Feather","Frozen Eye"],"cards":["Twin Strike","Flex","Shrug It Off","Deep Breath","HandOfGreed"],"potions":["SpeedPotion","SteroidPotion","SmokeBomb"]}],"circlet_count":0,"master_deck":["AscendersBane","Strike_R","Strike_R","Strike_R","Strike_R","Defend_R","Defend_R","Defend_R","Defend_R","Bash","Iron Wave","Blood for Blood+1","Metallicize","Anger","Uppercut","Feel No Pain"],"potion_use_per_floor":[[],[],[],[],[],[],[],[],[],["GamblersBrew"]],"relics":["Burning Blood","Dream Catcher","Pantograph","MawBank"],"potions_floor_usage":[10],"damage_taken":[{"damage":15,"enemies":"Small Slimes","floor":1,"turns":5},{"damage":14,"enemies":"Jaw Worm","floor":2,"turns":5},{"damage":3,"enemies":"Cultist","floor":7,"turns":3},{"damage":30,"enemies":"Lagavulin","floor":8,"turns":8},{"damage":47,"enemies":"Gremlin Nob","floor":10,"turns":4}],"seed_played":"-1395184572111196824","neow_bonus_log":{"cardsObtained":[],"cardsUpgraded":[],"cardsRemoved":[],"cardsTransformed":[],"relicsObtained":["Dream Catcher"],"maxHpGained":0,"goldGained":0,"damageTaken":0,"goldLost":0,"maxHpLost":0},"potions_obtained":[{"floor":8,"key":"GamblersBrew"}],"is_trial":false,"path_per_floor":["M","M","$","?","?","R","M","E","T","E"],"character_chosen":"IRONCLAD","basemod:card_modifiers":[null,null,null,null,null,null,null,null,null,null,null,null,null,null,null,null],"items_purchased":["Blood for Blood","Metallicize"],"campfire_rested":1,"item_purchase_floors":[3,3],"current_hp_per_floor":[59,51,51,51,44,66,69,45,45,0],"gold":69,"neow_bonus":"RANDOM_COMMON_RELIC","is_prod":false,"is_daily":false,"rewards_skipped":[],"chose_seed":false,"campfire_upgraded":0,"win_rate":0,"floor_exit_playtime":[134,188,203,213,251,266,297,450,453],"timestamp":1748389396,"path_taken":["M","M","$","?","?","R","M","E","T","E"],"build_version":"2022-12-18","purchased_purges":0,"victory":false,"max_hp_per_floor":[75,75,75,75,75,75,75,75,75,75],"relic_stats":{"Dream Catcher":1,"counters":[5,25],"Pantograph":0,"MawBank":12,"obtain_stats":[{"Dream Catcher":0,"Pantograph":8,"MawBank":9,"Burning Blood":0},{"Dream Catcher":0,"Pantograph":4,"MawBank":4,"Burning Blood":0},{"Dream Catcher":0,"Pantograph":21,"MawBank":21,"Burning Blood":0}],"Burning Blood":24},"card_choices":[{"not_picked":["Wild Strike","Clothesline","Thunderclap"],"picked":"SKIP","floor":1},{"not_picked":["Clothesline","Thunderclap"],"picked":"Iron Wave","floor":2},{"not_picked":["Iron Wave","Combust"],"picked":"Anger","floor":6},{"not_picked":["Warcry","Power Through"],"picked":"Uppercut","floor":7},{"not_picked":["Whirlwind","Rage"],"picked":"Feel No Pain","floor":8}],"player_experience":2895310,"relics_obtained":[{"floor":8,"key":"Pantograph"},{"floor":9,"key":"MawBank"}],"event_choices":[{"damage_healed":0,"gold_gain":0,"player_choice":"Grow","damage_taken":0,"max_hp_gain":0,"max_hp_loss":0,"event_name":"Living Wall","floor":4,"gold_loss":0,"cards_upgraded":["Blood for Blood"]},{"cards_removed":["Strike_R"],"damage_healed":0,"gold_gain":0,"player_choice":"Card Removal","damage_taken":7,"max_hp_gain":0,"max_hp_loss":0,"event_name":"Golden Wing","floor":5,"gold_loss":0}],"is_beta":false,"boss_relics":[],"items_purged_floors":[],"is_endless":false,"potions_floor_spawned":[8],"killed_by":"Gremlin Nob","ascension_level":20,"potion_discard_per_floor":[[],[],[],[],[],[],[],[],[],[]]}