{"neow_bonuses_skipped_log":["UPGRADE_CARD","THREE_RARE_CARDS","BOSS_RELIC"],"neow_costs_skipped_log":["NONE","TEN_PERCENT_HP_LOSS","NONE"],"potions_obtained_entropic_brew":[[],[],[],[],[],[],[],[],[],[],[],[],[],[],[],[],[],[],[],[],[],[],[]],"gold_per_floor":[115,190,210,210,16,47,47,62,114,114,128,128,138,166,166,242,242,262,14,14,14,14,14],"floor_reached":23,"playtime":864,"items_purged":["Strike_R"],"score":394,"play_id":"cbc7e392-59bc-46b5-b9dc-fa88a0d2ec1c","local_time":"20250527200150","score_breakdown":["Floors Climbed (23): 115","Enemies Slain (6): 12","Exordium Elites Killed (2): 20","City Elites Killed (0): 0","Bosses Slain (1): 50","Ascension (20): 197"],"is_ascension_mode":true,"potions_obtained_alchemize":[[],[],[],[],[],[],[],[],[],[],[],[],[],[],[],[],[],[],[],[],[],[],[]],"campfire_choices":[{"data":"Dramatic Entrance","floor":7.0,"key":"SMITH"},{"data":"Blood for Blood","floor":10.0,"key":"SMITH"},{"data":"Shockwave","floor":15.0,"key":"SMITH"}],"lesson_learned_per_floor":[[],[],[],[],[],[],[],[],[],[],[],[],[],[],[],[],[],[],[],[],[],[],[]],"neow_cost":"NONE","improvable_cards":{},"seed_source_timestamp":1090696841257100,"shop_contents":[{"floor":5,"relics":["Bag of Preparation","Magic Flower","Chemical X"],"cards":["Uppercut","Havoc","Flex","Fire Breathing","Sadistic Nature"],"potions":["EntropicBrew","Ancient Potion","FearPotion"]},{"floor":19,"relics":["Champion Belt","Oddly Smooth Stone"],"cards":["Body Slam","Searing Blow","Havoc","Offering","Combust","Trip","Apotheosis"],"potions":["SpeedPotion","BloodPotion","Strength Potion"]}],"circlet_count":0,"master_deck":["AscendersBane","Strike_R","Strike_R","Strike_R","Defend_R","Defend_R","Defend_R","Defend_R","Bash","Shockwave+1","Iron Wave","Blood for Blood+1","Dramatic Entrance+1","Bloodletting","Shrug It Off","Uppercut","Twin Strike","Double Tap","Warcry","Second Wind","Flame Barrier","Pommel Strike","Barricade"],"special_seed":0,"potion_use_per_floor":[[],[],[],[],[],[],[],[],[],[],[],[],[],["ColorlessPotion"],[],["EssenceOfSteel"],[],["Swift Potion"],[],[],[],[],[]],"relics":["Burning Blood","Ancient Tea Set","Boot","Vajra","Pantograph","Matryoshka","Runic Dome","Orrery"],"potions_floor_usage":[],"damage_taken":[{"damage":3.0,"enemies":"Small Slimes","floor":1.0,"turns":3.0},{"damage":12.0,"enemies":"Jaw Worm","floor":3.0,"turns":3.0},{"damage":19.0,"enemies":"Gremlin Nob","floor":6.0,"turns":4.0},{"damage":1.0,"enemies":"2 Louse","floor":8.0,"turns":2.0},{"damage":1.0,"enemies":"Looter","floor":11.0,"turns":2.0},{"damage":0.0,"enemies":"3 Louse","floor":13.0,"turns":2.0},{"damage":10.0,"enemies":"3 Sentries","floor":14.0,"turns":3.0},{"damage":64.0,"enemies":"Hexaghost","floor":16.0,"turns":11.0},{"damage":16.0,"enemies":"3 Byrds","floor":18.0,"turns":4.0},{"damage":52,"enemies":"Slavers","floor":23,"turns":6}],"seed_played":"2427374144884741376","neow_bonus_log":{"cardsObtained":[],"cardsUpgraded":[],"cardsRemoved":[],"cardsTransformed":[],"relicsObtained":["Ancient Tea Set"],"maxHpGained":0,"goldGained":0,"damageTaken":0,"goldLost":0,"maxHpLost":0},"potions_obtained":[{"floor":1.0,"key":"ColorlessPotion"},{"floor":8.0,"key":"EssenceOfSteel"},{"floor":16.0,"key":"Swift Potion"}],"is_trial":false,"path_per_floor":["M","?","M","?","$","E","R","M","T","R","M","T","M","E","R","B",null,"M","$","?","?","?","E"],"character_chosen":"IRONCLAD","basemod:card_modifiers":[null,null,null,null,null,null,null,null,null,null,null,null,null,null,null,null,null,null,null,null,null,null,null],"items_purchased":["Blood for Blood","Dramatic Entrance","Orrery"],"campfire_rested":0,"item_purchase_floors":[5,5,19],"current_hp_per_floor":[71,60,54,47,47,34,34,39,39,39,44,44,50,46,46,13,60,50,50,50,50,50,0],"gold":14,"neow_bonus":"RANDOM_COMMON_RELIC","is_prod":false,"is_daily":false,"rewards_skipped":[{"floor":13,"relics":[],"potions":["SmokeBomb"]}],"chose_seed":false,"campfire_upgraded":3,"win_rate":0,"floor_exit_playtime":[40,42,69,78,175,218,231,266,269,280,299,302,362,431,437,549,564,637,714,721,795,798],"timestamp":1748390510,"path_taken":["M","?","M","?","$","E","R","M","T","R","M","?","M","E","R","BOSS","M","$","?","?","?","E"],"build_version":"2022-12-18","purchased_purges":1,"victory":false,"max_hp_per_floor":[75,75,75,75,75,75,75,75,75,75,75,75,75,75,75,75,75,75,75,75,75,75,75],"relic_stats":{"Matryoshka":0,"counters":[10,40],"Pantograph":25,"Ancient Tea Set":[6],"Boot":[7],"obtain_stats":[{"Runic Dome":17,"Matryoshka":14,"Pantograph":12,"Vajra":9,"Orrery":19,"Ancient Tea Set":0,"Boot":6,"Burning Blood":0},{"Runic Dome":8,"Matryoshka":7,"Pantograph":5,"Vajra":4,"Orrery":9,"Ancient Tea Set":0,"Boot":3,"Burning Blood":0},{"Runic Dome":30,"Matryoshka":19,"Pantograph":14,"Vajra":12,"Orrery":34,"Ancient Tea Set":0,"Boot":10,"Burning Blood":0}],"Burning Blood":54},"card_choices":[{"not_picked":["Second Wind","Anger"],"picked":"Shockwave","floor":1.0},{"not_picked":["Clash","Sword Boomerang"],"picked":"Iron Wave","floor":3.0},{"not_picked":["Perfected Strike","Body Slam"],"picked":"Bloodletting","floor":6.0},{"not_picked":["Juggernaut","Clothesline","Body Slam"],"picked":"SKIP","floor":8.0},{"not_picked":["Infernal Blade","Perfected Strike"],"picked":"Shrug It Off","floor":11.0},{"not_picked":["Combust","Armaments"],"picked":"Uppercut","floor":13.0},{"not_picked":["Feel No Pain","Pummel"],"picked":"Twin Strike","floor":14.0},{"not_picked":["Juggernaut","Bludgeon"],"picked":"Double Tap","floor":16.0},{"not_picked":["Body Slam","Iron Wave"],"picked":"Warcry","floor":18.0},{"not_picked":["Pommel Strike","Bloodletting"],"picked":"Second Wind","floor":19},{"not_picked":["Shockwave","Clothesline"],"picked":"Flame Barrier","floor":19},{"not_picked":["Body Slam","Clash"],"picked":"Pommel Strike","floor":19},{"not_picked":["Armaments","Flex","Twin Strike"],"picked":"SKIP","floor":19},{"not_picked":["Bloodletting","Wild Strike","Perfected Strike"],"picked":"SKIP","floor":19},{"not_picked":["Second Wind","Body Slam","Bloodletting","Armaments","Flame Barrier","Shrug It Off","Heavy Blade","Wild Strike","Double Tap","True Grit","Rupture","Thunderclap","Warcry","Evolve","Whirlwind","Cleave","Spot Weakness","Exhume","Entrench"],"picked":"Barricade","floor":21}],"player_experience":2895818,"relics_obtained":[{"floor":6.0,"key":"Boot"},{"floor":9.0,"key":"Vajra"},{"floor":12.0,"key":"Pantograph"},{"floor":14.0,"key":"Matryoshka"}],"event_choices":[{"damage_healed":0.0,"max_hp_gain":0.0,"max_hp_loss":0.0,"gold_gain":75.0,"event_name":"World of Goop","player_choice":"Gather Gold","floor":2.0,"gold_loss":0.0,"damage_taken":11.0},{"cards_removed":["Strike_R"],"damage_healed":0.0,"max_hp_gain":0.0,"max_hp_loss":0.0,"gold_gain":0.0,"event_name":"Golden Wing","player_choice":"Card Removal","floor":4.0,"gold_loss":0.0,"damage_taken":7.0},{"damage_healed":0,"gold_gain":0,"player_choice":"Ignored","damage_taken":0,"max_hp_gain":0,"max_hp_loss":0,"event_name":"The Mausoleum","floor":20,"gold_loss":0},{"damage_healed":0,"gold_gain":0,"player_choice":"Read","damage_taken":0,"max_hp_gain":0,"max_hp_loss":0,"event_name":"The Library","floor":21,"gold_loss":0,"cards_obtained":["Barricade"]}],"is_beta":false,"boss_relics":[{"not_picked":["Black Star","Busted Crown"],"picked":"Runic Dome"}],"items_purged_floors":[19],"is_endless":false,"potions_floor_spawned":[1,8,13,16],"killed_by":"Slavers","ascension_level":20,"potion_discard_per_floor":[[],[],[],[],[],[],[],[],[],[],[],[],[],[],[],[],[],[],[],[],[],[],[]]}