{"neow_bonuses_skipped_log":["THREE_CARDS","TEN_PERCENT_HP_BONUS","BOSS_RELIC"],"neow_costs_skipped_log":["NONE","NONE","NONE"],"potions_obtained_entropic_brew":[[],[],[],[],[],[],[],[]],"gold_per_floor":[111,128,128,146,14,42,61,61],"floor_reached":8,"playtime":473,"items_purged":["Defend_R"],"score":116,"play_id":"980c9a46-9c23-4439-8a69-6eff426750d4","local_time":"20250526023907","score_breakdown":["Floors Climbed (8): 40","Enemies Slain (4): 8","Exordium Elites Killed (1): 10","Bosses Slain (0): 0","Ascension (20): 58"],"is_ascension_mode":true,"potions_obtained_alchemize":[[],[],[],[],[],[],[],[]],"campfire_choices":[],"lesson_learned_per_floor":[[],[],[],[],[],[],[],[]],"neow_cost":"TEN_PERCENT_HP_LOSS","improvable_cards":{},"seed_source_timestamp":942253263005300,"shop_contents":[{"floor":3,"relics":["Singing Bowl","TungstenRod","Orrery"],"cards":["Sever Soul","Rampage","True Grit","Armaments","Rupture","Flash of Steel","The Bomb"],"potions":["Energy Potion","SteroidPotion","DuplicationPotion"]},{"floor":5,"relics":["Prayer Wheel","Mango","Toolbox"],"cards":["Body Slam","Wild Strike","Offering","Armaments","Rupture","Swift Strike","Transmutation"],"potions":["SteroidPotion","DistilledChaos"]}],"circlet_count":0,"master_deck":["AscendersBane","Strike_R","Strike_R","Strike_R","Defend_R","Defend_R","Defend_R","Bash","Power Through","Shrug It Off","Cleave","Evolve","Iron Wave","Shrug It Off","Second Wind"],"potion_use_per_floor":[[],[],[],[],[],["Strength Potion"],[],["LiquidBronze"]],"relics":["Burning Blood","Meat on the Bone"],"potions_floor_usage":[6,8],"damage_taken":[{"damage":6,"enemies":"Cultist","floor":1,"turns":4},{"damage":5,"enemies":"Small Slimes","floor":2,"turns":6},{"damage":4,"enemies":"Jaw Worm","floor":4,"turns":5},{"damage":27,"enemies":"Gremlin Nob","floor":6,"turns":4},{"damage":0,"enemies":"2 Fungi Beasts","floor":7,"turns":4},{"damage":36,"enemies":"Lagavulin","floor":8,"turns":10}],"seed_played":"1655636003658949680","neow_bonus_log":{"cardsObtained":["Power Through","Shrug It Off"],"cardsUpgraded":[],"cardsRemoved":[],"cardsTransformed":["Strike_R","Strike_R"],"relicsObtained":[],"maxHpGained":0,"goldGained":0,"damageTaken":0,"goldLost":0,"maxHpLost":7},"potions_obtained":[{"floor":1,"key":"Regen Potion"},{"floor":7,"key":"LiquidBronze"}],"is_trial":false,"path_per_floor":["M","M","$","M","$","E","M","E"],"character_chosen":"IRONCLAD","basemod:card_modifiers":[null,null,null,null,null,null,null,null,null,null,null,null,null,null,null],"items_purchased":["Strength Potion"],"campfire_rested":0,"item_purchase_floors":[5],"current_hp_per_floor":[68,68,68,68,68,47,53,17],"gold":61,"neow_bonus":"TRANSFORM_TWO_CARDS","is_prod":false,"is_daily":false,"rewards_skipped":[],"chose_seed":false,"campfire_upgraded":0,"win_rate":0,"floor_exit_playtime":[141,199,227,289,322,363,400],"timestamp":1748241547,"path_taken":["M","M","?","M","$","E","M","E"],"build_version":"2022-12-18","purchased_purges":1,"victory":false,"max_hp_per_floor":[68,68,68,68,68,68,68,68],"relic_stats":{"counters":[6,32],"obtain_stats":[{"Burning Blood":0,"Meat on the Bone":6},{"Burning Blood":0,"Meat on the Bone":4},{"Burning Blood":0,"Meat on the Bone":19}],"Burning Blood":27,"Meat on the Bone":0},"card_choices":[{"not_picked":["Inflame","Combust"],"picked":"Cleave","floor":1},{"not_picked":["Blood for Blood","Dual Wield"],"picked":"Evolve","floor":2},{"not_picked":["Perfected Strike","Thunderclap"],"picked":"Iron Wave","floor":4},{"not_picked":["Heavy Blade","Battle Trance"],"picked":"Shrug It Off","floor":6},{"not_picked":["Pommel Strike","Shrug It Off"],"picked":"Second Wind","floor":7}],"player_experience":2894384,"relics_obtained":[{"floor":6,"key":"Meat on the Bone"}],"event_choices":[],"is_beta":false,"boss_relics":[],"items_purged_floors":[5],"is_endless":false,"potions_floor_spawned":[1,7],"killed_by":"Lagavulin","ascension_level":20,"potion_discard_per_floor":[[],[],[],[],[],[],[],[]]}