{"neow_bonuses_skipped_log":["TEN_PERCENT_HP_BONUS","REMOVE_TWO","BOSS_RELIC"],"neow_costs_skipped_log":["NONE","PERCENT_DAMAGE","NONE"],"potions_obtained_entropic_brew":[[],[],[],[],[],[],[],[],[],[],[],[],[],[],[],[]],"gold_per_floor":[114,114,134,209,209,209,252,252,277,277,321,337,337,362,362,362],"floor_reached":16,"playtime":453,"items_purged":[],"score":216,"play_id":"dd2a7148-3666-46ee-88f1-ac636018d03b","local_time":"20250526024649","score_breakdown":["Floors Climbed (16): 80","Enemies Slain (4): 8","Exordium Elites Killed (2): 20","Bosses Slain (0): 0","Ascension (20): 108"],"is_ascension_mode":true,"potions_obtained_alchemize":[[],[],[],[],[],[],[],[],[],[],[],[],[],[],[],[]],"campfire_choices":[{"data":"Uppercut","floor":6,"key":"SMITH"},{"floor":8,"key":"REST"},{"data":"Corruption","floor":10,"key":"SMITH"},{"data":"Feel No Pain","floor":13,"key":"SMITH"},{"data":"Burning Pact","floor":15,"key":"SMITH"}],"lesson_learned_per_floor":[[],[],[],[],[],[],[],[],[],[],[],[],[],[],[],[]],"neow_cost":"NONE","improvable_cards":{},"seed_source_timestamp":942736038465400,"shop_contents":[],"circlet_count":0,"master_deck":["AscendersBane","Strike_R","Strike_R","Strike_R","Strike_R","Defend_R","Defend_R","Defend_R","Defend_R","Bash","Corruption+1","Rampage","Uppercut+1","Feel No Pain+1","Wild Strike+1","Whirlwind+1","Burning Pact+1"],"potion_use_per_floor":[[],[],[],[],[],[],[],[],[],[],["BlessingOfTheForge"],[],[],[],[],[]],"relics":["Burning Blood","Golden Idol","Kunai","Molten Egg 2"],"potions_floor_usage":[11],"damage_taken":[{"damage":4,"enemies":"2 Louse","floor":1,"turns":3},{"damage":11,"enemies":"Jaw Worm","floor":3,"turns":5},{"damage":32,"enemies":"Lagavulin","floor":7,"turns":6},{"damage":18,"enemies":"3 Sentries","floor":11,"turns":10},{"damage":1,"enemies":"Small Slimes","floor":12,"turns":3},{"damage":4,"enemies":"Blue Slaver","floor":14,"turns":3},{"damage":36,"enemies":"Slime Boss","floor":16,"turns":8}],"seed_played":"-3724650420962349761","neow_bonus_log":{"cardsObtained":["Corruption"],"cardsUpgraded":[],"cardsRemoved":[],"cardsTransformed":[],"relicsObtained":[],"maxHpGained":0,"goldGained":0,"damageTaken":0,"goldLost":0,"maxHpLost":0},"potions_obtained":[{"floor":7,"key":"BlessingOfTheForge"}],"is_trial":false,"path_per_floor":["M","?","M","?","?","R","E","R","T","R","E","M","R","M","R","B"],"character_chosen":"IRONCLAD","basemod:card_modifiers":[null,null,null,null,null,null,null,null,null,null,null,null,null,null,null,null,null],"items_purchased":[],"campfire_rested":1,"item_purchase_floors":[],"current_hp_per_floor":[70,68,63,52,45,45,19,39,39,39,27,32,32,34,34,0],"gold":362,"neow_bonus":"ONE_RANDOM_RARE_CARD","is_prod":false,"is_daily":false,"rewards_skipped":[],"chose_seed":false,"campfire_upgraded":4,"win_rate":0,"floor_exit_playtime":[57,62,96,99,110,117,173,178,183,193,317,340,344,372,376],"timestamp":1748242009,"blue_key_relic_skipped_log":{"floor":9,"relicID":"Juzu Bracelet"},"path_taken":["M","?","M","?","?","R","E","R","T","R","E","M","R","M","R","BOSS"],"build_version":"2022-12-18","purchased_purges":0,"victory":false,"max_hp_per_floor":[75,68,68,68,68,68,68,68,68,68,68,68,68,68,68,68],"relic_stats":{"counters":[7,38],"Golden Idol":30,"Kunai":[0],"obtain_stats":[{"Golden Idol":2,"Molten Egg 2":11,"Kunai":7,"Burning Blood":0},{"Golden Idol":1,"Molten Egg 2":4,"Kunai":3,"Burning Blood":0},{"Golden Idol":3,"Molten Egg 2":24,"Kunai":14,"Burning Blood":0}],"Burning Blood":36},"card_choices":[{"not_picked":["Clothesline","Second Wind"],"picked":"Rampage","floor":1},{"not_picked":["Rampage","Bloodletting"],"picked":"Uppercut","floor":3},{"not_picked":["Reckless Charge","Warcry"],"picked":"Feel No Pain","floor":7},{"not_picked":["Inflame","Rampage+1"],"picked":"Wild Strike+1","floor":11},{"not_picked":["Body Slam+1","Havoc"],"picked":"Whirlwind+1","floor":12},{"not_picked":["Clash+1","True Grit"],"picked":"Burning Pact","floor":14}],"player_experience":2894857,"relics_obtained":[{"floor":7,"key":"Kunai"},{"floor":11,"key":"Molten Egg 2"}],"event_choices":[{"damage_healed":0,"gold_gain":0,"player_choice":"Lose Max HP","damage_taken":0,"relics_obtained":["Golden Idol"],"max_hp_gain":0,"max_hp_loss":7,"event_name":"Golden Idol","floor":2,"gold_loss":0},{"damage_healed":0,"gold_gain":75,"player_choice":"Gather Gold","damage_taken":11,"max_hp_gain":0,"max_hp_loss":0,"event_name":"World of Goop","floor":4,"gold_loss":0},{"cards_removed":["Strike_R"],"damage_healed":0,"gold_gain":0,"player_choice":"Card Removal","damage_taken":7,"max_hp_gain":0,"max_hp_loss":0,"event_name":"Golden Wing","floor":5,"gold_loss":0}],"is_beta":false,"boss_relics":[],"items_purged_floors":[],"is_endless":false,"potions_floor_spawned":[7],"killed_by":"Slime Boss","ascension_level":20,"potion_discard_per_floor":[[],[],[],[],[],[],[],[],[],[],[],[],[],[],[],[]]}