{"neow_bonuses_skipped_log":["THREE_SMALL_POTIONS","TWO_FIFTY_GOLD","BOSS_RELIC"],"neow_costs_skipped_log":["NONE","CURSE","NONE"],"potions_obtained_entropic_brew":[[],[],[],[],[],[],[],[],[],[],[],[],[]],"gold_per_floor":[113,131,142,161,161,190,190,207,207,207,218,218,218],"floor_reached":13,"playtime":728,"items_purged":[],"score":174,"play_id":"b6728f0c-9024-483c-b474-87320ded64e0","local_time":"20250526023106","score_breakdown":["Floors Climbed (13): 65","Enemies Slain (6): 12","Exordium Elites Killed (1): 10","Bosses Slain (0): 0","Ascension (20): 87"],"is_ascension_mode":true,"potions_obtained_alchemize":[[],[],[],[],[],[],[],[],[],[],[],[],[]],"campfire_choices":[{"data":"Enlightenment","floor":7,"key":"SMITH"}],"lesson_learned_per_floor":[[],[],[],[],[],[],[],[],[],[],[],[],[]],"neow_cost":"NONE","improvable_cards":{},"seed_source_timestamp":941517727696300,"shop_contents":[],"circlet_count":0,"master_deck":["AscendersBane","Strike_R","Strike_R","Strike_R","Defend_R","Defend_R","Defend_R","Defend_R","Bash","Enlightenment+1","Pommel Strike","Anger","Clothesline","Entrench","Demon Form","Seeing Red"],"potion_use_per_floor":[[],[],[],[],[],["ColorlessPotion"],[],["DuplicationPotion"],[],[],[],[],["AttackPotion"]],"relics":["Burning Blood","Bronze Scales","Pear"],"potions_floor_usage":[6,8,13],"damage_taken":[{"damage":7,"enemies":"Jaw Worm","floor":1,"turns":3},{"damage":7,"enemies":"Cultist","floor":2,"turns":4},{"damage":9,"enemies":"2 Louse","floor":3,"turns":3},{"damage":14,"enemies":"Blue Slaver","floor":4,"turns":4},{"damage":35,"enemies":"3 Sentries","floor":6,"turns":9},{"damage":14,"enemies":"Exordium Wildlife","floor":8,"turns":4},{"damage":20,"enemies":"Red Slaver","floor":11,"turns":3},{"damage":15,"enemies":"Lagavulin","floor":13,"turns":4}],"seed_played":"-8397265077205859373","neow_bonus_log":{"cardsObtained":[],"cardsUpgraded":[],"cardsRemoved":[],"cardsTransformed":[],"relicsObtained":[],"maxHpGained":0,"goldGained":0,"damageTaken":0,"goldLost":0,"maxHpLost":0},"potions_obtained":[{"floor":3,"key":"ColorlessPotion"},{"floor":6,"key":"DuplicationPotion"},{"floor":8,"key":"AttackPotion"}],"is_trial":false,"path_per_floor":["M","M","M","M","?","E","R","M","T","?","M","?","E"],"character_chosen":"IRONCLAD","basemod:card_modifiers":[null,null,null,null,null,null,null,null,null,null,null,null,null,null,null,null],"items_purchased":[],"campfire_rested":0,"item_purchase_floors":[],"current_hp_per_floor":[67,66,63,55,55,26,26,18,28,21,7,7,0],"gold":218,"neow_bonus":"RANDOM_COLORLESS","is_prod":false,"is_daily":false,"rewards_skipped":[],"chose_seed":false,"campfire_upgraded":1,"win_rate":0,"floor_exit_playtime":[330,391,430,462,471,559,583,620,623,654,685,689],"timestamp":1748241066,"path_taken":["M","M","M","M","?","E","R","?","T","?","M","?","E"],"build_version":"2022-12-18","purchased_purges":0,"victory":false,"max_hp_per_floor":[75,75,75,75,75,75,75,75,85,85,85,85,85],"relic_stats":{"counters":[8,34],"Bronze Scales":[12],"obtain_stats":[{"Pear":9,"Bronze Scales":6,"Burning Blood":0},{"Pear":6,"Bronze Scales":5,"Burning Blood":0},{"Pear":27,"Bronze Scales":23,"Burning Blood":0}],"Burning Blood":42},"card_choices":[{"not_picked":["Impatience","Panacea"],"picked":"Enlightenment","floor":0},{"not_picked":["Fire Breathing","Armaments"],"picked":"Pommel Strike","floor":1},{"not_picked":["Headbutt","Clothesline"],"picked":"Anger","floor":2},{"not_picked":["Armaments","Heavy Blade"],"picked":"Clothesline","floor":3},{"not_picked":["Clothesline","Cleave","Anger"],"picked":"SKIP","floor":4},{"not_picked":["Combust","Flex"],"picked":"Demon Form","floor":6},{"not_picked":["Warcry","Heavy Blade"],"picked":"Seeing Red","floor":8},{"not_picked":["Inflame","Clothesline","Wild Strike"],"picked":"SKIP","floor":11}],"player_experience":2893656,"relics_obtained":[{"floor":6,"key":"Bronze Scales"},{"floor":9,"key":"Pear"}],"event_choices":[{"damage_healed":0,"gold_gain":0,"cards_transformed":["Strike_R"],"player_choice":"Transformed","damage_taken":0,"max_hp_gain":0,"max_hp_loss":0,"event_name":"Transmorgrifier","floor":5,"gold_loss":0,"cards_obtained":["Entrench"]},{"cards_removed":["Strike_R"],"damage_healed":0,"gold_gain":0,"player_choice":"Card Removal","damage_taken":7,"max_hp_gain":0,"max_hp_loss":0,"event_name":"Golden Wing","floor":10,"gold_loss":0},{"damage_healed":0,"gold_gain":0,"player_choice":"Ignored","damage_taken":0,"max_hp_gain":0,"max_hp_loss":0,"event_name":"Shining Light","floor":12,"gold_loss":0}],"is_beta":false,"boss_relics":[],"items_purged_floors":[],"is_endless":false,"potions_floor_spawned":[3,6,8],"killed_by":"Lagavulin","ascension_level":20,"potion_discard_per_floor":[[],[],[],[],[],[],[],[],[],[],[],[],[]]}