{"neow_bonuses_skipped_log":["TRANSFORM_CARD","THREE_SMALL_POTIONS","BOSS_RELIC"],"potions_obtained_entropic_brew":[[],[],[],[],[],[],[],[],[],[],[],[],[],[],[],["FearPotion","Swift Potion"],[],[],[],[],[],[],[],[],[],[],[],[],[],[],[],[],[]],"neow_costs_skipped_log":["NONE","NONE","NONE"],"gold_per_floor":[365,381,398,57,68,100,100,100,100,100,118,148,166,180,180,254,254,272,285,235,247,86,86,104,138,138,138,163,178,191,216,216,216],"floor_reached":33,"playtime":1915,"items_purged":["Strike_R"],"score":642,"play_id":"ae8378ee-dfce-4e6e-a866-2ed252bc5a67","local_time":"20250610132707","score_breakdown":["Floors Climbed (33): 165","Enemies Slain (13): 26","Exordium Elites Killed (2): 20","City Elites Killed (3): 60","Bosses Slain (1): 50","Ascension (20): 321"],"is_ascension_mode":true,"potions_obtained_alchemize":[[],[],[],[],[],[],[],[],[],[],[],[],[],[],[],[],[],[],[],[],[],[],[],[],[],[],[],[],[],[],[],[],[]],"campfire_choices":[{"data":"Whirlwind","floor":7,"key":"SMITH"},{"data":"Carnage","floor":10,"key":"SMITH"},{"data":"Entrench","floor":15,"key":"SMITH"},{"floor":23,"key":"REST"},{"data":"Dark Embrace","floor":27,"key":"SMITH"},{"data":"Pommel Strike","floor":32,"key":"SMITH"}],"lesson_learned_per_floor":[[],[],[],[],[],[],[],[],[],[],[],[],[],[],[],[],[],[],[],[],[],[],[],[],[],[],[],[],[],[],[],[],[]],"neow_cost":"PERCENT_DAMAGE","improvable_cards":{},"seed_source_timestamp":916839877914200,"shop_contents":[{"floor":4,"relics":["Mango","PrismaticShard"],"cards":["Perfected Strike","Cleave","True Grit","Offering","Rupture","Madness","Panache"],"potions":["Strength Potion","HeartOfIron","PowerPotion"]},{"floor":22,"relics":["Regal Pillow","Ancient Tea Set"],"cards":["Wild Strike","Heavy Blade","Havoc","Sentinel","Evolve","Trip","Transmutation"],"potions":["SteroidPotion","PowerPotion","SkillPotion"]}],"circlet_count":0,"master_deck":["AscendersBane","Defend_R","Defend_R","Defend_R","Defend_R","Bash","Anger","Twin Strike","Whirlwind+1","Carnage+1","Dark Embrace+1","Pommel Strike+1","Metallicize","Disarm","Entrench+1","Corruption","Metallicize+1","Barricade+1","Bludgeon+1","Thunderclap+1","Shockwave+1","Reaper","Feel No Pain","Shrug It Off","Headbutt"],"potion_use_per_floor":[[],[],[],[],[],["EssenceOfSteel","Block Potion"],[],[],[],[],[],[],[],["Block Potion"],[],["AttackPotion","EntropicBrew"],[],["Regen Potion","Swift Potion"],[],[],["SteroidPotion","Weak Potion"],[],[],[],["AttackPotion","LiquidMemories"],[],[],["AttackPotion"],[],["BloodPotion"],["Energy Potion"],[],["Energy Potion"]],"relics":["Burning Blood","Shuriken","Happy Flower","White Beast Statue","Calipers","Astrolabe","Brimstone","Pear","Unceasing Top","Singing Bowl"],"potions_floor_usage":[6,6,14,16,16,18,18,21,21,25,25,28,30,31,33],"damage_taken":[{"damage":2,"enemies":"2 Louse","floor":1,"turns":3},{"damage":1,"enemies":"Cultist","floor":2,"turns":3},{"damage":9,"enemies":"Jaw Worm","floor":3,"turns":3},{"damage":9,"enemies":"Red Slaver","floor":5,"turns":3},{"damage":13,"enemies":"Gremlin Nob","floor":6,"turns":4},{"damage":6,"enemies":"2 Fungi Beasts","floor":11,"turns":5},{"damage":30,"enemies":"3 Sentries","floor":12,"turns":4},{"damage":3,"enemies":"Looter","floor":13,"turns":3},{"damage":2,"enemies":"3 Louse","floor":14,"turns":2},{"damage":13,"enemies":"The Guardian","floor":16,"turns":12},{"damage":23,"enemies":"2 Thieves","floor":18,"turns":4},{"damage":21,"enemies":"Shell Parasite","floor":19,"turns":11},{"damage":24,"enemies":"Shelled Parasite and Fungi","floor":21,"turns":4},{"damage":5,"enemies":"Snecko","floor":24,"turns":4},{"damage":43,"enemies":"Gremlin Leader","floor":25,"turns":5},{"damage":49,"enemies":"Slavers","floor":28,"turns":6},{"damage":37,"enemies":"Cultist and Chosen","floor":29,"turns":4},{"damage":16,"enemies":"3 Cultists","floor":30,"turns":6},{"damage":31,"enemies":"Gremlin Leader","floor":31,"turns":5},{"damage":73,"enemies":"Automaton","floor":33,"turns":6}],"green_key_taken_log":28,"seed_played":"-1930602740196881282","neow_bonus_log":{"cardsObtained":[],"cardsUpgraded":[],"cardsRemoved":[],"cardsTransformed":[],"relicsObtained":[],"maxHpGained":0,"goldGained":250,"damageTaken":18,"goldLost":0,"maxHpLost":0},"potions_obtained":[{"floor":2,"key":"EssenceOfSteel"},{"floor":5,"key":"Block Potion"},{"floor":11,"key":"Strength Potion"},{"floor":12,"key":"EntropicBrew"},{"floor":13,"key":"Block Potion"},{"floor":14,"key":"AttackPotion"},{"floor":16,"key":"Regen Potion"},{"floor":18,"key":"SteroidPotion"},{"floor":19,"key":"Weak Potion"},{"floor":21,"key":"LiquidMemories"},{"floor":24,"key":"AttackPotion"},{"floor":25,"key":"AttackPotion"},{"floor":28,"key":"Energy Potion"},{"floor":29,"key":"BloodPotion"},{"floor":30,"key":"Energy Potion"},{"floor":31,"key":"FearPotion"}],"is_trial":false,"path_per_floor":["M","M","M","$","M","E","R","?","T","R","M","E","M","M","R","B",null,"M","M","?","M","$","R","M","E","T","R","E","M","M","E","R","B"],"character_chosen":"IRONCLAD","basemod:card_modifiers":[null,null,null,null,null,null,null,null,null,null,null,null,null,null,null,null,null,null,null,null,null,null,null,null,null],"items_purchased":["Shuriken","Brimstone"],"campfire_rested":1,"item_purchase_floors":[4,22],"current_hp_per_floor":[54,59,56,56,53,46,46,46,46,46,46,22,25,29,29,22,62,57,42,42,24,24,46,47,72,72,72,56,25,57,47,47,0],"gold":216,"neow_bonus":"TWO_FIFTY_GOLD","is_prod":false,"is_daily":false,"rewards_skipped":[],"chose_seed":false,"campfire_upgraded":5,"win_rate":0,"floor_exit_playtime":[45,118,176,196,230,284,292,306,308,314,398,470,504,534,541,684,747,827,1083,1122,1203,1218,1222,1281,1384,1389,1401,1516,1569,1657,1770,1794],"timestamp":1749576427,"blue_key_relic_skipped_log":{"floor":26,"relicID":"Meat on the Bone"},"path_taken":["M","M","M","$","M","E","R","?","T","R","M","E","M","?","R","BOSS","M","M","?","?","?","R","M","E","T","R","E","M","M","E","R","BOSS"],"build_version":"2022-12-18","purchased_purges":1,"victory":false,"max_hp_per_floor":[75,75,75,75,75,75,75,75,75,75,75,75,75,75,75,75,75,75,75,75,75,75,75,75,85,85,85,85,85,85,85,85,85],"relic_stats":{"Calipers":[0],"Happy Flower":[27],"Singing Bowl":0,"counters":[20,97],"Shuriken":[21],"Astrolabe":["Metallicize","Barricade","Bludgeon"],"obtain_stats":[{"Calipers":12,"Pear":25,"Happy Flower":6,"Singing Bowl":31,"Shuriken":4,"Brimstone":22,"Astrolabe":17,"Burning Blood":0,"White Beast Statue":9,"Unceasing Top":28},{"Calipers":7,"Pear":15,"Happy Flower":5,"Singing Bowl":19,"Shuriken":3,"Brimstone":13,"Astrolabe":10,"Burning Blood":0,"White Beast Statue":5,"Unceasing Top":16},{"Calipers":25,"Pear":70,"Happy Flower":16,"Singing Bowl":91,"Shuriken":9,"Brimstone":61,"Astrolabe":42,"Burning Blood":0,"White Beast Statue":16,"Unceasing Top":76}],"Burning Blood":114,"White Beast Statue":[0.0,0.023354880000000015,0.0,0.25910118400000015,0.0,0.49384089600000036,0.0,0.20870400000000014,0.0,0.014999040000000009,0.0,6.567108864000001],"Unceasing Top":[0]},"card_choices":[{"not_picked":["Wild Strike","Warcry"],"picked":"Anger","floor":1},{"not_picked":["Seeing Red","True Grit"],"picked":"Twin Strike","floor":2},{"not_picked":["Reckless Charge","Brutality"],"picked":"Whirlwind","floor":3},{"not_picked":["Thunderclap","Sever Soul"],"picked":"Carnage","floor":5},{"not_picked":["Immolate","Blood for Blood"],"picked":"Dark Embrace","floor":6},{"not_picked":["Armaments","Headbutt"],"picked":"Pommel Strike","floor":11},{"not_picked":["Sever Soul","Shrug It Off"],"picked":"Metallicize","floor":12},{"not_picked":["Burning Pact","Intimidate"],"picked":"Disarm","floor":13},{"not_picked":["Sever Soul","Rupture"],"picked":"Entrench","floor":14},{"not_picked":["Juggernaut","Barricade"],"picked":"Corruption","floor":16},{"not_picked":["Heavy Blade","Headbutt"],"picked":"Thunderclap+1","floor":18},{"not_picked":["Disarm","Anger+1"],"picked":"Shockwave","floor":19},{"not_picked":["Fire Breathing","Warcry"],"picked":"Reaper","floor":21},{"not_picked":["Twin Strike","Cleave","Flex"],"picked":"SKIP","floor":24},{"not_picked":["Twin Strike","Dark Embrace","Infernal Blade"],"picked":"SKIP","floor":25},{"not_picked":["Clothesline","Shockwave"],"picked":"Feel No Pain","floor":28},{"not_picked":["Flame Barrier","Havoc"],"picked":"Shrug It Off","floor":29},{"not_picked":["Thunderclap","Wild Strike","Flex+1"],"picked":"SKIP","floor":30},{"not_picked":["Rupture","Flame Barrier"],"picked":"Headbutt","floor":31}],"player_experience":2901284,"relics_obtained":[{"floor":6,"key":"Happy Flower"},{"floor":9,"key":"White Beast Statue"},{"floor":12,"key":"Calipers"},{"floor":25,"key":"Pear"},{"floor":28,"key":"Unceasing Top"},{"floor":31,"key":"Singing Bowl"}],"event_choices":[{"cards_removed":["Strike_R"],"damage_healed":0,"gold_gain":0,"player_choice":"Purged","damage_taken":0,"max_hp_gain":0,"max_hp_loss":0,"event_name":"Purifier","floor":8,"gold_loss":0},{"damage_healed":0,"gold_gain":0,"player_choice":"Upgrade","damage_taken":0,"max_hp_gain":0,"max_hp_loss":0,"event_name":"Designer","floor":20,"gold_loss":50,"cards_upgraded":["Shockwave"]}],"is_beta":false,"boss_relics":[{"not_picked":["Empty Cage","Velvet Choker"],"picked":"Astrolabe"}],"items_purged_floors":[4],"is_endless":false,"potions_floor_spawned":[2,5,11,12,13,14,16,18,19,21,24,25,28,29,30,31],"killed_by":"Automaton","ascension_level":20,"potion_discard_per_floor":[[],[],[],[],[],[],[],[],[],[],[],[],["Strength Potion"],[],[],["FearPotion"],[],[],[],[],[],[],[],[],[],[],[],[],[],[],[],[],[]]}