{"neow_bonuses_skipped_log":["UPGRADE_CARD","RANDOM_COMMON_RELIC","BOSS_RELIC"],"potions_obtained_entropic_brew":[[],[],[],[],[],[],[],[],[],[],[],[],[],[],[],[]],"neow_costs_skipped_log":["NONE","NONE","NONE"],"gold_per_floor":[118,118,165,183,203,203,236,248,248,273,273,306,306,194,194,194],"floor_reached":16,"playtime":3406,"items_purged":["Strike_R"],"score":236,"play_id":"fb62da95-7fb8-41a7-9728-206114fe25e2","local_time":"20250610125422","score_breakdown":["Floors Climbed (16): 80","Enemies Slain (4): 8","Exordium Elites Killed (3): 30","Bosses Slain (0): 0","Ascension (20): 118"],"is_ascension_mode":true,"potions_obtained_alchemize":[[],[],[],[],[],[],[],[],[],[],[],[],[],[],[],[]],"campfire_choices":[{"data":"Armaments","floor":6,"key":"SMITH"},{"floor":11,"key":"REST"},{"floor":13,"key":"REST"},{"data":"Burning Pact","floor":15,"key":"SMITH"}],"lesson_learned_per_floor":[[],[],[],[],[],[],[],[],[],[],[],[],[],[],[],[]],"neow_cost":"TEN_PERCENT_HP_LOSS","improvable_cards":{},"seed_source_timestamp":913380531900700,"shop_contents":[{"floor":14,"relics":["Darkstone Periapt","CeramicFish","PrismaticShard"],"cards":["Headbutt","Clothesline","True Grit","Brutality+1","Trip","Sadistic Nature+1"],"potions":["GamblersBrew","Fruit Juice","Fruit Juice"]}],"circlet_count":0,"master_deck":["AscendersBane","Strike_R","Strike_R","Strike_R","Strike_R","Defend_R","Defend_R","Defend_R","Defend_R","Bash","Metamorphosis+1","Headbutt","Armaments+1","Limit Break","Burning Pact+1","Dual Wield","Second Wind"],"potion_use_per_floor":[[],[],[],[],[],[],["Strength Potion"],[],[],[],[],["Strength Potion"],[],[],[],[]],"relics":["Burning Blood","Bag of Preparation","HornCleat","Matryoshka","Frozen Egg 2","Charon\u0027s Ashes"],"potions_floor_usage":[7,12],"damage_taken":[{"damage":7,"enemies":"Cultist","floor":1,"turns":4},{"damage":2,"enemies":"Jaw Worm","floor":4,"turns":3},{"damage":1,"enemies":"2 Louse","floor":5,"turns":3},{"damage":39,"enemies":"Gremlin Nob","floor":7,"turns":4},{"damage":31,"enemies":"Gremlin Gang","floor":8,"turns":5},{"damage":6,"enemies":"3 Sentries","floor":10,"turns":6},{"damage":21,"enemies":"Lagavulin","floor":12,"turns":5},{"damage":38,"enemies":"Slime Boss","floor":16,"turns":3}],"green_key_taken_log":12,"seed_played":"-5984200732359850022","neow_bonus_log":{"cardsObtained":[],"cardsUpgraded":[],"cardsRemoved":[],"cardsTransformed":[],"relicsObtained":[],"maxHpGained":0,"goldGained":0,"damageTaken":0,"goldLost":0,"maxHpLost":7},"potions_obtained":[{"floor":5,"key":"Strength Potion"},{"floor":10,"key":"Strength Potion"}],"is_trial":false,"path_per_floor":["M","?","T","M","M","R","E","M","T","E","R","E","R","$","R","B"],"character_chosen":"IRONCLAD","basemod:card_modifiers":[null,null,null,null,null,null,null,null,null,null,null,null,null,null,null,null,null],"items_purchased":["Second Wind"],"campfire_rested":2,"item_purchase_floors":[14],"current_hp_per_floor":[67,67,67,68,68,68,35,10,10,10,30,15,35,35,35,0],"gold":194,"neow_bonus":"RANDOM_COLORLESS_2","is_prod":false,"is_daily":false,"rewards_skipped":[],"chose_seed":false,"campfire_upgraded":2,"win_rate":0,"floor_exit_playtime":[2739,2762,2765,2807,2850,2857,2921,3004,3012,3222,3225,3328,3331,3353,3364],"timestamp":1749574462,"path_taken":["M","?","?","M","M","R","E","?","T","E","R","E","R","?","R","BOSS"],"build_version":"2022-12-18","purchased_purges":1,"victory":false,"max_hp_per_floor":[68,68,68,68,68,68,68,68,68,68,68,68,68,68,68,68],"relic_stats":{"Matryoshka":0,"counters":[8,33],"Charon\u0027s Ashes":[6],"Bag of Preparation":[14],"obtain_stats":[{"HornCleat":7,"Matryoshka":9,"Charon\u0027s Ashes":12,"Bag of Preparation":3,"Frozen Egg 2":10,"Burning Blood":0},{"HornCleat":4,"Matryoshka":5,"Charon\u0027s Ashes":7,"Bag of Preparation":1,"Frozen Egg 2":6,"Burning Blood":0},{"HornCleat":14,"Matryoshka":19,"Charon\u0027s Ashes":30,"Bag of Preparation":4,"Frozen Egg 2":25,"Burning Blood":0}],"Burning Blood":34},"card_choices":[{"not_picked":["Magnetism","Thinking Ahead"],"picked":"Metamorphosis","floor":0},{"not_picked":["Sentinel","Iron Wave"],"picked":"Headbutt","floor":1},{"not_picked":["Clash","Headbutt","Flex"],"picked":"SKIP","floor":4},{"not_picked":["Headbutt","Infernal Blade"],"picked":"Armaments","floor":5},{"not_picked":["Havoc","Power Through"],"picked":"Limit Break","floor":7},{"not_picked":["Sword Boomerang","Thunderclap"],"picked":"Burning Pact","floor":8},{"not_picked":["Infernal Blade","Havoc"],"picked":"Dual Wield","floor":10},{"not_picked":["Havoc","Reckless Charge","Wild Strike"],"picked":"SKIP","floor":12}],"player_experience":2897878,"relics_obtained":[{"floor":3,"key":"Bag of Preparation"},{"floor":7,"key":"HornCleat"},{"floor":9,"key":"Matryoshka"},{"floor":10,"key":"Frozen Egg 2"},{"floor":12,"key":"Charon\u0027s Ashes"}],"event_choices":[{"damage_healed":0,"gold_gain":0,"player_choice":"Grow","damage_taken":0,"max_hp_gain":0,"max_hp_loss":0,"event_name":"Living Wall","floor":2,"gold_loss":0,"cards_upgraded":["Metamorphosis"]}],"is_beta":false,"boss_relics":[],"items_purged_floors":[14],"is_endless":false,"potions_floor_spawned":[5,10],"killed_by":"Slime Boss","ascension_level":20,"potion_discard_per_floor":[[],[],[],[],[],[],[],[],[],[],[],[],[],[],[],[]]}