{"neow_bonuses_skipped_log":["THREE_SMALL_POTIONS","RANDOM_COLORLESS_2","BOSS_RELIC"],"neow_costs_skipped_log":["NONE","CURSE","NONE"],"potions_obtained_entropic_brew":[[],[],[],[],[],[],[],[],[],[],[],[],[],[],[],[]],"gold_per_floor":[110,127,52,68,84,84,104,135,135,135,148,160,192,208,208,208],"floor_reached":16,"playtime":1196,"items_purged":[],"score":257,"play_id":"ad02ca38-9274-414f-86ee-43fc5c6b791c","local_time":"20250610113533","score_breakdown":["Floors Climbed (16): 80","Enemies Slain (8): 16","Exordium Elites Killed (2): 20","Bosses Slain (0): 0","Well Fed: 25","Ascension (20): 116"],"is_ascension_mode":true,"potions_obtained_alchemize":[[],[],[],[],[],[],[],[],[],[],[],[],[],[],[],[]],"campfire_choices":[{"data":"Feed","floor":6.0,"key":"SMITH"},{"data":"True Grit","floor":15,"key":"SMITH"}],"lesson_learned_per_floor":[[],[],[],[],[],[],[],[],[],[],[],[],[],[],[],[]],"neow_cost":"NONE","improvable_cards":{},"seed_source_timestamp":0,"shop_contents":[{"floor":3,"relics":["InkBottle","Boot","OrangePellets"],"cards":["Thunderclap","Searing Blow","True Grit","Evolve","PanicButton","Chrysalis"],"potions":["Explosive Potion","Fruit Juice","Ancient Potion"]}],"circlet_count":0,"master_deck":["AscendersBane","Strike_R","Strike_R","Strike_R","Strike_R","Defend_R","Defend_R","Defend_R","Defend_R","Bash","Pommel Strike","Pommel Strike","Perfected Strike","Disarm","Feed+1","Twin Strike","Perfected Strike","True Grit+1","Exhume"],"special_seed":0,"potion_use_per_floor":[[],[],[],[],[],[],[],["BlessingOfTheForge"],[],[],[],[],["BlessingOfTheForge"],[],[],["FearPotion"]],"relics":["Burning Blood","Toy Ornithopter","Eternal Feather"],"potions_floor_usage":[16],"damage_taken":[{"damage":10.0,"enemies":"Small Slimes","floor":1.0,"turns":4.0},{"damage":1.0,"enemies":"Cultist","floor":2.0,"turns":3.0},{"damage":8.0,"enemies":"2 Louse","floor":4.0,"turns":3.0},{"damage":17.0,"enemies":"Looter","floor":5.0,"turns":3.0},{"damage":0.0,"enemies":"Large Slime","floor":7.0,"turns":4.0},{"damage":32.0,"enemies":"Gremlin Nob","floor":8.0,"turns":4.0},{"damage":12.0,"enemies":"3 Louse","floor":11.0,"turns":4.0},{"damage":0.0,"enemies":"2 Fungi Beasts","floor":12.0,"turns":3.0},{"damage":22.0,"enemies":"Lagavulin","floor":13.0,"turns":7.0},{"damage":18.0,"enemies":"Blue Slaver","floor":14.0,"turns":8.0},{"damage":50,"enemies":"Hexaghost","floor":16,"turns":9}],"seed_played":"-3443998636647974049","neow_bonus_log":{"cardsObtained":["Pommel Strike"],"cardsUpgraded":[],"cardsRemoved":[],"cardsTransformed":["Strike_R"],"relicsObtained":[],"maxHpGained":0,"goldGained":0,"damageTaken":0,"goldLost":0,"maxHpLost":0},"potions_obtained":[{"floor":7.0,"key":"BlessingOfTheForge"},{"floor":12.0,"key":"BlessingOfTheForge"},{"floor":13.0,"key":"FearPotion"}],"is_trial":false,"path_per_floor":["M","M","$","M","M","R","M","E","T","?","M","M","E","M","R","B"],"character_chosen":"IRONCLAD","basemod:card_modifiers":[null,null,null,null,null,null,null,null,null,null,null,null,null,null,null,null,null,null,null],"items_purchased":["Disarm"],"campfire_rested":0,"item_purchase_floors":[3],"current_hp_per_floor":[64,69,69,67,59,59,69,47,47,47,45,55,44,36,45,0],"gold":208,"neow_bonus":"TRANSFORM_CARD","is_prod":false,"is_daily":false,"rewards_skipped":[],"chose_seed":false,"campfire_upgraded":2,"win_rate":0,"floor_exit_playtime":[77,109,171,220,271,276,320,374,379,391,437,469,545,1087,1100],"timestamp":1749569733,"blue_key_relic_skipped_log":{"floor":9,"relicID":"Darkstone Periapt"},"path_taken":["M","M","$","M","M","R","M","E","T","?","M","M","E","M","R","BOSS"],"build_version":"2022-12-18","purchased_purges":0,"victory":false,"max_hp_per_floor":[75,75,75,75,78,78,82,86,86,86,90,94,94,98,98,98],"relic_stats":{"counters":[11,52],"Eternal Feather":9,"obtain_stats":[{"Eternal Feather":13,"Burning Blood":0,"Toy Ornithopter":8},{"Eternal Feather":9,"Burning Blood":0,"Toy Ornithopter":6},{"Eternal Feather":35,"Burning Blood":0,"Toy Ornithopter":21}],"Burning Blood":60,"Toy Ornithopter":10},"card_choices":[{"not_picked":["Metallicize","Havoc"],"picked":"Pommel Strike","floor":1.0},{"not_picked":["Pommel Strike","Headbutt"],"picked":"Perfected Strike","floor":2.0},{"not_picked":["Thunderclap","Iron Wave"],"picked":"Feed","floor":4.0},{"not_picked":["Thunderclap","Flex","Intimidate"],"picked":"SKIP","floor":5.0},{"not_picked":["Searing Blow","Thunderclap"],"picked":"Twin Strike","floor":7.0},{"not_picked":["Heavy Blade","Clothesline"],"picked":"Perfected Strike","floor":8.0},{"not_picked":["Havoc","Pummel"],"picked":"True Grit","floor":11.0},{"not_picked":["Clash","Iron Wave","Clothesline"],"picked":"SKIP","floor":12.0},{"not_picked":["Cleave","Pummel"],"picked":"Exhume","floor":13.0},{"not_picked":["Reckless Charge","Twin Strike","Heavy Blade"],"picked":"SKIP","floor":14.0}],"player_experience":2896682,"relics_obtained":[{"floor":8.0,"key":"Toy Ornithopter"},{"floor":13.0,"key":"Eternal Feather"}],"event_choices":[{"damage_healed":0.0,"max_hp_gain":0.0,"max_hp_loss":0.0,"gold_gain":0.0,"event_name":"WeMeetAgain","player_choice":"Ignored","floor":10.0,"gold_loss":0.0,"damage_taken":0.0}],"is_beta":false,"boss_relics":[],"items_purged_floors":[],"is_endless":false,"potions_floor_spawned":[7,12,13],"killed_by":"Hexaghost","ascension_level":20,"potion_discard_per_floor":[[],[],[],[],[],[],[],[],[],[],[],[],[],[],[],[]]}