{"neow_bonuses_skipped_log":["RANDOM_COLORLESS","TEN_PERCENT_HP_BONUS","BOSS_RELIC"],"potions_obtained_entropic_brew":[[],[],[],[],[],[],[],[],[],[],[],[],[],[],[],[],[],[],[],[],[],[],[],[],[],[],[],[],[],[],[],[],[],[],[],[],[],[],[],[],[],[],[],[],[],[],[],[],[],[],[],[],[],[],[],[],[]],"neow_costs_skipped_log":["NONE","NONE","NONE"],"gold_per_floor":[111,126,136,146,158,158,177,196,219,219,219,253,253,282,282,356,356,356,256,256,256,31,31,31,31,31,31,31,31,31,31,31,31,31,31,31,31,31,31,31,31,31,31,31,31,31,31,31,31,31,31,31,31,31,31,31],"floor_reached":57,"playtime":4171,"items_purged":["Strike_R"],"score":2940,"play_id":"836792f2-f9e8-46a2-9339-358d0b40d3a0","local_time":"20250613153422","falling_options_log":["Offering+1","Corruption"],"score_breakdown":["Floors Climbed (57): 285","Enemies Slain (20): 40","Exordium Elites Killed (2): 20","City Elites Killed (3): 60","Beyond Elites Killed (3): 90","Bosses Slain (5): 750","Stuffed: 50","Champion (3): 75","Ascension (20): 1320","Heartbreaker: 250"],"is_ascension_mode":true,"potions_obtained_alchemize":[[],[],[],[],[],[],[],[],[],[],[],[],[],[],[],[],[],[],[],[],[],[],[],[],[],[],[],[],[],[],[],[],[],[],[],[],[],[],[],[],[],[],[],[],[],[],[],[],[],[],[],[],[],[],[],[],[]],"campfire_choices":[{"data":"Feed","floor":6,"key":"SMITH"},{"data":"Armaments","floor":11,"key":"SMITH"},{"data":"Battle Trance","floor":13,"key":"SMITH"},{"data":"Uppercut","floor":15,"key":"SMITH"},{"data":"Offering","floor":23,"key":"SMITH"},{"data":"Demon Form","floor":32,"key":"SMITH"},{"data":"Feel No Pain","floor":44,"key":"SMITH"},{"data":"Corruption","floor":46,"key":"SMITH"},{"floor":49,"key":"RECALL"},{"floor":53,"key":"REST"}],"lesson_learned_per_floor":[[],[],[],[],[],[],[],[],[],[],[],[],[],[],[],[],[],[],[],[],[],[],[],[],[],[],[],[],[],[],[],[],[],[],[],[],[],[],[],[],[],[],[],[],[],[],[],[],[],[],[],[],[],[],[],[],[]],"neow_cost":"TEN_PERCENT_HP_LOSS","improvable_cards":{},"seed_source_timestamp":207760009873500,"shop_contents":[{"floor":22,"relics":["Potion Belt","InkBottle","HandDrill"],"cards":["Pommel Strike","Heavy Blade","Ghostly Armor","Inflame","Dark Shackles","Apotheosis"],"potions":["SteroidPotion","FearPotion","FearPotion"]},{"floor":54,"relics":["Eternal Feather","Vajra","ClockworkSouvenir"],"cards":["Heavy Blade","Thunderclap","Second Wind","Shockwave","Metallicize","Dramatic Entrance","Violence"],"potions":["LiquidBronze","BlessingOfTheForge","ColorlessPotion"]}],"circlet_count":0,"master_deck":["AscendersBane","Strike_R","Strike_R","Defend_R","Defend_R","Defend_R","Defend_R","Bash","Feed+1","Battle Trance+1","Anger","Armaments+1","Impervious","Flame Barrier","Twin Strike","Corruption+1","Immolate","Bloodletting","Impervious","Offering+1","Demon Form+1","Fiend Fire","Shrug It Off","Double Tap","Dual Wield+1","Impervious","Feel No Pain+1","Dark Embrace"],"potion_use_per_floor":[[],[],[],[],[],[],[],["Swift Potion"],[],[],[],["FearPotion"],[],[],[],[],[],["ColorlessPotion"],[],["Regen Potion"],[],[],[],[],["SteroidPotion","Block Potion"],[],["Explosive Potion"],[],[],[],[],[],[],[],[],[],[],[],["Fire Potion"],[],[],["SkillPotion"],[],[],["DistilledChaos"],[],[],[],[],[],["Energy Potion","Block Potion"],[],[],[],[],["GamblersBrew"],[]],"relics":["Burning Blood","Boot","Anchor","Toy Ornithopter","Ectoplasm","Orichalcum","Nunchaku","Bag of Preparation","Strawberry","Runic Pyramid","Old Coin","Singing Bowl","Lizard Tail","Calipers","Charon\u0027s Ashes"],"potions_floor_usage":[8,12,18,20,25,25,27,39,42,45,51,51,56],"damage_taken":[{"damage":9,"enemies":"Jaw Worm","floor":1,"turns":3},{"damage":6,"enemies":"Cultist","floor":2,"turns":3},{"damage":5,"enemies":"2 Louse","floor":3,"turns":4},{"damage":2,"enemies":"Exordium Wildlife","floor":4,"turns":3},{"damage":6,"enemies":"3 Louse","floor":5,"turns":26},{"damage":8,"enemies":"Large Slime","floor":7,"turns":7},{"damage":20,"enemies":"Gremlin Gang","floor":8,"turns":5},{"damage":10,"enemies":"Lagavulin","floor":12,"turns":7},{"damage":16,"enemies":"Gremlin Nob","floor":14,"turns":4},{"damage":17,"enemies":"The Guardian","floor":16,"turns":16},{"damage":17,"enemies":"Spheric Guardian","floor":18,"turns":7},{"damage":9,"enemies":"2 Thieves","floor":19,"turns":4},{"damage":15,"enemies":"Shelled Parasite and Fungi","floor":20,"turns":5},{"damage":7,"enemies":"Snecko","floor":21,"turns":7},{"damage":15,"enemies":"Snake Plant","floor":24,"turns":4},{"damage":10,"enemies":"Book of Stabbing","floor":25,"turns":6},{"damage":31,"enemies":"Gremlin Leader","floor":27,"turns":4},{"damage":9,"enemies":"Book of Stabbing","floor":29,"turns":4},{"damage":0,"enemies":"Centurion and Healer","floor":30,"turns":7},{"damage":9,"enemies":"Snecko","floor":31,"turns":4},{"damage":13,"enemies":"Champ","floor":33,"turns":9},{"damage":4,"enemies":"Orb Walker","floor":35,"turns":2},{"damage":19,"enemies":"2 Orb Walkers","floor":37,"turns":4},{"damage":7,"enemies":"3 Shapes","floor":38,"turns":3},{"damage":3,"enemies":"Jaw Worm Horde","floor":39,"turns":3},{"damage":28,"enemies":"Transient","floor":40,"turns":6},{"damage":22,"enemies":"Nemesis","floor":41,"turns":5},{"damage":41,"enemies":"Spire Growth","floor":42,"turns":6},{"damage":9,"enemies":"Reptomancer","floor":45,"turns":6},{"damage":9,"enemies":"Giant Head","floor":47,"turns":6},{"damage":9,"enemies":"4 Shapes","floor":48,"turns":8},{"damage":21,"enemies":"Donu and Deca","floor":50,"turns":7},{"damage":71,"enemies":"Awakened One","floor":51,"turns":6},{"damage":10,"enemies":"Shield and Spear","floor":55,"turns":6},{"damage":168,"enemies":"The Heart","floor":56,"turns":9}],"green_key_taken_log":45,"seed_played":"3577931154004930193","neow_bonus_log":{"cardsObtained":["Feed","Battle Trance"],"cardsUpgraded":[],"cardsRemoved":[],"cardsTransformed":["Strike_R","Strike_R"],"relicsObtained":[],"maxHpGained":0,"goldGained":0,"damageTaken":0,"goldLost":0,"maxHpLost":7},"potions_obtained":[{"floor":2,"key":"FearPotion"},{"floor":3,"key":"Swift Potion"},{"floor":8,"key":"FearPotion"},{"floor":12,"key":"ColorlessPotion"},{"floor":19,"key":"Regen Potion"},{"floor":20,"key":"Block Potion"},{"floor":21,"key":"SteroidPotion"},{"floor":25,"key":"Explosive Potion"},{"floor":33,"key":"SkillPotion"},{"floor":35,"key":"Strength Potion"},{"floor":38,"key":"Fire Potion"},{"floor":40,"key":"DistilledChaos"},{"floor":42,"key":"Block Potion"},{"floor":48,"key":"Energy Potion"},{"floor":55,"key":"GamblersBrew"}],"is_trial":false,"path_per_floor":["M","M","M","M","M","R","M","M","T","?","R","E","R","E","R","B",null,"M","M","M","M","$","R","M","E","T","E","?","E","M","M","R","B",null,"M","?","?","M","M","M","E","M","T","R","E","R","E","M","R","B","B",null,"R","$","E","B",null],"character_chosen":"IRONCLAD","basemod:card_modifiers":[null,null,null,null,null,null,null,null,null,null,null,null,null,null,null,null,null,null,null,null,null,null,null,null,null,null,null,null],"items_purchased":["Offering"],"campfire_rested":1,"item_purchase_floors":[22],"current_hp_per_floor":[68,71,75,80,84,84,86,76,76,76,76,76,76,70,70,63,94,92,93,105,108,108,108,103,113,113,97,97,105,115,116,116,113,145,151,151,142,145,157,139,127,103,103,103,111,111,112,127,127,120,69,186,225,225,223,69],"gold":31,"neow_bonus":"TRANSFORM_TWO_CARDS","is_prod":false,"is_daily":false,"rewards_skipped":[{"floor":4,"relics":[],"potions":["Dexterity Potion"]}],"chose_seed":false,"campfire_upgraded":8,"win_rate":0,"floor_exit_playtime":[74,124,173,219,417,433,497,624,632,673,679,762,771,907,914,1068,1105,1212,1295,1365,1458,1492,1508,1577,1663,1667,1729,1744,1808,1890,1942,1957,2102,2120,2164,2174,2264,2384,2452,2615,2683,2799,2801,2811,3007,3023,3174,3330,3333,3498,3678,3689,3704,3709,3933,4171],"timestamp":1749843262,"blue_key_relic_skipped_log":{"floor":43,"relicID":"War Paint"},"path_taken":["M","M","M","M","M","R","M","M","T","?","R","E","R","E","R","BOSS","M","?","?","M","$","R","M","E","T","E","?","E","M","M","R","BOSS","M","?","?","M","M","M","E","M","T","R","E","R","E","M","R","BOSS","BOSS","R","$","E","BOSS"],"build_version":"2022-12-18","purchased_purges":1,"victory":true,"max_hp_per_floor":[71,74,77,80,84,84,88,92,92,92,92,96,96,100,100,104,104,108,112,116,120,120,120,124,128,128,132,132,143,147,151,151,155,155,159,159,163,167,171,175,179,185,185,185,191,191,195,213,213,221,225,225,225,225,227,231],"relic_stats":{"Calipers":[451],"Singing Bowl":8,"counters":[35,216],"Charon\u0027s Ashes":[57],"Bag of Preparation":[36],"Orichalcum":[66],"Boot":[9],"Burning Blood":208,"Nunchaku":[24],"Lizard Tail":0,"Ectoplasm":968,"obtain_stats":[{"Calipers":47,"Singing Bowl":41,"Charon\u0027s Ashes":55,"Bag of Preparation":27,"Orichalcum":25,"Boot":9,"Burning Blood":0,"Old Coin":37,"Anchor":12,"Nunchaku":26,"Lizard Tail":45,"Strawberry":29,"Ectoplasm":17,"Toy Ornithopter":14,"Runic Pyramid":34},{"Calipers":30,"Singing Bowl":27,"Charon\u0027s Ashes":34,"Bag of Preparation":17,"Orichalcum":16,"Boot":7,"Burning Blood":0,"Old Coin":23,"Anchor":8,"Nunchaku":16,"Lizard Tail":29,"Strawberry":18,"Ectoplasm":10,"Toy Ornithopter":9,"Runic Pyramid":21},{"Calipers":180,"Singing Bowl":162,"Charon\u0027s Ashes":207,"Bag of Preparation":115,"Orichalcum":111,"Boot":51,"Burning Blood":0,"Old Coin":145,"Anchor":58,"Nunchaku":111,"Lizard Tail":174,"Strawberry":119,"Ectoplasm":78,"Toy Ornithopter":62,"Runic Pyramid":139}],"Toy Ornithopter":54},"card_choices":[{"not_picked":["Warcry","Evolve","Entrench"],"picked":"SKIP","floor":1},{"not_picked":["Perfected Strike","Pommel Strike"],"picked":"Anger","floor":2},{"not_picked":["Second Wind","Shrug It Off"],"picked":"Armaments","floor":3},{"not_picked":["Metallicize","Rage"],"picked":"Impervious","floor":4},{"not_picked":["Body Slam","Clash"],"picked":"Uppercut","floor":5},{"not_picked":["Pommel Strike","Clash"],"picked":"Flame Barrier","floor":7},{"not_picked":["Heavy Blade","Warcry","Rupture"],"picked":"SKIP","floor":8},{"not_picked":["Fire Breathing","Thunderclap","Iron Wave"],"picked":"SKIP","floor":12},{"not_picked":["Evolve","Thunderclap"],"picked":"Corruption","floor":14},{"not_picked":["Brutality","Reaper"],"picked":"Immolate","floor":16},{"not_picked":["Warcry","Havoc+1"],"picked":"Bloodletting","floor":18},{"not_picked":["Warcry","Cleave+1","Entrench"],"picked":"SKIP","floor":19},{"not_picked":["Iron Wave","Heavy Blade"],"picked":"Impervious","floor":20},{"not_picked":["Clothesline","Flex+1","Warcry"],"picked":"SKIP","floor":21},{"not_picked":["True Grit","Clash","Warcry"],"picked":"SKIP","floor":24},{"not_picked":["Sever Soul","Dark Embrace"],"picked":"Demon Form","floor":25},{"not_picked":["Fire Breathing+1","Clothesline","True Grit"],"picked":"SKIP","floor":27},{"not_picked":["Flex","Battle Trance","Armaments"],"picked":"SKIP","floor":29},{"not_picked":["Perfected Strike","Clash"],"picked":"Fiend Fire","floor":30},{"not_picked":["True Grit","Carnage"],"picked":"Shrug It Off","floor":31},{"not_picked":["Feed","Demon Form"],"picked":"Double Tap","floor":33},{"not_picked":["Warcry","Metallicize","Havoc+1"],"picked":"SKIP","floor":35},{"not_picked":["Sword Boomerang","Rupture","Body Slam"],"picked":"SKIP","floor":37},{"not_picked":["Clothesline","Fire Breathing","Havoc"],"picked":"SKIP","floor":38},{"not_picked":["Clothesline","Headbutt+1"],"picked":"Dual Wield+1","floor":39},{"not_picked":["Pommel Strike","Headbutt"],"picked":"Impervious","floor":40},{"not_picked":["Warcry","Whirlwind"],"picked":"Feel No Pain","floor":41},{"not_picked":["Thunderclap","Dual Wield","Reckless Charge"],"picked":"Singing Bowl","floor":42},{"not_picked":["Anger","Clash","Perfected Strike+1"],"picked":"Singing Bowl","floor":45},{"not_picked":["Wild Strike","Rage"],"picked":"Dark Embrace","floor":47},{"not_picked":["Twin Strike+1","True Grit","Seeing Red"],"picked":"Singing Bowl","floor":48},{"not_picked":["Perfected Strike","Headbutt+1","Havoc"],"picked":"Singing Bowl","floor":55}],"player_experience":2903807,"relics_obtained":[{"floor":9,"key":"Boot"},{"floor":12,"key":"Anchor"},{"floor":14,"key":"Toy Ornithopter"},{"floor":25,"key":"Orichalcum"},{"floor":26,"key":"Nunchaku"},{"floor":27,"key":"Bag of Preparation"},{"floor":29,"key":"Strawberry"},{"floor":37,"key":"Old Coin"},{"floor":41,"key":"Singing Bowl"},{"floor":45,"key":"Lizard Tail"},{"floor":47,"key":"Calipers"},{"floor":55,"key":"Charon\u0027s Ashes"}],"event_choices":[{"damage_healed":0,"gold_gain":0,"player_choice":"1 cards matched","damage_taken":0,"max_hp_gain":0,"max_hp_loss":0,"event_name":"Match and Keep!","floor":10,"gold_loss":0,"cards_obtained":["Twin Strike"]},{"damage_healed":0,"gold_gain":0,"player_choice":"Ignored","damage_taken":0,"max_hp_gain":0,"max_hp_loss":0,"event_name":"Vampires","floor":28,"gold_loss":0},{"cards_removed":["Uppercut"],"damage_healed":0,"gold_gain":0,"player_choice":"Removed Attack","damage_taken":0,"max_hp_gain":0,"max_hp_loss":0,"event_name":"Falling","floor":36,"gold_loss":0},{"damage_healed":0,"gold_gain":0,"player_choice":"Fight","damage_taken":0,"max_hp_gain":0,"max_hp_loss":0,"event_name":"Mysterious Sphere","floor":37,"gold_loss":0}],"is_beta":false,"boss_relics":[{"not_picked":["Tiny House","Astrolabe"],"picked":"Ectoplasm"},{"not_picked":["Cursed Key","Empty Cage"],"picked":"Runic Pyramid"}],"items_purged_floors":[22],"is_endless":false,"potions_floor_spawned":[2,3,4,8,12,19,20,21,25,33,35,38,40,42,48,55],"ascension_level":20,"potion_discard_per_floor":[[],[],[],[],[],[],[],[],[],[],[],[],[],[],[],[],[],[],[],[],["FearPotion"],[],[],[],[],[],[],[],[],[],[],[],[],[],[],[],[],["Strength Potion"],[],[],[],[],[],[],[],[],[],[],[],[],[],[],[],[],[],[],[]]}