{"neow_bonuses_skipped_log":["RANDOM_COLORLESS","TEN_PERCENT_HP_BONUS","BOSS_RELIC"],"potions_obtained_entropic_brew":[[],[],[],[],[],[],[],[],[],[],[],[],[],[],[],[]],"neow_costs_skipped_log":["NONE","NONE","NONE"],"gold_per_floor":[111,111,130,144,144,144,189,189,214,229,256,256,275,311,311,311],"floor_reached":16,"playtime":608,"items_purged":[],"score":240,"play_id":"20f9d97d-7526-4a9c-a389-0470c7879079","local_time":"20250613142421","score_breakdown":["Floors Climbed (16): 80","Enemies Slain (5): 10","Exordium Elites Killed (3): 30","Bosses Slain (0): 0","Ascension (20): 120"],"is_ascension_mode":true,"potions_obtained_alchemize":[[],[],[],[],[],[],[],[],[],[],[],[],[],[],[],[]],"campfire_choices":[{"data":"Hemokinesis","floor":6,"key":"SMITH"},{"data":"Brutality","floor":8,"key":"SMITH"},{"data":"Armaments","floor":12,"key":"SMITH"},{"data":"True Grit","floor":15,"key":"SMITH"}],"lesson_learned_per_floor":[[],[],[],[],[],[],[],[],[],[],[],[],[],[],[],[]],"neow_cost":"TEN_PERCENT_HP_LOSS","improvable_cards":{},"seed_source_timestamp":207143048820600,"shop_contents":[],"circlet_count":0,"master_deck":["AscendersBane","Strike_R","Strike_R","Strike_R","Strike_R","Defend_R","Defend_R","Defend_R","Bash","Brutality+1","Anger","Hemokinesis+1","Armaments+1","Flex","Shrug It Off","Cleave","True Grit+1"],"potion_use_per_floor":[[],[],[],[],[],[],["ColorlessPotion"],[],[],[],["FearPotion"],[],[],[],[],["Fire Potion","BloodPotion"]],"relics":["Burning Blood","Nunchaku","Centennial Puzzle","FossilizedHelix","CeramicFish"],"potions_floor_usage":[7,11,16,16],"damage_taken":[{"damage":9,"enemies":"Jaw Worm","floor":1,"turns":3},{"damage":5,"enemies":"Small Slimes","floor":3,"turns":3},{"damage":3,"enemies":"Cultist","floor":4,"turns":2},{"damage":32,"enemies":"3 Sentries","floor":7,"turns":6},{"damage":19,"enemies":"3 Louse","floor":10,"turns":2},{"damage":14,"enemies":"Lagavulin","floor":11,"turns":4},{"damage":3,"enemies":"Blue Slaver","floor":13,"turns":2},{"damage":11,"enemies":"3 Sentries","floor":14,"turns":6},{"damage":35,"enemies":"Slime Boss","floor":16,"turns":6}],"seed_played":"-5166103828383314623","neow_bonus_log":{"cardsObtained":["Brutality","Anger"],"cardsUpgraded":[],"cardsRemoved":[],"cardsTransformed":["Strike_R","Defend_R"],"relicsObtained":[],"maxHpGained":0,"goldGained":0,"damageTaken":0,"goldLost":0,"maxHpLost":7},"potions_obtained":[{"floor":1,"key":"ColorlessPotion"},{"floor":4,"key":"BloodPotion"},{"floor":10,"key":"FearPotion"},{"floor":11,"key":"Fire Potion"}],"is_trial":false,"path_per_floor":["M","?","M","M","?","R","E","R","T","M","E","R","M","E","R","B"],"character_chosen":"IRONCLAD","basemod:card_modifiers":[null,null,null,null,null,null,null,null,null,null,null,null,null,null,null,null,null],"items_purchased":[],"campfire_rested":0,"item_purchase_floors":[],"current_hp_per_floor":[65,70,71,73,69,69,43,43,43,30,22,22,25,20,20,0],"gold":311,"neow_bonus":"TRANSFORM_TWO_CARDS","is_prod":false,"is_daily":false,"rewards_skipped":[],"chose_seed":false,"campfire_upgraded":4,"win_rate":0,"floor_exit_playtime":[75,81,118,145,155,161,269,283,286,323,397,403,444,520,540],"timestamp":1749839061,"path_taken":["M","?","M","M","?","R","E","R","T","M","E","R","?","E","R","BOSS"],"build_version":"2022-12-18","purchased_purges":0,"victory":false,"max_hp_per_floor":[68,73,73,73,73,73,73,73,73,73,73,73,73,73,73,73],"relic_stats":{"Nunchaku":[3],"Centennial Puzzle":[15],"counters":[9,34],"CeramicFish":9,"obtain_stats":[{"Nunchaku":7,"Centennial Puzzle":9,"CeramicFish":14,"Burning Blood":0,"FossilizedHelix":11},{"Nunchaku":4,"Centennial Puzzle":4,"CeramicFish":8,"Burning Blood":0,"FossilizedHelix":6},{"Nunchaku":14,"Centennial Puzzle":14,"CeramicFish":28,"Burning Blood":0,"FossilizedHelix":20}],"Burning Blood":47,"FossilizedHelix":[19]},"card_choices":[{"not_picked":["Dual Wield","Flex","Dropkick"],"picked":"SKIP","floor":1},{"not_picked":["Disarm","Armaments"],"picked":"Hemokinesis","floor":3},{"not_picked":["Wild Strike","Headbutt"],"picked":"Armaments","floor":4},{"not_picked":["Sentinel","Clothesline","Entrench"],"picked":"SKIP","floor":7},{"not_picked":["Warcry","Wild Strike"],"picked":"Flex","floor":10},{"not_picked":["Iron Wave","Flex"],"picked":"Shrug It Off","floor":11},{"not_picked":["Entrench","Sentinel"],"picked":"Cleave","floor":13},{"not_picked":["Flex","Iron Wave"],"picked":"True Grit","floor":14}],"player_experience":2903199,"relics_obtained":[{"floor":7,"key":"Nunchaku"},{"floor":9,"key":"Centennial Puzzle"},{"floor":11,"key":"FossilizedHelix"},{"floor":14,"key":"CeramicFish"}],"event_choices":[{"damage_healed":0,"gold_gain":0,"player_choice":"Donut","damage_taken":0,"max_hp_gain":5,"max_hp_loss":0,"event_name":"Big Fish","floor":2,"gold_loss":0},{"damage_healed":0,"gold_gain":0,"player_choice":"Bought 0 Potions","damage_taken":0,"max_hp_gain":0,"max_hp_loss":0,"event_name":"The Woman in Blue","floor":5,"gold_loss":0}],"is_beta":false,"boss_relics":[],"items_purged_floors":[],"is_endless":false,"potions_floor_spawned":[1,4,10,11],"killed_by":"Slime Boss","ascension_level":20,"potion_discard_per_floor":[[],[],[],[],[],[],[],[],[],[],[],[],[],[],[],[]]}